  <div class='ocr_page' id='page_1' title='image "/cluster/home/n/w/nwhite01/storage/ocr_20150623/55/pst.000005712540/175.png"; bbox 0 0 4070 6428; ppageno 0'>
   <div class='ocr_carea' id='block_1_1' title="bbox 776 407 879 461">
    <p class='ocr_par' dir='ltr' id='par_1_1' title="bbox 776 407 879 461">
     <span class='ocr_line' id='line_1_1' title="bbox 776 407 879 461; baseline 0 0"><span class='ocrx_word' id='word_1_1' title='bbox 776 407 879 461; x_wconf 68' lang='grc'><strong>185</strong></span> 
     </span>
    </p>
   </div>
   <div class='ocr_carea' id='block_1_2' title="bbox 772 502 2348 572">
    <p class='ocr_par' dir='ltr' id='par_1_2' title="bbox 772 502 2348 572">
     <span class='ocr_line' id='line_1_2' title="bbox 772 502 2348 572; baseline -0.01 0"><span class='ocrx_word' id='word_1_2' title='bbox 772 520 825 572; x_wconf 62' lang='lat'><strong>3.</strong></span> <span class='ocrx_word' id='word_1_3' title='bbox 871 516 1123 572; x_wconf 76' lang='lat' dir='ltr'><strong>Eructavit</strong></span> <span class='ocrx_word' id='word_1_4' title='bbox 1163 530 1247 569; x_wconf 86' lang='lat' dir='ltr'><strong>cor</strong></span> <span class='ocrx_word' id='word_1_5' title='bbox 1279 528 1445 566; x_wconf 78' lang='lat' dir='ltr'><strong>meum</strong></span> <span class='ocrx_word' id='word_1_6' title='bbox 1494 511 1693 565; x_wconf 75' lang='lat' dir='ltr'><strong>veritum</strong></span> <span class='ocrx_word' id='word_1_7' title='bbox 1745 510 1946 561; x_wconf 81' lang='lat' dir='ltr'><strong>bonum.</strong></span> <span class='ocrx_word' id='word_1_8' title='bbox 2001 506 2179 567; x_wconf 64' lang='lat' dir='ltr'><strong>Alius,</strong></span> <span class='ocrx_word' id='word_1_9' title='bbox 2204 502 2348 557; x_wconf 85' lang='lat' dir='ltr'><strong>Irre-</strong></span> 
     </span>
    </p>
   </div>
   <div class='ocr_carea' id='block_1_3' title="bbox 914 598 2206 677">
    <p class='ocr_par' dir='ltr' id='par_1_3' title="bbox 914 598 2206 677">
     <span class='ocr_line' id='line_1_3' title="bbox 914 598 2206 677; baseline -0.009 -15"><span class='ocrx_word' id='word_1_10' title='bbox 914 607 1031 677; x_wconf 85' lang='lat' dir='ltr'><strong>psit.</strong></span> <span class='ocrx_word' id='word_1_11' title='bbox 1060 606 1229 669; x_wconf 79' lang='lat' dir='ltr'><strong>Alius,</strong></span> <span class='ocrx_word' id='word_1_12' title='bbox 1263 604 1461 658; x_wconf 73' lang='lat' dir='ltr'><strong>Motum</strong></span> <span class='ocrx_word' id='word_1_13' title='bbox 1488 612 1559 657; x_wconf 83' lang='lat' dir='ltr'><strong>est</strong></span> <span class='ocrx_word' id='word_1_14' title='bbox 1588 618 1676 655; x_wconf 85' lang='lat' dir='ltr'><strong>cor</strong></span> <span class='ocrx_word' id='word_1_15' title='bbox 1704 618 1866 654; x_wconf 83' lang='lat' dir='ltr'><strong>meum</strong></span> <span class='ocrx_word' id='word_1_16' title='bbox 1887 598 2032 653; x_wconf 78' lang='lat' dir='ltr'><strong>acrba</strong></span> <span class='ocrx_word' id='word_1_17' title='bbox 2060 598 2206 652; x_wconf 85' lang='lat' dir='ltr'><strong>bono.</strong></span> 
     </span>
    </p>
   </div>
   <div class='ocr_carea' id='block_1_4' title="bbox 834 719 2350 786">
    <p class='ocr_par' dir='ltr' id='par_1_4' title="bbox 834 719 2350 786">
     <span class='ocr_line' id='line_1_4' title="bbox 834 719 2350 786; baseline -0.009 -10"><span class='ocrx_word' id='word_1_18' title='bbox 834 725 884 776; x_wconf 99' lang='grc'><strong>1.</strong></span> <span class='ocrx_word' id='word_1_19' title='bbox 928 719 1291 776; x_wconf 72' lang='lat' dir='ltr'><strong>Testimonium</strong></span> <span class='ocrx_word' id='word_1_20' title='bbox 1310 719 1631 772; x_wconf 76' lang='lat' dir='ltr'><strong>inimicorum</strong></span> <span class='ocrx_word' id='word_1_21' title='bbox 1660 719 1862 771; x_wconf 82' lang='lat' dir='ltr'><strong>minimc</strong></span> <span class='ocrx_word' id='word_1_22' title='bbox 1882 729 2202 786; x_wconf 82' lang='lat' dir='ltr'><strong>suspectum;</strong></span> <span class='ocrx_word' id='word_1_23' title='bbox 2233 730 2350 766; x_wconf 78' lang='lat' dir='ltr'><strong>crn-</strong></span> 
     </span>
    </p>
   </div>
   <div class='ocr_carea' id='block_1_5' title="bbox 773 808 2351 883">
    <p class='ocr_par' dir='ltr' id='par_1_5' title="bbox 773 808 2351 883">
     <span class='ocr_line' id='line_1_5' title="bbox 773 808 2351 883; baseline -0.004 -20"><span class='ocrx_word' id='word_1_24' title='bbox 773 814 923 867; x_wconf 82' lang='lat' dir='ltr'><strong>c-tatt&#39;o</strong></span> <span class='ocrx_word' id='word_1_25' title='bbox 955 812 1215 883; x_wconf 71' lang='lat' dir='ltr'><strong>prophetia</strong></span> <span class='ocrx_word' id='word_1_26' title='bbox 1237 828 1256 877; x_wconf 86' lang='lat'><em>;</em></span> <span class='ocrx_word' id='word_1_27' title='bbox 1282 810 1528 881; x_wconf 80' lang='lat' dir='ltr'><strong>praplteta</strong></span> <span class='ocrx_word' id='word_1_28' title='bbox 1548 808 1716 874; x_wconf 73' lang='lat' dir='ltr'><strong>differt</strong></span> <span class='ocrx_word' id='word_1_29' title='bbox 1744 820 1867 863; x_wconf 77' lang='lat' dir='ltr'><strong>ante.</strong></span> <span class='ocrx_word' id='word_1_30' title='bbox 1892 838 1964 849; x_wconf 87' lang='lat'><strong>--</strong></span> <span class='ocrx_word' id='word_1_31' title='bbox 1986 808 2184 862; x_wconf 86' lang='lat' dir='ltr'><strong>Vellem</strong></span> <span class='ocrx_word' id='word_1_32' title='bbox 2211 820 2351 859; x_wconf 89' lang='lat' dir='ltr'><strong>nunc</strong></span> 
     </span>
    </p>
   </div>
   <div class='ocr_carea' id='block_1_6' title="bbox 785 895 2357 971">
    <p class='ocr_par' dir='ltr' id='par_1_6' title="bbox 785 895 2357 971">
     <span class='ocr_line' id='line_1_6' title="bbox 785 895 2357 971; baseline -0.003 -17"><span class='ocrx_word' id='word_1_33' title='bbox 785 901 972 957; x_wconf 76' lang='lat' dir='ltr'><strong>adesse</strong></span> <span class='ocrx_word' id='word_1_34' title='bbox 986 900 1415 956; x_wconf 76' lang='lat' dir='ltr'><strong>ou.ncs.luda-os</strong></span> <span class='ocrx_word' id='word_1_35' title='bbox 1444 909 1496 954; x_wconf 89' lang='lat' dir='ltr'><strong>ct</strong></span> <span class='ocrx_word' id='word_1_36' title='bbox 1532 898 1775 971; x_wconf 81' lang='lat' dir='ltr'><strong>gentiles,</strong></span> <span class='ocrx_word' id='word_1_37' title='bbox 1820 911 1871 953; x_wconf 90' lang='lat' dir='ltr'><strong>et</strong></span> <span class='ocrx_word' id='word_1_38' title='bbox 1902 901 2002 953; x_wconf 90' lang='lat' dir='ltr'><strong>hoc</strong></span> <span class='ocrx_word' id='word_1_39' title='bbox 2030 898 2163 952; x_wconf 90' lang='lat' dir='ltr'><strong>libro</strong></span> <span class='ocrx_word' id='word_1_40' title='bbox 2192 912 2220 949; x_wconf 89' lang='lat' dir='ltr'><strong>a</strong></span> <span class='ocrx_word' id='word_1_41' title='bbox 2264 895 2357 950; x_wconf 63' lang='lat' dir='ltr'><strong>luo</strong></span> 
     </span>
    </p>
   </div>
   <div class='ocr_carea' id='block_1_7' title="bbox 790 989 2357 1063">
    <p class='ocr_par' dir='ltr' id='par_1_7' title="bbox 790 989 2357 1063">
     <span class='ocr_line' id='line_1_7' title="bbox 790 989 2357 1063; baseline -0.005 -14"><span class='ocrx_word' id='word_1_42' title='bbox 790 994 925 1051; x_wconf 74' lang='lat' dir='ltr'><strong>dteis</strong></span> <span class='ocrx_word' id='word_1_43' title='bbox 948 1003 1183 1063; x_wconf 72' lang='lat' dir='ltr'><strong>acet-plu,</strong></span> <span class='ocrx_word' id='word_1_44' title='bbox 1214 992 1474 1046; x_wconf 56' lang='lat' dir='ltr'><strong>Paululum</strong></span> <span class='ocrx_word' id='word_1_45' title='bbox 1505 992 1571 1044; x_wconf 81' lang='lat' dir='ltr'><strong>ita</strong></span> <span class='ocrx_word' id='word_1_46' title='bbox 1610 991 1804 1060; x_wconf 80' lang='lat' dir='ltr'><strong>legere.</strong></span> <span class='ocrx_word' id='word_1_47' title='bbox 1831 990 2011 1061; x_wconf 74' lang='lat' dir='ltr'><strong>Neque</strong></span> <span class='ocrx_word' id='word_1_48' title='bbox 2037 991 2177 1044; x_wconf 85' lang='lat' dir='ltr'><strong>enim</strong></span> <span class='ocrx_word' id='word_1_49' title='bbox 2210 989 2357 1058; x_wconf 79' lang='lat' dir='ltr'><strong>igno-</strong></span> 
     </span>
    </p>
   </div>
   <div class='ocr_carea' id='block_1_8' title="bbox 779 1078 2358 1152">
    <p class='ocr_par' dir='ltr' id='par_1_8' title="bbox 779 1078 2358 1152">
     <span class='ocr_line' id='line_1_8' title="bbox 779 1078 2358 1152; baseline -0.005 -14"><span class='ocrx_word' id='word_1_50' title='bbox 779 1084 926 1150; x_wconf 71' lang='lat' dir='ltr'><strong>ratis,</strong></span> <span class='ocrx_word' id='word_1_51' title='bbox 961 1092 1013 1139; x_wconf 91' lang='lat' dir='ltr'><strong>et</strong></span> <span class='ocrx_word' id='word_1_52' title='bbox 1040 1084 1091 1136; x_wconf 90' lang='lat' dir='ltr'><strong>iu</strong></span> <span class='ocrx_word' id='word_1_53' title='bbox 1117 1081 1349 1152; x_wconf 86' lang='lat' dir='ltr'><strong>judiciis,</strong></span> <span class='ocrx_word' id='word_1_54' title='bbox 1385 1090 1437 1136; x_wconf 91' lang='lat' dir='ltr'><strong>ct</strong></span> <span class='ocrx_word' id='word_1_55' title='bbox 1480 1082 1673 1151; x_wconf 87' lang='lat' dir='ltr'><strong>ubique</strong></span> <span class='ocrx_word' id='word_1_56' title='bbox 1700 1089 1823 1135; x_wconf 88' lang='lat' dir='ltr'><strong>tunc</strong></span> <span class='ocrx_word' id='word_1_57' title='bbox 1860 1081 2087 1133; x_wconf 79' lang='lat' dir='ltr'><strong>maxime</strong></span> <span class='ocrx_word' id='word_1_58' title='bbox 2115 1092 2144 1131; x_wconf 87' lang='lat' dir='ltr'><strong>a</strong></span> <span class='ocrx_word' id='word_1_59' title='bbox 2184 1078 2358 1146; x_wconf 71' lang='lat' dir='ltr'><strong>suspi-</strong></span> 
     </span>
    </p>
   </div>
   <div class='ocr_carea' id='block_1_9' title="bbox 768 1167 2352 1240">
    <p class='ocr_par' dir='ltr' id='par_1_9' title="bbox 768 1167 2352 1240">
     <span class='ocr_line' id='line_1_9' title="bbox 768 1167 2352 1240; baseline -0.008 -8"><span class='ocrx_word' id='word_1_60' title='bbox 768 1179 928 1233; x_wconf 87' lang='lat' dir='ltr'><strong>ciuue</strong></span> <span class='ocrx_word' id='word_1_61' title='bbox 969 1186 1229 1232; x_wconf 89' lang='lat' dir='ltr'><strong>remotum</strong></span> <span class='ocrx_word' id='word_1_62' title='bbox 1258 1190 1379 1231; x_wconf 90' lang='lat' dir='ltr'><strong>esse</strong></span> <span class='ocrx_word' id='word_1_63' title='bbox 1426 1188 1604 1229; x_wconf 85' lang='lat' dir='ltr'><strong>rerum</strong></span> <span class='ocrx_word' id='word_1_64' title='bbox 1648 1172 2029 1232; x_wconf 87' lang='lat' dir='ltr'><strong>testimonium.</strong></span> <span class='ocrx_word' id='word_1_65' title='bbox 2062 1169 2274 1240; x_wconf 81' lang='lat' dir='ltr'><strong>quando</strong></span> <span class='ocrx_word' id='word_1_66' title='bbox 2302 1167 2352 1221; x_wconf 93' lang='lat' dir='ltr'><strong>id</strong></span> 
     </span>
    </p>
   </div>
   <div class='ocr_carea' id='block_1_10' title="bbox 769 1263 2351 1337">
    <p class='ocr_par' dir='ltr' id='par_1_10' title="bbox 769 1263 2351 1337">
     <span class='ocr_line' id='line_1_10' title="bbox 769 1263 2351 1337; baseline -0.006 -13"><span class='ocrx_word' id='word_1_67' title='bbox 769 1268 940 1324; x_wconf 77' lang='lat' dir='ltr'><strong>fertur</strong></span> <span class='ocrx_word' id='word_1_68' title='bbox 964 1266 1031 1323; x_wconf 93' lang='lat' dir='ltr'><strong>ab</strong></span> <span class='ocrx_word' id='word_1_69' title='bbox 1062 1268 1303 1323; x_wconf 88' lang='lat' dir='ltr'><strong>inimicis.</strong></span> <span class='ocrx_word' id='word_1_70' title='bbox 1326 1265 1395 1323; x_wconf 78' lang='lat' dir='ltr'><strong>Ut</strong></span> <span class='ocrx_word' id='word_1_71' title='bbox 1424 1265 1529 1321; x_wconf 84' lang='lat' dir='ltr'><strong>hoc</strong></span> <span class='ocrx_word' id='word_1_72' title='bbox 1554 1280 1682 1337; x_wconf 87' lang='lat' dir='ltr'><strong>ergo</strong></span> <span class='ocrx_word' id='word_1_73' title='bbox 1704 1264 1861 1319; x_wconf 88' lang='lat' dir='ltr'><strong>hodie</strong></span> <span class='ocrx_word' id='word_1_74' title='bbox 1888 1279 2097 1335; x_wconf 85' lang='lat' dir='ltr'><strong>quoque</strong></span> <span class='ocrx_word' id='word_1_75' title='bbox 2120 1263 2351 1329; x_wconf 81' lang='lat' dir='ltr'><strong>eveniat,</strong></span> 
     </span>
    </p>
   </div>
   <div class='ocr_carea' id='block_1_11' title="bbox 768 1353 2355 1419">
    <p class='ocr_par' dir='ltr' id='par_1_11' title="bbox 768 1353 2355 1419">
     <span class='ocr_line' id='line_1_11' title="bbox 768 1353 2355 1419; baseline -0.004 -6"><span class='ocrx_word' id='word_1_76' title='bbox 768 1361 1115 1417; x_wconf 87' lang='lat' dir='ltr'><strong>exhibeamus</strong></span> <span class='ocrx_word' id='word_1_77' title='bbox 1164 1358 1523 1414; x_wconf 89' lang='lat' dir='ltr'><strong>testimonium</strong></span> <span class='ocrx_word' id='word_1_78' title='bbox 1559 1368 1630 1412; x_wconf 83' lang='lat' dir='ltr'><strong>ex</strong></span> <span class='ocrx_word' id='word_1_79' title='bbox 1677 1354 1877 1419; x_wconf 67' lang='lat' dir='ltr'><strong>Veteri,</strong></span> <span class='ocrx_word' id='word_1_80' title='bbox 1909 1365 1963 1409; x_wconf 91' lang='lat' dir='ltr'><strong>ut</strong></span> <span class='ocrx_word' id='word_1_81' title='bbox 2005 1365 2061 1409; x_wconf 84' lang='lat' dir='ltr'><strong>et</strong></span> <span class='ocrx_word' id='word_1_82' title='bbox 2104 1353 2270 1408; x_wconf 77' lang='lat' dir='ltr'><strong>Judzni</strong></span> <span class='ocrx_word' id='word_1_83' title='bbox 2300 1362 2355 1408; x_wconf 88' lang='lat' dir='ltr'><strong>et</strong></span> 
     </span>
    </p>
   </div>
   <div class='ocr_carea' id='block_1_12' title="bbox 766 1445 2351 1521">
    <p class='ocr_par' dir='ltr' id='par_1_12' title="bbox 766 1445 2351 1521">
     <span class='ocr_line' id='line_1_12' title="bbox 766 1445 2351 1521; baseline -0.008 -12"><span class='ocrx_word' id='word_1_84' title='bbox 766 1452 993 1521; x_wconf 78' lang='lat' dir='ltr'><strong>gentiles</strong></span> <span class='ocrx_word' id='word_1_85' title='bbox 1034 1451 1235 1521; x_wconf 88' lang='lat' dir='ltr'><strong>pudore</strong></span> <span class='ocrx_word' id='word_1_86' title='bbox 1277 1448 1613 1505; x_wconf 78' lang='lat' dir='ltr'><strong>afﬁciantur:</strong></span> <span class='ocrx_word' id='word_1_87' title='bbox 1642 1446 1808 1503; x_wconf 71' lang='lat' dir='ltr'><strong>Judaei</strong></span> <span class='ocrx_word' id='word_1_88' title='bbox 1840 1446 2065 1517; x_wconf 75' lang='lat' dir='ltr'><strong>quidem</strong></span> <span class='ocrx_word' id='word_1_89' title='bbox 2084 1445 2351 1515; x_wconf 70' lang='lat' dir='ltr'><strong>legentes,</strong></span> 
     </span>
    </p>
   </div>
   <div class='ocr_carea' id='block_1_13' title="bbox 770 1536 2353 1613">
    <p class='ocr_par' dir='ltr' id='par_1_13' title="bbox 770 1536 2353 1613">
     <span class='ocr_line' id='line_1_13' title="bbox 770 1536 2353 1613; baseline -0.004 -14"><span class='ocrx_word' id='word_1_90' title='bbox 770 1555 823 1599; x_wconf 89' lang='lat' dir='ltr'><strong>et</strong></span> <span class='ocrx_word' id='word_1_91' title='bbox 873 1560 978 1598; x_wconf 90' lang='lat' dir='ltr'><strong>non</strong></span> <span class='ocrx_word' id='word_1_92' title='bbox 1030 1542 1423 1613; x_wconf 82' lang='lat' dir='ltr'><strong>intelligentes;</strong></span> <span class='ocrx_word' id='word_1_93' title='bbox 1464 1541 1687 1611; x_wconf 85' lang='lat' dir='ltr'><strong>gentiles</strong></span> <span class='ocrx_word' id='word_1_94' title='bbox 1730 1553 1857 1593; x_wconf 79' lang='lat' dir='ltr'><strong>vero</strong></span> <span class='ocrx_word' id='word_1_95' title='bbox 1896 1538 2137 1594; x_wconf 69' lang='lat' dir='ltr'><strong>ﬁdentes</strong></span> <span class='ocrx_word' id='word_1_96' title='bbox 2189 1536 2353 1592; x_wconf 86' lang='lat' dir='ltr'><strong>libros</strong></span> 
     </span>
    </p>
   </div>
   <div class='ocr_carea' id='block_1_14' title="bbox 763 1632 2353 1707">
    <p class='ocr_par' dir='ltr' id='par_1_14' title="bbox 763 1632 2353 1707">
     <span class='ocr_line' id='line_1_14' title="bbox 763 1632 2353 1707; baseline -0.004 -15"><span class='ocrx_word' id='word_1_97' title='bbox 763 1638 923 1693; x_wconf 84' lang='lat' dir='ltr'><strong>uobis</strong></span> <span class='ocrx_word' id='word_1_98' title='bbox 948 1637 1126 1707; x_wconf 82' lang='lat' dir='ltr'><strong>oil&#39;erri</strong></span> <span class='ocrx_word' id='word_1_99' title='bbox 1154 1636 1222 1691; x_wconf 90' lang='lat' dir='ltr'><strong>ab</strong></span> <span class='ocrx_word' id='word_1_100' title='bbox 1264 1635 1510 1690; x_wconf 90' lang='lat' dir='ltr'><strong>inimicis.</strong></span> <span class='ocrx_word' id='word_1_101' title='bbox 1558 1632 1742 1703; x_wconf 60' lang='lat' dir='ltr'><strong>Neque</strong></span> <span class='ocrx_word' id='word_1_102' title='bbox 1768 1633 1909 1687; x_wconf 87' lang='lat' dir='ltr'><strong>enim</strong></span> <span class='ocrx_word' id='word_1_103' title='bbox 1938 1639 2189 1699; x_wconf 83' lang='lat' dir='ltr'><strong>poterunt</strong></span> <span class='ocrx_word' id='word_1_104' title='bbox 2234 1646 2295 1684; x_wconf 82' lang='lat' dir='ltr'><strong>ea</strong></span> <span class='ocrx_word' id='word_1_105' title='bbox 2320 1645 2353 1686; x_wconf 79' lang='lat' dir='ltr'><strong>a</strong></span> 
     </span>
    </p>
   </div>
   <div class='ocr_carea' id='block_1_15' title="bbox 766 1721 2352 1790">
    <p class='ocr_par' dir='ltr' id='par_1_15' title="bbox 766 1721 2352 1790">
     <span class='ocr_line' id='line_1_15' title="bbox 766 1721 2352 1790; baseline -0.006 -5"><span class='ocrx_word' id='word_1_106' title='bbox 766 1730 923 1786; x_wconf 75' lang='lat' dir='ltr'><strong>tiobis</strong></span> <span class='ocrx_word' id='word_1_107' title='bbox 964 1744 1087 1785; x_wconf 85' lang='lat' dir='ltr'><strong>esse</strong></span> <span class='ocrx_word' id='word_1_108' title='bbox 1133 1726 1355 1783; x_wconf 87' lang='lat' dir='ltr'><strong>conlicta</strong></span> <span class='ocrx_word' id='word_1_109' title='bbox 1401 1726 1604 1790; x_wconf 89' lang='lat' dir='ltr'><strong>dicere,</strong></span> <span class='ocrx_word' id='word_1_110' title='bbox 1647 1740 1767 1778; x_wconf 90' lang='lat' dir='ltr'><strong>cum</strong></span> <span class='ocrx_word' id='word_1_111' title='bbox 1814 1738 1919 1777; x_wconf 88' lang='lat' dir='ltr'><strong>non</strong></span> <span class='ocrx_word' id='word_1_112' title='bbox 1969 1737 2085 1787; x_wconf 90' lang='lat' dir='ltr'><strong>nos,</strong></span> <span class='ocrx_word' id='word_1_113' title='bbox 2133 1721 2226 1777; x_wconf 88' lang='lat' dir='ltr'><strong>sed</strong></span> <span class='ocrx_word' id='word_1_114' title='bbox 2263 1721 2352 1787; x_wconf 87' lang='lat' dir='ltr'><strong>qui</strong></span> 
     </span>
    </p>
   </div>
   <div class='ocr_carea' id='block_1_16' title="bbox 766 1813 2349 1884">
    <p class='ocr_par' dir='ltr' id='par_1_16' title="bbox 766 1813 2349 1884">
     <span class='ocr_line' id='line_1_16' title="bbox 766 1813 2349 1884; baseline -0.004 -10"><span class='ocrx_word' id='word_1_115' title='bbox 766 1819 1034 1876; x_wconf 79' lang='lat' dir='ltr'><strong>Christum</strong></span> <span class='ocrx_word' id='word_1_116' title='bbox 1075 1818 1467 1883; x_wconf 86' lang='lat' dir='ltr'><strong>crucillxerunt,</strong></span> <span class='ocrx_word' id='word_1_117' title='bbox 1515 1816 1679 1871; x_wconf 87' lang='lat' dir='ltr'><strong>libros</strong></span> <span class='ocrx_word' id='word_1_118' title='bbox 1730 1816 1883 1870; x_wconf 80' lang='lat' dir='ltr'><strong>nobis</strong></span> <span class='ocrx_word' id='word_1_119' title='bbox 1927 1814 2217 1883; x_wconf 65' lang='lat' dir='ltr'><strong>prwbeant,</strong></span> <span class='ocrx_word' id='word_1_120' title='bbox 2254 1813 2349 1884; x_wconf 86' lang='lat' dir='ltr'><strong>qui</strong></span> 
     </span>
    </p>
   </div>
   <div class='ocr_carea' id='block_1_17' title="bbox 766 1903 2355 1982">
    <p class='ocr_par' dir='ltr' id='par_1_17' title="bbox 766 1903 2355 1982">
     <span class='ocr_line' id='line_1_17' title="bbox 766 1903 2355 1982; baseline -0.005 -15"><span class='ocrx_word' id='word_1_121' title='bbox 766 1914 837 1969; x_wconf 91' lang='lat' dir='ltr'><strong>de</strong></span> <span class='ocrx_word' id='word_1_122' title='bbox 875 1913 990 1982; x_wconf 73' lang='lat' dir='ltr'><strong>ejus</strong></span> <span class='ocrx_word' id='word_1_123' title='bbox 1038 1920 1294 1979; x_wconf 74' lang='lat' dir='ltr'><strong>potestate</strong></span> <span class='ocrx_word' id='word_1_124' title='bbox 1334 1910 1636 1978; x_wconf 88' lang='lat' dir='ltr'><strong>loquuntur.</strong></span> <span class='ocrx_word' id='word_1_125' title='bbox 1682 1905 1787 1962; x_wconf 88' lang='lat' dir='ltr'><strong>Sed</strong></span> <span class='ocrx_word' id='word_1_126' title='bbox 1836 1906 1946 1960; x_wconf 82' lang='lat' dir='ltr'><strong>sive</strong></span> <span class='ocrx_word' id='word_1_127' title='bbox 1985 1904 2197 1969; x_wconf 61' lang='lat' dir='ltr'><strong>adsunt,</strong></span> <span class='ocrx_word' id='word_1_128' title='bbox 2242 1903 2355 1959; x_wconf 76' lang='lat' dir='ltr'><strong>sive</strong></span> 
     </span>
    </p>
   </div>
   <div class='ocr_carea' id='block_1_18' title="bbox 766 1995 2353 2067">
    <p class='ocr_par' dir='ltr' id='par_1_18' title="bbox 766 1995 2353 2067">
     <span class='ocr_line' id='line_1_18' title="bbox 766 1995 2353 2067; baseline -0.005 -10"><span class='ocrx_word' id='word_1_129' title='bbox 766 2019 897 2065; x_wconf 83' lang='lat' dir='ltr'><strong>mut,</strong></span> <span class='ocrx_word' id='word_1_130' title='bbox 927 2017 1024 2056; x_wconf 87' lang='lat' dir='ltr'><strong>nos</strong></span> <span class='ocrx_word' id='word_1_131' title='bbox 1050 2010 1235 2055; x_wconf 82' lang='lat' dir='ltr'><strong>nostro</strong></span> <span class='ocrx_word' id='word_1_132' title='bbox 1255 1997 1431 2053; x_wconf 61' lang='lat' dir='ltr'><strong>obicio</strong></span> <span class='ocrx_word' id='word_1_133' title='bbox 1461 1998 1759 2067; x_wconf 60' lang='lat' dir='ltr'><strong>alligantur,</strong></span> <span class='ocrx_word' id='word_1_134' title='bbox 1788 2006 1842 2052; x_wconf 89' lang='lat' dir='ltr'><strong>et</strong></span> <span class='ocrx_word' id='word_1_135' title='bbox 1871 1997 2241 2067; x_wconf 78' lang='lat' dir='ltr'><strong>aggrediamur</strong></span> <span class='ocrx_word' id='word_1_136' title='bbox 2266 1995 2353 2050; x_wconf 86' lang='lat' dir='ltr'><strong>iu-</strong></span> 
     </span>
    </p>
   </div>
   <div class='ocr_carea' id='block_1_19' title="bbox 769 2086 2352 2161">
    <p class='ocr_par' dir='ltr' id='par_1_19' title="bbox 769 2086 2352 2161">
     <span class='ocr_line' id='line_1_19' title="bbox 769 2086 2352 2161; baseline -0.006 -13"><span class='ocrx_word' id='word_1_137' title='bbox 769 2090 1227 2161; x_wconf 84' lang='lat' dir='ltr'><strong>terpretationetn.</strong></span> <span class='ocrx_word' id='word_1_138' title='bbox 1260 2088 1354 2142; x_wconf 91' lang='lat' dir='ltr'><strong>llic</strong></span> <span class='ocrx_word' id='word_1_139' title='bbox 1393 2088 1534 2142; x_wconf 85' lang='lat' dir='ltr'><strong>enim</strong></span> <span class='ocrx_word' id='word_1_140' title='bbox 1582 2087 1821 2141; x_wconf 75' lang='lat' dir='ltr'><strong>l’salmus</strong></span> <span class='ocrx_word' id='word_1_141' title='bbox 1861 2088 1911 2140; x_wconf 90' lang='lat' dir='ltr'><strong>in</strong></span> <span class='ocrx_word' id='word_1_142' title='bbox 1955 2086 2225 2141; x_wconf 79' lang='lat' dir='ltr'><strong>Christum</strong></span> <span class='ocrx_word' id='word_1_143' title='bbox 2269 2097 2352 2141; x_wconf 90' lang='lat' dir='ltr'><strong>est</strong></span> 
     </span>
    </p>
   </div>
   <div class='ocr_carea' id='block_1_20' title="bbox 769 2175 2350 2253">
    <p class='ocr_par' dir='ltr' id='par_1_20' title="bbox 769 2175 2350 2253">
     <span class='ocr_line' id='line_1_20' title="bbox 769 2175 2350 2253; baseline -0.006 -15"><span class='ocrx_word' id='word_1_144' title='bbox 769 2182 1077 2253; x_wconf 81' lang='lat' dir='ltr'><strong>inscriptus,</strong></span> <span class='ocrx_word' id='word_1_145' title='bbox 1106 2188 1161 2237; x_wconf 90' lang='lat' dir='ltr'><strong>ct</strong></span> <span class='ocrx_word' id='word_1_146' title='bbox 1187 2179 1308 2235; x_wconf 90' lang='lat' dir='ltr'><strong>ideo</strong></span> <span class='ocrx_word' id='word_1_147' title='bbox 1336 2178 1495 2235; x_wconf 86' lang='lat' dir='ltr'><strong>habet</strong></span> <span class='ocrx_word' id='word_1_148' title='bbox 1524 2178 1947 2247; x_wconf 79' lang='lat' dir='ltr'><strong>inscriptionem,</strong></span> <span class='ocrx_word' id='word_1_149' title='bbox 1980 2175 2064 2232; x_wconf 79' lang='lat' dir='ltr'><strong>In&#39;</strong></span> <span class='ocrx_word' id='word_1_150' title='bbox 2087 2178 2350 2242; x_wconf 73' lang='lat' dir='ltr'><strong>dilectum,</strong></span> 
     </span>
    </p>
   </div>
   <div class='ocr_carea' id='block_1_21' title="bbox 765 2269 2350 2343">
    <p class='ocr_par' dir='ltr' id='par_1_21' title="bbox 765 2269 2350 2343">
     <span class='ocr_line' id='line_1_21' title="bbox 765 2269 2350 2343; baseline -0.004 -14"><span class='ocrx_word' id='word_1_151' title='bbox 765 2284 843 2341; x_wconf 84' lang='lat' dir='ltr'><strong>et,</strong></span> <span class='ocrx_word' id='word_1_152' title='bbox 875 2272 982 2329; x_wconf 85' lang='lat' dir='ltr'><strong>Pro</strong></span> <span class='ocrx_word' id='word_1_153' title='bbox 1004 2273 1067 2328; x_wconf 88' lang='lat' dir='ltr'><strong>iis</strong></span> <span class='ocrx_word' id='word_1_154' title='bbox 1093 2272 1180 2343; x_wconf 81' lang='lat' dir='ltr'><strong>qui</strong></span> <span class='ocrx_word' id='word_1_155' title='bbox 1198 2270 1660 2326; x_wconf 77' lang='lat' dir='ltr'><strong>committebantur.</strong></span> <span class='ocrx_word' id='word_1_156' title='bbox 1686 2270 1736 2326; x_wconf 85' lang='lat' dir='ltr'><strong>ls</strong></span> <span class='ocrx_word' id='word_1_157' title='bbox 1760 2270 1902 2325; x_wconf 87' lang='lat' dir='ltr'><strong>enim</strong></span> <span class='ocrx_word' id='word_1_158' title='bbox 1926 2269 2080 2324; x_wconf 90' lang='lat' dir='ltr'><strong>nobis</strong></span> <span class='ocrx_word' id='word_1_159' title='bbox 2106 2283 2350 2340; x_wconf 84' lang='lat' dir='ltr'><strong>magnam</strong></span> 
     </span>
    </p>
   </div>
   <div class='ocr_carea' id='block_1_22' title="bbox 769 2360 2352 2435">
    <p class='ocr_par' dir='ltr' id='par_1_22' title="bbox 769 2360 2352 2435">
     <span class='ocr_line' id='line_1_22' title="bbox 769 2360 2352 2435; baseline -0.004 -13"><span class='ocrx_word' id='word_1_160' title='bbox 769 2367 894 2423; x_wconf 73' lang='lat' dir='ltr'><strong>fecit</strong></span> <span class='ocrx_word' id='word_1_161' title='bbox 922 2366 1294 2432; x_wconf 76' lang='lat' dir='ltr'><strong>mutationem,</strong></span> <span class='ocrx_word' id='word_1_162' title='bbox 1323 2378 1607 2435; x_wconf 82' lang='lat' dir='ltr'><strong>rerumque</strong></span> <span class='ocrx_word' id='word_1_163' title='bbox 1629 2364 2031 2420; x_wconf 76' lang='lat' dir='ltr'><strong>conversionem</strong></span> <span class='ocrx_word' id='word_1_164' title='bbox 2071 2377 2135 2417; x_wconf 87' lang='lat' dir='ltr'><strong>ac</strong></span> <span class='ocrx_word' id='word_1_165' title='bbox 2168 2360 2352 2417; x_wconf 87' lang='lat' dir='ltr'><strong>trado-</strong></span> 
     </span>
    </p>
   </div>
   <div class='ocr_carea' id='block_1_23' title="bbox 767 2452 2354 2525">
    <p class='ocr_par' dir='ltr' id='par_1_23' title="bbox 767 2452 2354 2525">
     <span class='ocr_line' id='line_1_23' title="bbox 767 2452 2354 2525; baseline -0.003 -13"><span class='ocrx_word' id='word_1_166' title='bbox 767 2458 1024 2514; x_wconf 87' lang='lat' dir='ltr'><strong>ctionem.</strong></span> <span class='ocrx_word' id='word_1_167' title='bbox 1056 2457 1199 2512; x_wconf 87' lang='lat' dir='ltr'><strong>ilanc</strong></span> <span class='ocrx_word' id='word_1_168' title='bbox 1226 2457 1574 2512; x_wconf 83' lang='lat' dir='ltr'><strong>mutationem</strong></span> <span class='ocrx_word' id='word_1_169' title='bbox 1596 2456 1900 2525; x_wconf 75' lang='lat' dir='ltr'><strong>signiﬁcans</strong></span> <span class='ocrx_word' id='word_1_170' title='bbox 1923 2468 2135 2525; x_wconf 86' lang='lat' dir='ltr'><strong>quoque</strong></span> <span class='ocrx_word' id='word_1_171' title='bbox 2160 2452 2354 2509; x_wconf 84' lang='lat' dir='ltr'><strong>Paulus</strong></span> 
     </span>
    </p>
   </div>
   <div class='ocr_carea' id='block_1_24' title="bbox 764 2542 2365 2622">
    <p class='ocr_par' dir='ltr' id='par_1_24' title="bbox 764 2542 2365 2622">
     <span class='ocr_line' id='line_1_24' title="bbox 764 2542 2365 2622; baseline -0.005 -19"><span class='ocrx_word' id='word_1_172' title='bbox 764 2547 981 2604; x_wconf 75' lang='lat' dir='ltr'><strong>diccbat</strong></span> <span class='ocrx_word' id='word_1_173' title='bbox 999 2546 1204 2612; x_wconf 55' lang='lat' dir='ltr'><strong>cauare</strong></span> <span class='ocrx_word' id='word_1_174' title='bbox 1217 2548 1262 2603; x_wconf 91' lang='lat' dir='ltr'><strong>si</strong></span> <span class='ocrx_word' id='word_1_175' title='bbox 1272 2564 1371 2617; x_wconf 84' lang='lat' dir='ltr'><strong>qua</strong></span> <span class='ocrx_word' id='word_1_176' title='bbox 1386 2548 1440 2601; x_wconf 86' lang='lat' dir='ltr'><strong>in</strong></span> <span class='ocrx_word' id='word_1_177' title='bbox 1459 2546 1660 2603; x_wconf 76' lang='lat' dir='ltr'><strong>Christo</strong></span> <span class='ocrx_word' id='word_1_178' title='bbox 1676 2560 1805 2600; x_wconf 82' lang='lat' dir='ltr'><strong>nova</strong></span> <span class='ocrx_word' id='word_1_179' title='bbox 1819 2553 2051 2599; x_wconf 77' lang='lat' dir='ltr'><strong>creatura</strong></span> <span class='ocrx_word' id='word_1_180' title='bbox 2068 2543 2143 2615; x_wconf 68' lang='grc'><strong>(2.</strong></span> <span class='ocrx_word' id='word_1_181' title='bbox 2163 2542 2277 2599; x_wconf 85' lang='lat' dir='ltr'><strong>Cor.</strong></span> <span class='ocrx_word' id='word_1_182' title='bbox 2295 2543 2365 2622; x_wconf 75' lang='grc' dir='ltr'><strong>ὅ.Ι</strong></span> 
     </span>
    </p>
   </div>
   <div class='ocr_carea' id='block_1_25' title="bbox 766 2637 2350 2711">
    <p class='ocr_par' dir='ltr' id='par_1_25' title="bbox 766 2637 2350 2711">
     <span class='ocr_line' id='line_1_25' title="bbox 766 2637 2350 2711; baseline -0.005 -16"><span class='ocrx_word' id='word_1_183' title='bbox 766 2642 883 2711; x_wconf 71' lang='grc' dir='ltr'><strong>Π).</strong></span> <span class='ocrx_word' id='word_1_184' title='bbox 914 2640 985 2696; x_wconf 85' lang='lat' dir='ltr'><strong>Et</strong></span> <span class='ocrx_word' id='word_1_185' title='bbox 1021 2639 1141 2697; x_wconf 90' lang='lat' dir='ltr'><strong>ideo</strong></span> <span class='ocrx_word' id='word_1_186' title='bbox 1168 2655 1275 2695; x_wconf 81' lang='lat' dir='ltr'><strong>non</strong></span> <span class='ocrx_word' id='word_1_187' title='bbox 1301 2640 1430 2695; x_wconf 86' lang='lat' dir='ltr'><strong>dicit</strong></span> <span class='ocrx_word' id='word_1_188' title='bbox 1467 2640 1519 2694; x_wconf 90' lang='lat' dir='ltr'><strong>in</strong></span> <span class='ocrx_word' id='word_1_189' title='bbox 1551 2638 1831 2709; x_wconf 84' lang='lat' dir='ltr'><strong>principio,</strong></span> <span class='ocrx_word' id='word_1_190' title='bbox 1862 2637 2002 2691; x_wconf 76' lang='lat' dir='ltr'><strong>Dixit</strong></span> <span class='ocrx_word' id='word_1_191' title='bbox 2030 2651 2127 2691; x_wconf 88' lang='lat' dir='ltr'><strong>cor</strong></span> <span class='ocrx_word' id='word_1_192' title='bbox 2151 2649 2350 2692; x_wconf 86' lang='lat' dir='ltr'><strong>meum.</strong></span> 
     </span>
    </p>
   </div>
   <div class='ocr_carea' id='block_1_26' title="bbox 762 2724 2351 2801">
    <p class='ocr_par' dir='ltr' id='par_1_26' title="bbox 762 2724 2351 2801">
     <span class='ocr_line' id='line_1_26' title="bbox 762 2724 2351 2801; baseline -0.003 -17"><span class='ocrx_word' id='word_1_193' title='bbox 762 2730 1032 2799; x_wconf 81' lang='lat' dir='ltr'><strong>Quoniam</strong></span> <span class='ocrx_word' id='word_1_194' title='bbox 1063 2730 1205 2785; x_wconf 90' lang='lat' dir='ltr'><strong>enim</strong></span> <span class='ocrx_word' id='word_1_195' title='bbox 1233 2744 1418 2785; x_wconf 87' lang='lat' dir='ltr'><strong>eorum</strong></span> <span class='ocrx_word' id='word_1_196' title='bbox 1440 2743 1560 2801; x_wconf 66' lang='lat' dir='ltr'><strong>quae</strong></span> <span class='ocrx_word' id='word_1_197' title='bbox 1597 2727 1911 2784; x_wconf 81' lang='lat' dir='ltr'><strong>dicebantur</strong></span> <span class='ocrx_word' id='word_1_198' title='bbox 1940 2726 2069 2782; x_wconf 82' lang='lat' dir='ltr'><strong>nihil</strong></span> <span class='ocrx_word' id='word_1_199' title='bbox 2100 2734 2215 2782; x_wconf 83' lang='lat' dir='ltr'><strong>erat</strong></span> <span class='ocrx_word' id='word_1_200' title='bbox 2246 2724 2351 2780; x_wconf 87' lang='lat' dir='ltr'><strong>bu-</strong></span> 
     </span>
    </p>
   </div>
   <div class='ocr_carea' id='block_1_27' title="bbox 758 2819 2347 2891">
    <p class='ocr_par' dir='ltr' id='par_1_27' title="bbox 758 2819 2347 2891">
     <span class='ocr_line' id='line_1_27' title="bbox 758 2819 2347 2891; baseline -0.003 -16"><span class='ocrx_word' id='word_1_201' title='bbox 758 2835 1008 2884; x_wconf 57' lang='lat' dir='ltr'><strong>unanum,</strong></span> <span class='ocrx_word' id='word_1_202' title='bbox 1052 2819 1148 2875; x_wconf 89' lang='lat' dir='ltr'><strong>sed</strong></span> <span class='ocrx_word' id='word_1_203' title='bbox 1178 2819 1407 2875; x_wconf 64' lang='lat' dir='ltr'><strong>caelestia</strong></span> <span class='ocrx_word' id='word_1_204' title='bbox 1438 2834 1501 2874; x_wconf 85' lang='lat' dir='ltr'><strong>ac</strong></span> <span class='ocrx_word' id='word_1_205' title='bbox 1528 2819 1822 2891; x_wconf 84' lang='lat' dir='ltr'><strong>spiritualia</strong></span> <span class='ocrx_word' id='word_1_206' title='bbox 1865 2826 1981 2873; x_wconf 89' lang='lat' dir='ltr'><strong>erat</strong></span> <span class='ocrx_word' id='word_1_207' title='bbox 2010 2827 2347 2881; x_wconf 78' lang='lat' dir='ltr'><strong>narraturus,</strong></span> 
     </span>
    </p>
   </div>
   <div class='ocr_carea' id='block_1_28' title="bbox 761 2908 2355 2982">
    <p class='ocr_par' dir='ltr' id='par_1_28' title="bbox 761 2908 2355 2982">
     <span class='ocr_line' id='line_1_28' title="bbox 761 2908 2355 2982; baseline -0.003 -15"><span class='ocrx_word' id='word_1_208' title='bbox 761 2927 938 2981; x_wconf 72' lang='lat' dir='ltr'><strong>caque</strong></span> <span class='ocrx_word' id='word_1_209' title='bbox 974 2926 1078 2967; x_wconf 89' lang='lat' dir='ltr'><strong>non</strong></span> <span class='ocrx_word' id='word_1_210' title='bbox 1107 2927 1171 2967; x_wconf 85' lang='lat' dir='ltr'><strong>ex</strong></span> <span class='ocrx_word' id='word_1_211' title='bbox 1206 2908 1419 2982; x_wconf 81' lang='lat' dir='ltr'><strong>propria</strong></span> <span class='ocrx_word' id='word_1_212' title='bbox 1445 2912 1770 2977; x_wconf 82' lang='lat' dir='ltr'><strong>inventione,</strong></span> <span class='ocrx_word' id='word_1_213' title='bbox 1796 2910 1892 2967; x_wconf 87' lang='lat' dir='ltr'><strong>sed</strong></span> <span class='ocrx_word' id='word_1_214' title='bbox 1924 2926 1987 2965; x_wconf 87' lang='lat' dir='ltr'><strong>ex</strong></span> <span class='ocrx_word' id='word_1_215' title='bbox 2015 2909 2192 2965; x_wconf 71' lang='lat' dir='ltr'><strong>divina</strong></span> <span class='ocrx_word' id='word_1_216' title='bbox 2220 2924 2355 2979; x_wconf 87' lang='lat' dir='ltr'><strong>ope-</strong></span> 
     </span>
    </p>
   </div>
   <div class='ocr_carea' id='block_1_29' title="bbox 764 3000 2353 3072">
    <p class='ocr_par' dir='ltr' id='par_1_29' title="bbox 764 3000 2353 3072">
     <span class='ocr_line' id='line_1_29' title="bbox 764 3000 2353 3072; baseline -0.003 -12"><span class='ocrx_word' id='word_1_217' title='bbox 764 3007 1014 3071; x_wconf 85' lang='lat' dir='ltr'><strong>ratione,-</strong></span> <span class='ocrx_word' id='word_1_218' title='bbox 1042 3004 1391 3060; x_wconf 75' lang='lat' dir='ltr'><strong>eructationis</strong></span> <span class='ocrx_word' id='word_1_219' title='bbox 1435 3003 1652 3058; x_wconf 85' lang='lat' dir='ltr'><strong>nomine</strong></span> <span class='ocrx_word' id='word_1_220' title='bbox 1680 3002 1783 3058; x_wconf 83' lang='lat' dir='ltr'><strong>hoc</strong></span> <span class='ocrx_word' id='word_1_221' title='bbox 1810 3002 2091 3072; x_wconf 75' lang='lat' dir='ltr'><strong>signiticet.</strong></span> <span class='ocrx_word' id='word_1_222' title='bbox 2125 3000 2353 3056; x_wconf 86' lang='lat' dir='ltr'><strong>Eructa-</strong></span> 
     </span>
    </p>
   </div>
   <div class='ocr_carea' id='block_1_30' title="bbox 775 3093 2349 3166">
    <p class='ocr_par' dir='ltr' id='par_1_30' title="bbox 775 3093 2349 3166">
     <span class='ocr_line' id='line_1_30' title="bbox 775 3093 2349 3166; baseline -0.003 -16"><span class='ocrx_word' id='word_1_223' title='bbox 775 3111 891 3153; x_wconf 86' lang='lat' dir='ltr'><strong>mus</strong></span> <span class='ocrx_word' id='word_1_224' title='bbox 911 3096 1053 3152; x_wconf 89' lang='lat' dir='ltr'><strong>enim</strong></span> <span class='ocrx_word' id='word_1_225' title='bbox 1073 3110 1187 3151; x_wconf 86' lang='lat' dir='ltr'><strong>non</strong></span> <span class='ocrx_word' id='word_1_226' title='bbox 1217 3093 1433 3166; x_wconf 82' lang='lat' dir='ltr'><strong>quando</strong></span> <span class='ocrx_word' id='word_1_227' title='bbox 1461 3094 1729 3161; x_wconf 82' lang='lat' dir='ltr'><strong>volumus,</strong></span> <span class='ocrx_word' id='word_1_228' title='bbox 1752 3093 1845 3149; x_wconf 88' lang='lat' dir='ltr'><strong>sed</strong></span> <span class='ocrx_word' id='word_1_229' title='bbox 1876 3093 2015 3150; x_wconf 75' lang='lat' dir='ltr'><strong>hunc</strong></span> <span class='ocrx_word' id='word_1_230' title='bbox 2040 3106 2349 3148; x_wconf 86' lang='lat' dir='ltr'><strong>sermonem</strong></span> 
     </span>
    </p>
   </div>
   <div class='ocr_carea' id='block_1_31' title="bbox 772 3185 2357 3259">
    <p class='ocr_par' dir='ltr' id='par_1_31' title="bbox 772 3185 2357 3259">
     <span class='ocr_line' id='line_1_31' title="bbox 772 3185 2357 3259; baseline -0.003 -16"><span class='ocrx_word' id='word_1_231' title='bbox 772 3187 1032 3244; x_wconf 79' lang='lat' dir='ltr'><strong>habemus</strong></span> <span class='ocrx_word' id='word_1_232' title='bbox 1068 3186 1281 3259; x_wconf 86' lang='lat' dir='ltr'><strong>quando</strong></span> <span class='ocrx_word' id='word_1_233' title='bbox 1316 3187 1588 3249; x_wconf 61' lang='lat' dir='ltr'><strong>volumus.</strong></span> <span class='ocrx_word' id='word_1_234' title='bbox 1635 3201 1867 3257; x_wconf 85' lang='lat' dir='ltr'><strong>eumque</strong></span> <span class='ocrx_word' id='word_1_235' title='bbox 1909 3193 1965 3240; x_wconf 89' lang='lat' dir='ltr'><strong>ct</strong></span> <span class='ocrx_word' id='word_1_236' title='bbox 2010 3185 2257 3251; x_wconf 85' lang='lat' dir='ltr'><strong>dicimus,</strong></span> <span class='ocrx_word' id='word_1_237' title='bbox 2299 3190 2357 3240; x_wconf 77' lang='lat' dir='ltr'><strong>et</strong></span> 
     </span>
    </p>
   </div>
   <div class='ocr_carea' id='block_1_32' title="bbox 772 3273 2359 3349">
    <p class='ocr_par' dir='ltr' id='par_1_32' title="bbox 772 3273 2359 3349">
     <span class='ocr_line' id='line_1_32' title="bbox 772 3273 2359 3349; baseline -0.002 -17"><span class='ocrx_word' id='word_1_238' title='bbox 772 3278 1112 3349; x_wconf 82' lang='lat' dir='ltr'><strong>rcprimimus</strong></span> <span class='ocrx_word' id='word_1_239' title='bbox 1138 3294 1153 3331; x_wconf 86' lang='lat'><strong>:</strong></span> <span class='ocrx_word' id='word_1_240' title='bbox 1183 3276 1564 3333; x_wconf 81' lang='lat' dir='ltr'><strong>cructationem</strong></span> <span class='ocrx_word' id='word_1_241' title='bbox 1584 3284 1761 3331; x_wconf 90' lang='lat' dir='ltr'><strong>autem</strong></span> <span class='ocrx_word' id='word_1_242' title='bbox 1791 3291 1896 3331; x_wconf 91' lang='lat' dir='ltr'><strong>non</strong></span> <span class='ocrx_word' id='word_1_243' title='bbox 1927 3276 2127 3331; x_wconf 91' lang='lat' dir='ltr'><strong>itidem.</strong></span> <span class='ocrx_word' id='word_1_244' title='bbox 2155 3273 2359 3331; x_wconf 81' lang='lat' dir='ltr'><strong>Osten-</strong></span> 
     </span>
    </p>
   </div>
   <div class='ocr_carea' id='block_1_33' title="bbox 760 3365 2351 3439">
    <p class='ocr_par' dir='ltr' id='par_1_33' title="bbox 760 3365 2351 3439">
     <span class='ocr_line' id='line_1_33' title="bbox 760 3365 2351 3439; baseline -0.003 -15"><span class='ocrx_word' id='word_1_245' title='bbox 760 3370 904 3427; x_wconf 79' lang='lat' dir='ltr'><strong>deus</strong></span> <span class='ocrx_word' id='word_1_246' title='bbox 955 3370 1131 3439; x_wconf 81' lang='lat' dir='ltr'><strong>itaque</strong></span> <span class='ocrx_word' id='word_1_247' title='bbox 1166 3384 1285 3439; x_wconf 70' lang='lat' dir='ltr'><strong>qutc</strong></span> <span class='ocrx_word' id='word_1_248' title='bbox 1313 3367 1559 3422; x_wconf 91' lang='lat' dir='ltr'><strong>dicuntur</strong></span> <span class='ocrx_word' id='word_1_249' title='bbox 1599 3383 1704 3422; x_wconf 92' lang='lat' dir='ltr'><strong>non</strong></span> <span class='ocrx_word' id='word_1_250' title='bbox 1754 3382 1873 3423; x_wconf 90' lang='lat' dir='ltr'><strong>esse</strong></span> <span class='ocrx_word' id='word_1_251' title='bbox 1907 3366 2122 3422; x_wconf 88' lang='lat' dir='ltr'><strong>humani</strong></span> <span class='ocrx_word' id='word_1_252' title='bbox 2169 3365 2351 3430; x_wconf 78' lang='lat' dir='ltr'><strong>studii,</strong></span> 
     </span>
    </p>
   </div>
   <div class='ocr_carea' id='block_1_34' title="bbox 775 3457 2355 3529">
    <p class='ocr_par' dir='ltr' id='par_1_34' title="bbox 775 3457 2355 3529">
     <span class='ocr_line' id='line_1_34' title="bbox 775 3457 2355 3529; baseline -0.003 -13"><span class='ocrx_word' id='word_1_253' title='bbox 775 3461 871 3517; x_wconf 89' lang='lat' dir='ltr'><strong>sed</strong></span> <span class='ocrx_word' id='word_1_254' title='bbox 899 3460 1097 3515; x_wconf 78' lang='lat' dir='ltr'><strong>divina:</strong></span> <span class='ocrx_word' id='word_1_255' title='bbox 1127 3457 1505 3529; x_wconf 86' lang='lat' dir='ltr'><strong>inspirationis,-</strong></span> <span class='ocrx_word' id='word_1_256' title='bbox 1537 3474 1654 3529; x_wconf 69' lang='lat' dir='ltr'><strong>qure</strong></span> <span class='ocrx_word' id='word_1_257' title='bbox 1682 3473 1803 3513; x_wconf 89' lang='lat' dir='ltr'><strong>eum</strong></span> <span class='ocrx_word' id='word_1_258' title='bbox 1835 3459 2105 3523; x_wconf 85' lang='lat' dir='ltr'><strong>incitabat,</strong></span> <span class='ocrx_word' id='word_1_259' title='bbox 2141 3466 2355 3512; x_wconf 86' lang='lat' dir='ltr'><strong>eructa-</strong></span> 
     </span>
    </p>
   </div>
   <div class='ocr_carea' id='block_1_35' title="bbox 773 3539 2369 3620">
    <p class='ocr_par' dir='ltr' id='par_1_35' title="bbox 773 3539 2369 3620">
     <span class='ocr_line' id='line_1_35' title="bbox 773 3539 2369 3620; baseline -0.002 -14"><span class='ocrx_word' id='word_1_260' title='bbox 773 3554 972 3606; x_wconf 87' lang='lat' dir='ltr'><strong>tionem</strong></span> <span class='ocrx_word' id='word_1_261' title='bbox 1003 3549 1335 3620; x_wconf 81' lang='lat' dir='ltr'><strong>pmpbctiam</strong></span> <span class='ocrx_word' id='word_1_262' title='bbox 1361 3549 1661 3617; x_wconf 82' lang='lat' dir='ltr'><strong>appellavit.</strong></span> <span class='ocrx_word' id='word_1_263' title='bbox 1706 3547 2164 3617; x_wconf 83' lang='lat' dir='ltr'><strong>Quemadmodum</strong></span> <span class='ocrx_word' id='word_1_264' title='bbox 2209 3539 2369 3603; x_wconf 47' lang='lat' dir='ltr'><strong>enim‘</strong></span> 
     </span>
    </p>
   </div>
   <div class='ocr_carea' id='block_1_36' title="bbox 779 3638 2355 3712">
    <p class='ocr_par' dir='ltr' id='par_1_36' title="bbox 779 3638 2355 3712">
     <span class='ocr_line' id='line_1_36' title="bbox 779 3638 2355 3712; baseline -0.003 -13"><span class='ocrx_word' id='word_1_265' title='bbox 779 3645 832 3699; x_wconf 87' lang='lat' dir='ltr'><strong>in</strong></span> <span class='ocrx_word' id='word_1_266' title='bbox 876 3643 1205 3699; x_wconf 84' lang='lat' dir='ltr'><strong>eructatione</strong></span> <span class='ocrx_word' id='word_1_267' title='bbox 1249 3641 1300 3696; x_wconf 92' lang='lat' dir='ltr'><strong>id</strong></span> <span class='ocrx_word' id='word_1_268' title='bbox 1328 3641 1467 3712; x_wconf 84' lang='lat' dir='ltr'><strong>quod</strong></span> <span class='ocrx_word' id='word_1_269' title='bbox 1508 3642 1584 3707; x_wconf 86' lang='lat' dir='ltr'><strong>iit,</strong></span> <span class='ocrx_word' id='word_1_270' title='bbox 1630 3640 1802 3695; x_wconf 89' lang='lat' dir='ltr'><strong>oritur</strong></span> <span class='ocrx_word' id='word_1_271' title='bbox 1837 3655 1901 3695; x_wconf 82' lang='lat' dir='ltr'><strong>ex</strong></span> <span class='ocrx_word' id='word_1_272' title='bbox 1931 3640 2179 3710; x_wconf 78' lang='lat' dir='ltr'><strong>qualitate</strong></span> <span class='ocrx_word' id='word_1_273' title='bbox 2204 3638 2355 3695; x_wconf 85' lang='lat' dir='ltr'><strong>cibo-</strong></span> 
     </span>
    </p>
   </div>
   <div class='ocr_carea' id='block_1_37' title="bbox 770 3728 2354 3799">
    <p class='ocr_par' dir='ltr' id='par_1_37' title="bbox 770 3728 2354 3799">
     <span class='ocr_line' id='line_1_37' title="bbox 770 3728 2354 3799; baseline -0.004 -10"><span class='ocrx_word' id='word_1_274' title='bbox 770 3750 890 3789; x_wconf 84' lang='lat' dir='ltr'><strong>rum</strong></span> <span class='ocrx_word' id='word_1_275' title='bbox 916 3751 928 3787; x_wconf 92' lang='lat'>:</span> <span class='ocrx_word' id='word_1_276' title='bbox 953 3734 1029 3788; x_wconf 82' lang='lat' dir='ltr'><strong>ita</strong></span> <span class='ocrx_word' id='word_1_277' title='bbox 1044 3733 1216 3789; x_wconf 74' lang='lat' dir='ltr'><strong>etiam</strong></span> <span class='ocrx_word' id='word_1_278' title='bbox 1240 3732 1296 3785; x_wconf 89' lang='lat' dir='ltr'><strong>in</strong></span> <span class='ocrx_word' id='word_1_279' title='bbox 1309 3730 1558 3785; x_wconf 84' lang='lat' dir='ltr'><strong>doctrina</strong></span> <span class='ocrx_word' id='word_1_280' title='bbox 1590 3730 1873 3799; x_wconf 80' lang='lat' dir='ltr'><strong>spirituali.</strong></span> <span class='ocrx_word' id='word_1_281' title='bbox 1900 3728 2048 3784; x_wconf 80' lang='lat' dir='ltr'><strong>Talia</strong></span> <span class='ocrx_word' id='word_1_282' title='bbox 2077 3743 2203 3798; x_wconf 80' lang='lat' dir='ltr'><strong>ergo</strong></span> <span class='ocrx_word' id='word_1_283' title='bbox 2231 3743 2354 3783; x_wconf 85' lang='lat' dir='ltr'><strong>eru-</strong></span> 
     </span>
    </p>
   </div>
   <div class='ocr_carea' id='block_1_38' title="bbox 772 3820 2391 3895">
    <p class='ocr_par' dir='ltr' id='par_1_38' title="bbox 772 3820 2391 3895">
     <span class='ocr_line' id='line_1_38' title="bbox 772 3820 2391 3895; baseline -0.003 -15"><span class='ocrx_word' id='word_1_284' title='bbox 772 3825 985 3891; x_wconf 70' lang='lat' dir='ltr'><strong>crabat,</strong></span> <span class='ocrx_word' id='word_1_285' title='bbox 1010 3824 1183 3895; x_wconf 85' lang='lat' dir='ltr'><strong>qualia</strong></span> <span class='ocrx_word' id='word_1_286' title='bbox 1213 3822 1545 3877; x_wconf 75' lang='lat' dir='ltr'><strong>comedebat.</strong></span> <span class='ocrx_word' id='word_1_287' title='bbox 1580 3821 1711 3876; x_wconf 83' lang='lat' dir='ltr'><strong>Vide</strong></span> <span class='ocrx_word' id='word_1_288' title='bbox 1752 3828 1931 3875; x_wconf 89' lang='lat' dir='ltr'><strong>autem</strong></span> <span class='ocrx_word' id='word_1_289' title='bbox 1956 3820 2094 3875; x_wconf 80' lang='lat' dir='ltr'><strong>alibi</strong></span> <span class='ocrx_word' id='word_1_290' title='bbox 2142 3834 2391 3892; x_wconf 64' lang='lat' dir='ltr'><strong>quoque</strong></span> 
     </span>
    </p>
   </div>
   <div class='ocr_carea' id='block_1_39' title="bbox 773 3910 2356 3983">
    <p class='ocr_par' dir='ltr' id='par_1_39' title="bbox 773 3910 2356 3983">
     <span class='ocr_line' id='line_1_39' title="bbox 773 3910 2356 3983; baseline -0.003 -13"><span class='ocrx_word' id='word_1_291' title='bbox 773 3915 935 3970; x_wconf 88' lang='lat' dir='ltr'><strong>alium</strong></span> <span class='ocrx_word' id='word_1_292' title='bbox 956 3913 1264 3983; x_wconf 85' lang='lat' dir='ltr'><strong>prophetam</strong></span> <span class='ocrx_word' id='word_1_293' title='bbox 1298 3913 1432 3965; x_wconf 88' lang='lat' dir='ltr'><strong>hanc</strong></span> <span class='ocrx_word' id='word_1_294' title='bbox 1457 3912 1822 3981; x_wconf 83' lang='lat' dir='ltr'><strong>Operatiunem</strong></span> <span class='ocrx_word' id='word_1_295' title='bbox 1849 3910 2196 3965; x_wconf 86' lang='lat' dir='ltr'><strong>similitudine</strong></span> <span class='ocrx_word' id='word_1_296' title='bbox 2225 3925 2356 3965; x_wconf 81' lang='lat' dir='ltr'><strong>sen-</strong></span> 
     </span>
    </p>
   </div>
   <div class='ocr_carea' id='block_1_40' title="bbox 771 3999 2352 4076">
    <p class='ocr_par' dir='ltr' id='par_1_40' title="bbox 771 3999 2352 4076">
     <span class='ocr_line' id='line_1_40' title="bbox 771 3999 2352 4076; baseline -0.005 -15"><span class='ocrx_word' id='word_1_297' title='bbox 771 4007 915 4062; x_wconf 85' lang='lat' dir='ltr'><strong>sibili</strong></span> <span class='ocrx_word' id='word_1_298' title='bbox 957 4006 1363 4076; x_wconf 87' lang='lat' dir='ltr'><strong>exprimentem,</strong></span> <span class='ocrx_word' id='word_1_299' title='bbox 1406 4012 1459 4057; x_wconf 87' lang='lat' dir='ltr'><strong>et</strong></span> <span class='ocrx_word' id='word_1_300' title='bbox 1508 3999 1750 4056; x_wconf 73' lang='lat' dir='ltr'><strong>volum’en</strong></span> <span class='ocrx_word' id='word_1_301' title='bbox 1797 4001 1914 4055; x_wconf 86' lang='lat' dir='ltr'><strong>libri</strong></span> <span class='ocrx_word' id='word_1_302' title='bbox 1962 3999 2352 4067; x_wconf 86' lang='lat' dir='ltr'><strong>comedentem,</strong></span> 
     </span>
    </p>
   </div>
   <div class='ocr_carea' id='block_1_41' title="bbox 772 4094 2355 4169">
    <p class='ocr_par' dir='ltr' id='par_1_41' title="bbox 772 4094 2355 4169">
     <span class='ocr_line' id='line_1_41' title="bbox 772 4094 2355 4169; baseline -0.003 -16"><span class='ocrx_word' id='word_1_303' title='bbox 772 4099 932 4169; x_wconf 90' lang='lat' dir='ltr'><strong>idque</strong></span> <span class='ocrx_word' id='word_1_304' title='bbox 970 4112 1091 4152; x_wconf 90' lang='lat' dir='ltr'><strong>cum</strong></span> <span class='ocrx_word' id='word_1_305' title='bbox 1117 4097 1402 4166; x_wconf 77' lang='lat' dir='ltr'><strong>voluptate.</strong></span> <span class='ocrx_word' id='word_1_306' title='bbox 1452 4094 1576 4149; x_wconf 79' lang='lat' dir='ltr'><strong>Fuit</strong></span> <span class='ocrx_word' id='word_1_307' title='bbox 1607 4096 1770 4160; x_wconf 88' lang='lat' dir='ltr'><strong>enim,</strong></span> <span class='ocrx_word' id='word_1_308' title='bbox 1811 4094 1999 4164; x_wconf 87' lang='lat' dir='ltr'><strong>inquit,</strong></span> <span class='ocrx_word' id='word_1_309' title='bbox 2022 4095 2081 4149; x_wconf 85' lang='lat' dir='ltr'><strong>in</strong></span> <span class='ocrx_word' id='word_1_310' title='bbox 2124 4109 2208 4148; x_wconf 81' lang='lat' dir='ltr'><strong>ore</strong></span> <span class='ocrx_word' id='word_1_311' title='bbox 2242 4110 2355 4148; x_wconf 82' lang='lat' dir='ltr'><strong>meo</strong></span> 
     </span>
    </p>
   </div>
   <div class='ocr_carea' id='block_1_42' title="bbox 772 4185 2355 4259">
    <p class='ocr_par' dir='ltr' id='par_1_42' title="bbox 772 4185 2355 4259">
     <span class='ocr_line' id='line_1_42' title="bbox 772 4185 2355 4259; baseline -0.002 -18"><span class='ocrx_word' id='word_1_312' title='bbox 772 4198 1028 4257; x_wconf 80' lang='lat' dir='ltr'><strong>tamquam</strong></span> <span class='ocrx_word' id='word_1_313' title='bbox 1054 4188 1152 4241; x_wconf 78' lang='lat' dir='ltr'><strong>me!</strong></span> <span class='ocrx_word' id='word_1_314' title='bbox 1177 4187 1323 4241; x_wconf 83' lang='lat' dir='ltr'><strong>dulce</strong></span> <span class='ocrx_word' id='word_1_315' title='bbox 1347 4185 1557 4259; x_wconf 75' lang='lat' dir='ltr'><strong>(Ezech.</strong></span> <span class='ocrx_word' id='word_1_316' title='bbox 1587 4187 1641 4241; x_wconf 83' lang='grc'><strong>5.</strong></span> <span class='ocrx_word' id='word_1_317' title='bbox 1672 4187 1743 4257; x_wconf 79' lang='grc'><strong>5).</strong></span> <span class='ocrx_word' id='word_1_318' title='bbox 1780 4186 1915 4254; x_wconf 83' lang='lat' dir='ltr'><strong>Quia</strong></span> <span class='ocrx_word' id='word_1_319' title='bbox 1942 4201 2068 4256; x_wconf 85' lang='lat' dir='ltr'><strong>ergo</strong></span> <span class='ocrx_word' id='word_1_320' title='bbox 2095 4185 2355 4256; x_wconf 83' lang='lat' dir='ltr'><strong>spiritua-</strong></span> 
     </span>
    </p>
   </div>
   <div class='ocr_carea' id='block_1_43' title="bbox 774 4278 2357 4350">
    <p class='ocr_par' dir='ltr' id='par_1_43' title="bbox 774 4278 2357 4350">
     <span class='ocr_line' id='line_1_43' title="bbox 774 4278 2357 4350; baseline -0.003 -17"><span class='ocrx_word' id='word_1_321' title='bbox 774 4279 879 4335; x_wconf 82' lang='lat' dir='ltr'><strong>lem</strong></span> <span class='ocrx_word' id='word_1_322' title='bbox 902 4280 1130 4350; x_wconf 84' lang='lat' dir='ltr'><strong>gratiam</strong></span> <span class='ocrx_word' id='word_1_323' title='bbox 1162 4286 1502 4347; x_wconf 84' lang='lat' dir='ltr'><strong>acceperunt,</strong></span> <span class='ocrx_word' id='word_1_324' title='bbox 1552 4280 1632 4333; x_wconf 90' lang='lat' dir='ltr'><strong>eis</strong></span> <span class='ocrx_word' id='word_1_325' title='bbox 1670 4293 1881 4347; x_wconf 87' lang='lat' dir='ltr'><strong>quoque</strong></span> <span class='ocrx_word' id='word_1_326' title='bbox 1905 4278 2116 4331; x_wconf 65' lang='lat' dir='ltr'><strong>&#39;similiu</strong></span> <span class='ocrx_word' id='word_1_327' title='bbox 2149 4286 2357 4350; x_wconf 75' lang='lat' dir='ltr'><strong>eructa-</strong></span> 
     </span>
    </p>
   </div>
   <div class='ocr_carea' id='block_1_44' title="bbox 777 4366 2354 4437">
    <p class='ocr_par' dir='ltr' id='par_1_44' title="bbox 777 4366 2354 4437">
     <span class='ocr_line' id='line_1_44' title="bbox 777 4366 2354 4437; baseline -0.003 -15"><span class='ocrx_word' id='word_1_328' title='bbox 777 4367 1108 4437; x_wconf 26' lang='lat' dir='ltr'><strong>ruut.‘Quod</strong></span> <span class='ocrx_word' id='word_1_329' title='bbox 1149 4368 1305 4423; x_wconf 83' lang='lat' dir='ltr'><strong>enim</strong></span> <span class='ocrx_word' id='word_1_330' title='bbox 1331 4383 1429 4423; x_wconf 90' lang='lat' dir='ltr'><strong>nec</strong></span> <span class='ocrx_word' id='word_1_331' title='bbox 1475 4368 1544 4422; x_wconf 91' lang='lat' dir='ltr'><strong>de</strong></span> <span class='ocrx_word' id='word_1_332' title='bbox 1560 4366 1683 4422; x_wconf 44' lang='lat' dir='ltr'><strong>whac</strong></span> <span class='ocrx_word' id='word_1_333' title='bbox 1728 4367 2059 4423; x_wconf 71' lang='lat' dir='ltr'><strong>cunctatione</strong></span> <span class='ocrx_word' id='word_1_334' title='bbox 2094 4366 2354 4437; x_wconf 82' lang='lat' dir='ltr'><strong>sensibili,</strong></span> 
     </span>
    </p>
   </div>
   <div class='ocr_carea' id='block_1_45' title="bbox 764 4456 2358 4528">
    <p class='ocr_par' dir='ltr' id='par_1_45' title="bbox 764 4456 2358 4528">
     <span class='ocr_line' id='line_1_45' title="bbox 764 4456 2358 4528; baseline -0.001 -15"><span class='ocrx_word' id='word_1_335' title='bbox 764 4474 874 4514; x_wconf 69' lang='lat' dir='ltr'><strong>nec</strong></span> <span class='ocrx_word' id='word_1_336' title='bbox 900 4457 969 4513; x_wconf 91' lang='lat' dir='ltr'><strong>de</strong></span> <span class='ocrx_word' id='word_1_337' title='bbox 1000 4458 1137 4513; x_wconf 86' lang='lat' dir='ltr'><strong>cibis</strong></span> <span class='ocrx_word' id='word_1_338' title='bbox 1177 4458 1536 4527; x_wconf 85' lang='lat' dir='ltr'><strong>agatur,-audi</strong></span> <span class='ocrx_word' id='word_1_339' title='bbox 1586 4456 1837 4528; x_wconf 84' lang='lat' dir='ltr'><strong>quidnam</strong></span> <span class='ocrx_word' id='word_1_340' title='bbox 1877 4464 2102 4521; x_wconf 88' lang='lat' dir='ltr'><strong>cructct,</strong></span> <span class='ocrx_word' id='word_1_341' title='bbox 2138 4464 2195 4511; x_wconf 89' lang='lat' dir='ltr'><strong>et</strong></span> <span class='ocrx_word' id='word_1_342' title='bbox 2238 4458 2358 4527; x_wconf 85' lang='lat' dir='ltr'><strong>quis</strong></span> 
     </span>
    </p>
   </div>
   <div class='ocr_carea' id='block_1_46' title="bbox 774 4536 2353 4622">
    <p class='ocr_par' dir='ltr' id='par_1_46' title="bbox 774 4536 2353 4622">
     <span class='ocr_line' id='line_1_46' title="bbox 774 4536 2353 4622; baseline -0.003 -15"><span class='ocrx_word' id='word_1_343' title='bbox 774 4552 865 4607; x_wconf 85' lang='lat' dir='ltr'><strong>ille</strong></span> <span class='ocrx_word' id='word_1_344' title='bbox 908 4552 977 4605; x_wconf 78' lang='lat' dir='ltr'><strong>sit</strong></span> <span class='ocrx_word' id='word_1_345' title='bbox 1006 4551 1094 4622; x_wconf 92' lang='lat' dir='ltr'><strong>qui</strong></span> <span class='ocrx_word' id='word_1_346' title='bbox 1116 4558 1338 4605; x_wconf 86' lang='lat' dir='ltr'><strong>eructat.</strong></span> <span class='ocrx_word' id='word_1_347' title='bbox 1362 4536 1484 4603; x_wconf 81' lang='lat' dir='ltr'><strong>Non</strong></span> <span class='ocrx_word' id='word_1_348' title='bbox 1513 4548 1837 4614; x_wconf 86' lang='lat' dir='ltr'><strong>stomachus,</strong></span> <span class='ocrx_word' id='word_1_349' title='bbox 1869 4549 1959 4619; x_wconf 91' lang='lat' dir='ltr'><strong>qui</strong></span> <span class='ocrx_word' id='word_1_350' title='bbox 2004 4558 2088 4604; x_wconf 88' lang='lat' dir='ltr'><strong>est</strong></span> <span class='ocrx_word' id='word_1_351' title='bbox 2112 4548 2353 4603; x_wconf 86' lang='lat' dir='ltr'><strong>ciborum</strong></span> 
     </span>
    </p>
   </div>
   <div class='ocr_carea' id='block_1_47' title="bbox 774 4640 2356 4715">
    <p class='ocr_par' dir='ltr' id='par_1_47' title="bbox 774 4640 2356 4715">
     <span class='ocr_line' id='line_1_47' title="bbox 774 4640 2356 4715; baseline -0.006 -14"><span class='ocrx_word' id='word_1_352' title='bbox 774 4644 1183 4715; x_wconf 85' lang='lat' dir='ltr'><strong>receptaculum,</strong></span> <span class='ocrx_word' id='word_1_353' title='bbox 1232 4642 1325 4699; x_wconf 85' lang='lat' dir='ltr'><strong>sed</strong></span> <span class='ocrx_word' id='word_1_354' title='bbox 1373 4657 1485 4696; x_wconf 81' lang='lat' dir='ltr'><strong>cor.</strong></span> <span class='ocrx_word' id='word_1_355' title='bbox 1537 4641 1799 4695; x_wconf 80' lang='lat' dir='ltr'><strong>Eructavit</strong></span> <span class='ocrx_word' id='word_1_356' title='bbox 1848 4640 2013 4703; x_wconf 87' lang='lat' dir='ltr'><strong>enim,</strong></span> <span class='ocrx_word' id='word_1_357' title='bbox 2046 4640 2235 4709; x_wconf 87' lang='lat' dir='ltr'><strong>inquit,</strong></span> <span class='ocrx_word' id='word_1_358' title='bbox 2269 4656 2356 4692; x_wconf 83' lang='lat' dir='ltr'><strong>eor</strong></span> 
     </span>
    </p>
   </div>
   <div class='ocr_carea' id='block_1_48' title="bbox 771 4729 2355 4806">
    <p class='ocr_par' dir='ltr' id='par_1_48' title="bbox 771 4729 2355 4806">
     <span class='ocr_line' id='line_1_48' title="bbox 771 4729 2355 4806; baseline -0.004 -15"><span class='ocrx_word' id='word_1_359' title='bbox 771 4753 955 4791; x_wconf 72' lang='lat' dir='ltr'><strong>uicum.</strong></span> <span class='ocrx_word' id='word_1_360' title='bbox 989 4736 1054 4791; x_wconf 85' lang='lat' dir='ltr'><strong>Et</strong></span> <span class='ocrx_word' id='word_1_361' title='bbox 1077 4734 1201 4806; x_wconf 89' lang='lat' dir='ltr'><strong>quid</strong></span> <span class='ocrx_word' id='word_1_362' title='bbox 1231 4734 1477 4791; x_wconf 81' lang='lat' dir='ltr'><strong>eructat?</strong></span> <span class='ocrx_word' id='word_1_363' title='bbox 1520 4732 1634 4788; x_wconf 88' lang='lat' dir='ltr'><strong>Non</strong></span> <span class='ocrx_word' id='word_1_364' title='bbox 1666 4732 1864 4795; x_wconf 89' lang='lat' dir='ltr'><strong>cibum,</strong></span> <span class='ocrx_word' id='word_1_365' title='bbox 1896 4746 1993 4785; x_wconf 88' lang='lat' dir='ltr'><strong>nec</strong></span> <span class='ocrx_word' id='word_1_366' title='bbox 2026 4729 2355 4801; x_wconf 83' lang='lat' dir='ltr'><strong>potum,scd</strong></span> 
     </span>
    </p>
   </div>
   <div class='ocr_carea' id='block_1_49' title="bbox 776 4822 2356 4900">
    <p class='ocr_par' dir='ltr' id='par_1_49' title="bbox 776 4822 2356 4900">
     <span class='ocr_line' id='line_1_49' title="bbox 776 4822 2356 4900; baseline -0.005 -17"><span class='ocrx_word' id='word_1_367' title='bbox 776 4844 894 4900; x_wconf 72' lang='lat' dir='ltr'><strong>qua:</strong></span> <span class='ocrx_word' id='word_1_368' title='bbox 921 4837 1044 4883; x_wconf 89' lang='lat' dir='ltr'><strong>sunt</strong></span> <span class='ocrx_word' id='word_1_369' title='bbox 1072 4841 1267 4882; x_wconf 72' lang='lat' dir='ltr'><strong>mensae</strong></span> <span class='ocrx_word' id='word_1_370' title='bbox 1296 4836 1614 4896; x_wconf 85' lang='lat' dir='ltr'><strong>opportuna,</strong></span> <span class='ocrx_word' id='word_1_371' title='bbox 1644 4822 1843 4877; x_wconf 86' lang='lat' dir='ltr'><strong>Bonum</strong></span> <span class='ocrx_word' id='word_1_372' title='bbox 1891 4824 2111 4883; x_wconf 74' lang='lat' dir='ltr'><strong>verbum,</strong></span> <span class='ocrx_word' id='word_1_373' title='bbox 2163 4834 2356 4890; x_wconf 86' lang='lat' dir='ltr'><strong>nempe</strong></span> 
     </span>
    </p>
   </div>
   <div class='ocr_carea' id='block_1_50' title="bbox 775 4911 2351 4988">
    <p class='ocr_par' dir='ltr' id='par_1_50' title="bbox 775 4911 2351 4988">
     <span class='ocr_line' id='line_1_50' title="bbox 775 4911 2351 4988; baseline -0.006 -15"><span class='ocrx_word' id='word_1_374' title='bbox 775 4919 841 4973; x_wconf 89' lang='lat' dir='ltr'><strong>de</strong></span> <span class='ocrx_word' id='word_1_375' title='bbox 871 4917 1150 4988; x_wconf 82' lang='lat' dir='ltr'><strong>Uuigenito</strong></span> <span class='ocrx_word' id='word_1_376' title='bbox 1177 4934 1190 4970; x_wconf 88' lang='lat'><strong>:</strong></span> <span class='ocrx_word' id='word_1_377' title='bbox 1215 4916 1257 4971; x_wconf 88' lang='lat' dir='ltr'><strong>is</strong></span> <span class='ocrx_word' id='word_1_378' title='bbox 1282 4925 1363 4972; x_wconf 86' lang='lat' dir='ltr'><strong>est</strong></span> <span class='ocrx_word' id='word_1_379' title='bbox 1391 4916 1531 4971; x_wconf 85' lang='lat' dir='ltr'><strong>enim</strong></span> <span class='ocrx_word' id='word_1_380' title='bbox 1556 4915 1785 4969; x_wconf 72' lang='lat' dir='ltr'><strong>maxime</strong></span> <span class='ocrx_word' id='word_1_381' title='bbox 1806 4915 1995 4969; x_wconf 84' lang='lat' dir='ltr'><strong>bonus.</strong></span> <span class='ocrx_word' id='word_1_382' title='bbox 2038 4911 2162 4967; x_wconf 81' lang='lat' dir='ltr'><strong>Veni</strong></span> <span class='ocrx_word' id='word_1_383' title='bbox 2187 4913 2351 4977; x_wconf 88' lang='lat' dir='ltr'><strong>enim,</strong></span> 
     </span>
    </p>
   </div>
   <div class='ocr_carea' id='block_1_51' title="bbox 776 4991 2355 5079">
    <p class='ocr_par' dir='ltr' id='par_1_51' title="bbox 776 4991 2355 5079">
     <span class='ocr_line' id='line_1_51' title="bbox 776 4991 2355 5079; baseline -0.007 -15"><span class='ocrx_word' id='word_1_384' title='bbox 776 5010 1095 5079; x_wconf 42' lang='lat' dir='ltr'><strong>inquitynon</strong></span> <span class='ocrx_word' id='word_1_385' title='bbox 1123 5018 1175 5061; x_wconf 84' lang='lat' dir='ltr'><strong>ut</strong></span> <span class='ocrx_word' id='word_1_386' title='bbox 1188 5007 1417 5079; x_wconf 77' lang='lat' dir='ltr'><strong>judicent</strong></span> <span class='ocrx_word' id='word_1_387' title='bbox 1448 5005 1713 5070; x_wconf 79' lang='lat' dir='ltr'><strong>ntundutn,</strong></span> <span class='ocrx_word' id='word_1_388' title='bbox 1757 5004 1846 5057; x_wconf 84' lang='lat' dir='ltr'><strong>sed</strong></span> <span class='ocrx_word' id='word_1_389' title='bbox 1874 5012 1928 5056; x_wconf 85' lang='lat' dir='ltr'><strong>ut</strong></span> <span class='ocrx_word' id='word_1_390' title='bbox 1972 4991 2218 5055; x_wconf 68' lang='lat' dir='ltr'><strong>mundum</strong></span> <span class='ocrx_word' id='word_1_391' title='bbox 2249 5003 2355 5054; x_wconf 83' lang='lat' dir='ltr'><strong>sa!-</strong></span> 
     </span>
    </p>
   </div>
   <div class='ocr_carea' id='block_1_52' title="bbox 774 5096 2351 5173">
    <p class='ocr_par' dir='ltr' id='par_1_52' title="bbox 774 5096 2351 5173">
     <span class='ocr_line' id='line_1_52' title="bbox 774 5096 2351 5173; baseline -0.007 -16"><span class='ocrx_word' id='word_1_392' title='bbox 774 5120 889 5157; x_wconf 78' lang='lat' dir='ltr'><strong>ttum</strong></span> <span class='ocrx_word' id='word_1_393' title='bbox 915 5099 1300 5173; x_wconf 53' lang='lat' dir='ltr'><strong>fociamiJoan&quot;.</strong></span> <span class='ocrx_word' id='word_1_394' title='bbox 1324 5099 1409 5155; x_wconf 73' lang='grc'><strong>12.</strong></span> <span class='ocrx_word' id='word_1_395' title='bbox 1432 5100 1544 5171; x_wconf 68' lang='grc'><strong>47).</strong></span> <span class='ocrx_word' id='word_1_396' title='bbox 1570 5097 1756 5152; x_wconf 91' lang='lat' dir='ltr'><strong>Omnia</strong></span> <span class='ocrx_word' id='word_1_397' title='bbox 1784 5096 1927 5150; x_wconf 87' lang='lat' dir='ltr'><strong>mitia</strong></span> <span class='ocrx_word' id='word_1_398' title='bbox 1959 5110 2020 5149; x_wconf 90' lang='lat' dir='ltr'><strong>ac</strong></span> <span class='ocrx_word' id='word_1_399' title='bbox 2052 5102 2351 5157; x_wconf 72' lang='lat' dir='ltr'><strong>mausui-ta,</strong></span> 
     </span>
    </p>
   </div>
   <div class='ocr_carea' id='block_1_53' title="bbox 773 5187 2349 5262">
    <p class='ocr_par' dir='ltr' id='par_1_53' title="bbox 773 5187 2349 5262">
     <span class='ocr_line' id='line_1_53' title="bbox 773 5187 2349 5262; baseline -0.006 -14"><span class='ocrx_word' id='word_1_400' title='bbox 773 5194 951 5248; x_wconf 88' lang='lat' dir='ltr'><strong>omnia</strong></span> <span class='ocrx_word' id='word_1_401' title='bbox 978 5191 1445 5262; x_wconf 71' lang='lat' dir='ltr'><strong>suppliciodibera.</strong></span> <span class='ocrx_word' id='word_1_402' title='bbox 1480 5191 1695 5244; x_wconf 77' lang='lat' dir='ltr'><strong>Eruetat</strong></span> <span class='ocrx_word' id='word_1_403' title='bbox 1715 5195 1892 5242; x_wconf 75' lang='lat' dir='ltr'><strong>autem</strong></span> <span class='ocrx_word' id='word_1_404' title='bbox 1924 5187 2068 5249; x_wconf 84' lang='lat' dir='ltr'><strong>talia,</strong></span> <span class='ocrx_word' id='word_1_405' title='bbox 2099 5187 2349 5255; x_wconf 86' lang='lat' dir='ltr'><strong>quoniam</strong></span> 
     </span>
    </p>
   </div>
   <div class='ocr_carea' id='block_1_54' title="bbox 774 5280 2349 5354">
    <p class='ocr_par' dir='ltr' id='par_1_54' title="bbox 774 5280 2349 5354">
     <span class='ocr_line' id='line_1_54' title="bbox 774 5280 2349 5354; baseline -0.008 -12"><span class='ocrx_word' id='word_1_406' title='bbox 774 5302 869 5342; x_wconf 84' lang='lat' dir='ltr'><strong>cur</strong></span> <span class='ocrx_word' id='word_1_407' title='bbox 896 5300 1049 5340; x_wconf 89' lang='lat' dir='ltr'><strong>suum</strong></span> <span class='ocrx_word' id='word_1_408' title='bbox 1095 5282 1425 5354; x_wconf 81' lang='lat' dir='ltr'><strong>expurgavit.</strong></span> <span class='ocrx_word' id='word_1_409' title='bbox 1461 5281 1917 5350; x_wconf 81' lang='lat' dir='ltr'><strong>Quemadmodum</strong></span> <span class='ocrx_word' id='word_1_410' title='bbox 1968 5280 2107 5334; x_wconf 88' lang='lat' dir='ltr'><strong>enim</strong></span> <span class='ocrx_word' id='word_1_411' title='bbox 2142 5286 2349 5342; x_wconf 79' lang='lat' dir='ltr'><strong>venter,</strong></span> 
     </span>
    </p>
   </div>
   <div class='ocr_carea' id='block_1_55' title="bbox 774 5371 2352 5451">
    <p class='ocr_par' dir='ltr' id='par_1_55' title="bbox 774 5371 2352 5451">
     <span class='ocr_line' id='line_1_55' title="bbox 774 5371 2352 5451; baseline -0.006 -21"><span class='ocrx_word' id='word_1_412' title='bbox 774 5377 986 5450; x_wconf 83' lang='lat' dir='ltr'><strong>quando</strong></span> <span class='ocrx_word' id='word_1_413' title='bbox 1012 5374 1256 5451; x_wconf 74' lang='lat' dir='ltr'><strong>sordidis</strong></span> <span class='ocrx_word' id='word_1_414' title='bbox 1289 5376 1467 5429; x_wconf 89' lang='lat' dir='ltr'><strong>succis</strong></span> <span class='ocrx_word' id='word_1_415' title='bbox 1495 5372 1652 5428; x_wconf 70' lang='lat' dir='ltr'><strong>fuerit</strong></span> <span class='ocrx_word' id='word_1_416' title='bbox 1685 5371 1999 5443; x_wconf 77' lang='lat' dir='ltr'><strong>plenus,cis</strong></span> <span class='ocrx_word' id='word_1_417' title='bbox 2042 5378 2266 5439; x_wconf 80' lang='lat' dir='ltr'><strong>cognata</strong></span> <span class='ocrx_word' id='word_1_418' title='bbox 2300 5378 2352 5421; x_wconf 89' lang='lat' dir='ltr'><strong>et</strong></span> 
     </span>
    </p>
   </div>
   <div class='ocr_carea' id='block_1_56' title="bbox 775 5460 2353 5535">
    <p class='ocr_par' dir='ltr' id='par_1_56' title="bbox 775 5460 2353 5535">
     <span class='ocr_line' id='line_1_56' title="bbox 775 5460 2353 5535; baseline -0.013 -7"><span class='ocrx_word' id='word_1_419' title='bbox 775 5469 1070 5527; x_wconf 84' lang='lat' dir='ltr'><strong>consimilia</strong></span> <span class='ocrx_word' id='word_1_420' title='bbox 1096 5476 1323 5532; x_wconf 87' lang='lat' dir='ltr'><strong>eructat,</strong></span> <span class='ocrx_word' id='word_1_421' title='bbox 1352 5466 1444 5521; x_wconf 89' lang='lat' dir='ltr'><strong>sed</strong></span> <span class='ocrx_word' id='word_1_422' title='bbox 1486 5464 1695 5535; x_wconf 87' lang='lat' dir='ltr'><strong>quando</strong></span> <span class='ocrx_word' id='word_1_423' title='bbox 1734 5460 2102 5523; x_wconf 78' lang='lat' dir='ltr'><strong>sanusfuerit,</strong></span> <span class='ocrx_word' id='word_1_424' title='bbox 2138 5460 2185 5514; x_wconf 89' lang='lat' dir='ltr'><strong>ei</strong></span> <span class='ocrx_word' id='word_1_425' title='bbox 2220 5472 2353 5526; x_wconf 85' lang='lat' dir='ltr'><strong>quo-</strong></span> 
     </span>
    </p>
   </div>
   <div class='ocr_carea' id='block_1_57' title="bbox 774 5551 2351 5633">
    <p class='ocr_par' dir='ltr' id='par_1_57' title="bbox 774 5551 2351 5633">
     <span class='ocr_line' id='line_1_57' title="bbox 774 5551 2351 5633; baseline -0.011 -16"><span class='ocrx_word' id='word_1_426' title='bbox 774 5578 878 5633; x_wconf 87' lang='lat' dir='ltr'><strong>que</strong></span> <span class='ocrx_word' id='word_1_427' title='bbox 916 5560 1317 5615; x_wconf 73' lang='lat' dir='ltr'><strong>c&#39;onvenicntem</strong></span> <span class='ocrx_word' id='word_1_428' title='bbox 1354 5558 1460 5611; x_wconf 85' lang='lat' dir='ltr'><strong>edit</strong></span> <span class='ocrx_word' id='word_1_429' title='bbox 1487 5556 1868 5611; x_wconf 79' lang='lat' dir='ltr'><strong>eructatiouem</strong></span> <span class='ocrx_word' id='word_1_430' title='bbox 1910 5572 1921 5605; x_wconf 89' lang='lat'><strong>:</strong></span> <span class='ocrx_word' id='word_1_431' title='bbox 1952 5553 2023 5606; x_wconf 90' lang='lat' dir='ltr'><strong>ita</strong></span> <span class='ocrx_word' id='word_1_432' title='bbox 2068 5551 2226 5604; x_wconf 84' lang='lat' dir='ltr'><strong>etiam</strong></span> <span class='ocrx_word' id='word_1_433' title='bbox 2260 5563 2351 5601; x_wconf 87' lang='lat' dir='ltr'><strong>cor</strong></span> 
     </span>
    </p>
   </div>
   <div class='ocr_carea' id='block_1_58' title="bbox 776 5641 2353 5725">
    <p class='ocr_par' dir='ltr' id='par_1_58' title="bbox 776 5641 2353 5725">
     <span class='ocr_line' id='line_1_58' title="bbox 776 5641 2353 5725; baseline -0.01 -17"><span class='ocrx_word' id='word_1_434' title='bbox 776 5653 1049 5725; x_wconf 75' lang='lat' dir='ltr'><strong>preplteta:</strong></span> <span class='ocrx_word' id='word_1_435' title='bbox 1105 5659 1378 5720; x_wconf 84' lang='lat' dir='ltr'><strong>postquam</strong></span> <span class='ocrx_word' id='word_1_436' title='bbox 1414 5648 1507 5700; x_wconf 79' lang='lat' dir='ltr'><strong>fuit</strong></span> <span class='ocrx_word' id='word_1_437' title='bbox 1536 5663 1561 5699; x_wconf 89' lang='lat' dir='ltr'><strong>a</strong></span> <span class='ocrx_word' id='word_1_438' title='bbox 1607 5648 1833 5715; x_wconf 76' lang='lat' dir='ltr'><strong>pt‘Cl&#39;allS</strong></span> <span class='ocrx_word' id='word_1_439' title='bbox 1874 5644 2119 5706; x_wconf 86' lang='lat' dir='ltr'><strong>liberum,</strong></span> <span class='ocrx_word' id='word_1_440' title='bbox 2150 5641 2353 5706; x_wconf 85' lang='lat' dir='ltr'><strong>accepit</strong></span> 
     </span>
    </p>
   </div>
   <div class='ocr_carea' id='block_1_59' title="bbox 773 5733 2349 5817">
    <p class='ocr_par' dir='ltr' id='par_1_59' title="bbox 773 5733 2349 5817">
     <span class='ocr_line' id='line_1_59' title="bbox 773 5733 2349 5817; baseline -0.01 -17"><span class='ocrx_word' id='word_1_441' title='bbox 773 5746 995 5817; x_wconf 87' lang='lat' dir='ltr'><strong>gratiam</strong></span> <span class='ocrx_word' id='word_1_442' title='bbox 1012 5742 1257 5811; x_wconf 85' lang='lat' dir='ltr'><strong>Spiritus.</strong></span> <span class='ocrx_word' id='word_1_443' title='bbox 1278 5750 1331 5795; x_wconf 89' lang='lat' dir='ltr'><strong>et</strong></span> <span class='ocrx_word' id='word_1_444' title='bbox 1347 5748 1549 5796; x_wconf 87' lang='lat' dir='ltr'><strong>eructat</strong></span> <span class='ocrx_word' id='word_1_445' title='bbox 1564 5737 1781 5792; x_wconf 75' lang='lat' dir='ltr'><strong>verbum</strong></span> <span class='ocrx_word' id='word_1_446' title='bbox 1802 5736 2018 5790; x_wconf 90' lang='lat' dir='ltr'><strong>bonum.</strong></span> <span class='ocrx_word' id='word_1_447' title='bbox 2043 5734 2173 5786; x_wconf 89' lang='lat' dir='ltr'><strong>llinc</strong></span> <span class='ocrx_word' id='word_1_448' title='bbox 2190 5733 2349 5785; x_wconf 82' lang='lat' dir='ltr'><strong>ctiam</strong></span> 
     </span>
    </p>
   </div>
   <div class='ocr_carea' id='block_1_60' title="bbox 773 5823 2339 5905">
    <p class='ocr_par' dir='ltr' id='par_1_60' title="bbox 773 5823 2339 5905">
     <span class='ocr_line' id='line_1_60' title="bbox 773 5823 2339 5905; baseline -0.01 -11"><span class='ocrx_word' id='word_1_449' title='bbox 773 5835 971 5905; x_wconf 71' lang='lat' dir='ltr'><strong>aliquid</strong></span> <span class='ocrx_word' id='word_1_450' title='bbox 1010 5834 1151 5889; x_wconf 90' lang='lat' dir='ltr'><strong>aliud</strong></span> <span class='ocrx_word' id='word_1_451' title='bbox 1182 5833 1453 5897; x_wconf 85' lang='lat' dir='ltr'><strong>discimus,</strong></span> <span class='ocrx_word' id='word_1_452' title='bbox 1487 5844 1674 5899; x_wconf 86' lang='lat' dir='ltr'><strong>nempe</strong></span> <span class='ocrx_word' id='word_1_453' title='bbox 1704 5827 1982 5899; x_wconf 81' lang='lat' dir='ltr'><strong>prephctas</strong></span> <span class='ocrx_word' id='word_1_454' title='bbox 2030 5840 2133 5880; x_wconf 88' lang='lat' dir='ltr'><strong>non</strong></span> <span class='ocrx_word' id='word_1_455' title='bbox 2179 5823 2339 5878; x_wconf 74' lang='lat' dir='ltr'><strong>fuisse</strong></span> 
     </span>
    </p>
   </div>
   <div class='ocr_carea' id='block_1_61' title="bbox 1479 382 2353 457">
    <p class='ocr_par' dir='ltr' id='par_1_61' title="bbox 1479 389 2353 457">
     <span class='ocr_line' id='line_1_61' title="bbox 1479 389 2353 457; baseline -0.018 0"><span class='ocrx_word' id='word_1_456' title='bbox 1479 400 1535 457; x_wconf 85' lang='lat' dir='ltr'><strong>S.</strong></span> <span class='ocrx_word' id='word_1_457' title='bbox 1577 396 1853 455; x_wconf 76' lang='lat' dir='ltr'><strong>JO.\.\&#39;.\IS</strong></span> <span class='ocrx_word' id='word_1_458' title='bbox 1887 394 2024 448; x_wconf 70' lang='lat' dir='ltr'><strong>llllll</strong></span> <span class='ocrx_word' id='word_1_459' title='bbox 2037 389 2353 447; x_wconf 62' lang='lat' dir='ltr'><strong>YSOSTUMI</strong></span> 
     </span>
    </p>
   </div>
   <div class='ocr_carea' id='block_1_62' title="bbox 2458 382 3315 457">
    <p class='ocr_par' dir='ltr' id='par_1_62' title="bbox 2458 382 3315 442">
     <span class='ocr_line' id='line_1_62' title="bbox 2458 382 3315 442; baseline -0.006 -1"><span class='ocrx_word' id='word_1_460' title='bbox 2458 386 2726 442; x_wconf 73' lang='lat' dir='ltr'><strong>llClllI-ZP.</strong></span> <span class='ocrx_word' id='word_1_461' title='bbox 2769 382 3315 442; x_wconf 71' lang='lat' dir='ltr'><strong>CONSTANTINOP.</strong></span> 
     </span>
    </p>
   </div>
   <div class='ocr_carea' id='block_1_63' title="bbox 2458 497 4012 570">
    <p class='ocr_par' dir='ltr' id='par_1_63' title="bbox 2458 497 4012 570">
     <span class='ocr_line' id='line_1_63' title="bbox 2458 497 4012 570; baseline -0.001 -15"><span class='ocrx_word' id='word_1_462' title='bbox 2458 502 2595 555; x_wconf 80' lang='lat' dir='ltr'><strong>sicut</strong></span> <span class='ocrx_word' id='word_1_463' title='bbox 2611 510 2776 561; x_wconf 77' lang='lat' dir='ltr'><strong>vates.</strong></span> <span class='ocrx_word' id='word_1_464' title='bbox 2798 500 2906 554; x_wconf 87' lang='lat' dir='ltr'><strong>Illic</strong></span> <span class='ocrx_word' id='word_1_465' title='bbox 2920 500 3063 555; x_wconf 88' lang='lat' dir='ltr'><strong>enim</strong></span> <span class='ocrx_word' id='word_1_466' title='bbox 3080 500 3291 570; x_wconf 87' lang='lat' dir='ltr'><strong>quando</strong></span> <span class='ocrx_word' id='word_1_467' title='bbox 3307 498 3515 554; x_wconf 59' lang='lat' dir='ltr'><strong>daemon</strong></span> <span class='ocrx_word' id='word_1_468' title='bbox 3529 497 3761 552; x_wconf 84' lang='lat' dir='ltr'><strong>animam</strong></span> <span class='ocrx_word' id='word_1_469' title='bbox 3780 499 3945 553; x_wconf 75' lang='lat' dir='ltr'><strong>imm</strong></span> <span class='ocrx_word' id='word_1_470' title='bbox 3957 514 4012 553; x_wconf 61' lang='lat' dir='ltr'><strong>si</strong></span> 
     </span>
    </p>
   </div>
   <div class='ocr_carea' id='block_1_64' title="bbox 2460 591 4012 662">
    <p class='ocr_par' dir='ltr' id='par_1_64' title="bbox 2460 591 4012 662">
     <span class='ocr_line' id='line_1_64' title="bbox 2460 591 4012 662; baseline 0.003 -17"><span class='ocrx_word' id='word_1_471' title='bbox 2460 591 2612 646; x_wconf 88' lang='lat' dir='ltr'><strong>orbat</strong></span> <span class='ocrx_word' id='word_1_472' title='bbox 2642 601 2872 648; x_wconf 85' lang='lat' dir='ltr'><strong>mentem</strong></span> <span class='ocrx_word' id='word_1_473' title='bbox 2894 607 2956 647; x_wconf 85' lang='lat' dir='ltr'><strong>ac</strong></span> <span class='ocrx_word' id='word_1_474' title='bbox 2978 594 3374 662; x_wconf 81' lang='lat' dir='ltr'><strong>cogitationem,</strong></span> <span class='ocrx_word' id='word_1_475' title='bbox 3397 600 3449 645; x_wconf 91' lang='lat' dir='ltr'><strong>ct</strong></span> <span class='ocrx_word' id='word_1_476' title='bbox 3478 594 3737 646; x_wconf 89' lang='lat' dir='ltr'><strong>rationem</strong></span> <span class='ocrx_word' id='word_1_477' title='bbox 3780 592 4012 649; x_wconf 74' lang='lat' dir='ltr'><strong>obscu</strong></span> 
     </span>
    </p>
   </div>
   <div class='ocr_carea' id='block_1_65' title="bbox 2460 685 4011 755">
    <p class='ocr_par' dir='ltr' id='par_1_65' title="bbox 2460 685 4011 755">
     <span class='ocr_line' id='line_1_65' title="bbox 2460 685 4011 755; baseline 0.001 -18"><span class='ocrx_word' id='word_1_478' title='bbox 2460 695 2512 737; x_wconf 83' lang='lat' dir='ltr'><strong>et</strong></span> <span class='ocrx_word' id='word_1_479' title='bbox 2536 686 2604 740; x_wconf 83' lang='lat' dir='ltr'><strong>ita</strong></span> <span class='ocrx_word' id='word_1_480' title='bbox 2628 687 2802 739; x_wconf 83' lang='lat' dir='ltr'><strong>omnia</strong></span> <span class='ocrx_word' id='word_1_481' title='bbox 2826 687 2900 741; x_wconf 91' lang='lat' dir='ltr'><strong>illi</strong></span> <span class='ocrx_word' id='word_1_482' title='bbox 2920 702 3016 742; x_wconf 84' lang='lat' dir='ltr'><strong>ore</strong></span> <span class='ocrx_word' id='word_1_483' title='bbox 3037 700 3134 740; x_wconf 91' lang='lat' dir='ltr'><strong>suo</strong></span> <span class='ocrx_word' id='word_1_484' title='bbox 3164 686 3471 755; x_wconf 68' lang='lat' dir='ltr'><strong>loquuntur,</strong></span> <span class='ocrx_word' id='word_1_485' title='bbox 3501 694 3677 741; x_wconf 89' lang='lat' dir='ltr'><strong>mente</strong></span> <span class='ocrx_word' id='word_1_486' title='bbox 3702 685 3845 741; x_wconf 85' lang='lat' dir='ltr'><strong>nihil</strong></span> <span class='ocrx_word' id='word_1_487' title='bbox 3882 687 4011 739; x_wconf 51' lang='lat' dir='ltr'><strong>inti</strong></span> 
     </span>
    </p>
   </div>
   <div class='ocr_carea' id='block_1_66' title="bbox 2458 778 4012 857">
    <p class='ocr_par' dir='ltr' id='par_1_66' title="bbox 2458 778 4012 857">
     <span class='ocr_line' id='line_1_66' title="bbox 2458 778 4012 857; baseline 0 -24"><span class='ocrx_word' id='word_1_488' title='bbox 2458 790 2615 849; x_wconf 87' lang='lat' dir='ltr'><strong>gente</strong></span> <span class='ocrx_word' id='word_1_489' title='bbox 2630 793 2812 833; x_wconf 76' lang='lat' dir='ltr'><strong>corium</strong></span> <span class='ocrx_word' id='word_1_490' title='bbox 2831 795 2948 850; x_wconf 81' lang='lat' dir='ltr'><strong>qua:</strong></span> <span class='ocrx_word' id='word_1_491' title='bbox 2967 780 3273 849; x_wconf 89' lang='lat' dir='ltr'><strong>loquuntur,</strong></span> <span class='ocrx_word' id='word_1_492' title='bbox 3297 793 3401 834; x_wconf 91' lang='lat' dir='ltr'><strong>non</strong></span> <span class='ocrx_word' id='word_1_493' title='bbox 3416 794 3573 834; x_wconf 79' lang='lat' dir='ltr'><strong>secus</strong></span> <span class='ocrx_word' id='word_1_494' title='bbox 3591 793 3653 833; x_wconf 88' lang='lat' dir='ltr'><strong>ac</strong></span> <span class='ocrx_word' id='word_1_495' title='bbox 3667 778 3713 833; x_wconf 88' lang='lat' dir='ltr'><strong>si</strong></span> <span class='ocrx_word' id='word_1_496' title='bbox 3735 778 3877 857; x_wconf 82' lang='lat' dir='ltr'><strong>tibia</strong></span> <span class='ocrx_word' id='word_1_497' title='bbox 3912 795 3957 831; x_wconf 75' lang='grc' dir='ltr'><strong>τι</strong></span> <span class='ocrx_word' id='word_1_498' title='bbox 3974 781 3990 831; x_wconf 91' lang='lat' dir='ltr'><strong>l</strong></span> <span class='ocrx_word' id='word_1_499' title='bbox 4008 779 4012 833; x_wconf 78' lang='grc' dir='ltr'>ἱ</span> 
     </span>
    </p>
   </div>
   <div class='ocr_carea' id='block_1_67' title="bbox 2462 871 4011 942">
    <p class='ocr_par' dir='ltr' id='par_1_67' title="bbox 2462 871 4011 942">
     <span class='ocr_line' id='line_1_67' title="bbox 2462 871 4011 942; baseline 0.001 -18"><span class='ocrx_word' id='word_1_500' title='bbox 2462 873 2743 925; x_wconf 78' lang='lat' dir='ltr'><strong>ittattlmala</strong></span> <span class='ocrx_word' id='word_1_501' title='bbox 2767 872 3031 942; x_wconf 88' lang='lat' dir='ltr'><strong>loquatur.</strong></span> <span class='ocrx_word' id='word_1_502' title='bbox 3054 871 3167 926; x_wconf 79' lang='lat' dir='ltr'><strong>Hoc</strong></span> <span class='ocrx_word' id='word_1_503' title='bbox 3196 872 3356 927; x_wconf 85' lang='lat' dir='ltr'><strong>etiam</strong></span> <span class='ocrx_word' id='word_1_504' title='bbox 3381 871 3511 926; x_wconf 87' lang='lat' dir='ltr'><strong>dixit</strong></span> <span class='ocrx_word' id='word_1_505' title='bbox 3531 872 3724 942; x_wconf 85' lang='lat' dir='ltr'><strong>aliquis</strong></span> <span class='ocrx_word' id='word_1_506' title='bbox 3751 886 4011 927; x_wconf 81' lang='lat' dir='ltr'><strong>eorum</strong></span> 
     </span>
    </p>
   </div>
   <div class='ocr_carea' id='block_1_68' title="bbox 2460 961 4012 1033">
    <p class='ocr_par' dir='ltr' id='par_1_68' title="bbox 2460 961 4012 1033">
     <span class='ocr_line' id='line_1_68' title="bbox 2460 961 4012 1033; baseline -0.001 -16"><span class='ocrx_word' id='word_1_507' title='bbox 2460 973 2579 1017; x_wconf 89' lang='lat' dir='ltr'><strong>sunt</strong></span> <span class='ocrx_word' id='word_1_508' title='bbox 2595 961 2732 1031; x_wconf 83' lang='lat' dir='ltr'><strong>apud</strong></span> <span class='ocrx_word' id='word_1_509' title='bbox 2750 962 2893 1031; x_wconf 66' lang='lat' dir='ltr'><strong>ipsius</strong></span> <span class='ocrx_word' id='word_1_510' title='bbox 2905 962 3337 1033; x_wconf 86' lang='lat' dir='ltr'><strong>philosophorum</strong></span> <span class='ocrx_word' id='word_1_511' title='bbox 3356 962 3458 1031; x_wconf 81' lang='grc' dir='ltr'><strong>(α),</strong></span> <span class='ocrx_word' id='word_1_512' title='bbox 3479 963 3558 1017; x_wconf 90' lang='lat' dir='ltr'><strong>his</strong></span> <span class='ocrx_word' id='word_1_513' title='bbox 3573 964 3750 1018; x_wconf 73' lang='lat' dir='ltr'><strong>verbis</strong></span> <span class='ocrx_word' id='word_1_514' title='bbox 3767 981 3781 1014; x_wconf 85' lang='lat'><strong>:</strong></span> <span class='ocrx_word' id='word_1_515' title='bbox 3802 962 4012 1029; x_wconf 73' lang='lat' dir='ltr'><strong>Quen</strong></span> 
     </span>
    </p>
   </div>
   <div class='ocr_carea' id='block_1_69' title="bbox 2460 1054 4012 1125">
    <p class='ocr_par' dir='ltr' id='par_1_69' title="bbox 2460 1054 4012 1125">
     <span class='ocr_line' id='line_1_69' title="bbox 2460 1054 4012 1125; baseline 0.003 -20"><span class='ocrx_word' id='word_1_516' title='bbox 2460 1054 2662 1108; x_wconf 77' lang='lat' dir='ltr'><strong>modum</strong></span> <span class='ocrx_word' id='word_1_517' title='bbox 2683 1055 2719 1106; x_wconf 90' lang='lat' dir='ltr'><strong>ii</strong></span> <span class='ocrx_word' id='word_1_518' title='bbox 2742 1054 2829 1124; x_wconf 81' lang='lat' dir='ltr'><strong>qui</strong></span> <span class='ocrx_word' id='word_1_519' title='bbox 2848 1071 3089 1125; x_wconf 82' lang='lat' dir='ltr'><strong>responsa</strong></span> <span class='ocrx_word' id='word_1_520' title='bbox 3118 1064 3306 1108; x_wconf 75' lang='lat' dir='ltr'><strong>canunt</strong></span> <span class='ocrx_word' id='word_1_521' title='bbox 3328 1065 3374 1108; x_wconf 85' lang='lat' dir='ltr'><strong>et</strong></span> <span class='ocrx_word' id='word_1_522' title='bbox 3405 1064 3539 1110; x_wconf 70' lang='lat' dir='ltr'><strong>aula</strong></span> <span class='ocrx_word' id='word_1_523' title='bbox 3561 1056 3723 1108; x_wconf 84' lang='lat' dir='ltr'><strong>multa</strong></span> <span class='ocrx_word' id='word_1_524' title='bbox 3747 1055 4012 1125; x_wconf 69' lang='lat' dir='ltr'><strong>quidvnt</strong></span> 
     </span>
    </p>
   </div>
   <div class='ocr_carea' id='block_1_70' title="bbox 2459 1146 4011 1214">
    <p class='ocr_par' dir='ltr' id='par_1_70' title="bbox 2459 1146 4011 1214">
     <span class='ocr_line' id='line_1_70' title="bbox 2459 1146 4011 1214; baseline 0.001 -16"><span class='ocrx_word' id='word_1_525' title='bbox 2459 1155 2595 1211; x_wconf 77' lang='lat' dir='ltr'><strong>runt,</strong></span> <span class='ocrx_word' id='word_1_526' title='bbox 2613 1162 2783 1199; x_wconf 84' lang='lat' dir='ltr'><strong>eorum</strong></span> <span class='ocrx_word' id='word_1_527' title='bbox 2797 1155 2961 1199; x_wconf 85' lang='lat' dir='ltr'><strong>autem</strong></span> <span class='ocrx_word' id='word_1_528' title='bbox 2976 1162 3091 1214; x_wconf 68' lang='lat' dir='ltr'><strong>qua</strong></span> <span class='ocrx_word' id='word_1_529' title='bbox 3104 1147 3298 1213; x_wconf 76' lang='lat' dir='ltr'><strong>dicunt,</strong></span> <span class='ocrx_word' id='word_1_530' title='bbox 3316 1146 3445 1201; x_wconf 79' lang='lat' dir='ltr'><strong>nihil</strong></span> <span class='ocrx_word' id='word_1_531' title='bbox 3459 1147 3639 1202; x_wconf 64' lang='lat' dir='ltr'><strong>sciant.</strong></span> <span class='ocrx_word' id='word_1_532' title='bbox 3656 1146 3764 1201; x_wconf 86' lang='lat' dir='ltr'><strong>Sed</strong></span> <span class='ocrx_word' id='word_1_533' title='bbox 3781 1162 3911 1201; x_wconf 85' lang='lat' dir='ltr'><strong>non</strong></span> <span class='ocrx_word' id='word_1_534' title='bbox 3944 1148 4011 1201; x_wconf 41' lang='lat' dir='ltr'><strong>it;</strong></span> 
     </span>
    </p>
   </div>
   <div class='ocr_carea' id='block_1_71' title="bbox 2457 1236 4012 1308">
    <p class='ocr_par' dir='ltr' id='par_1_71' title="bbox 2457 1236 4012 1308">
     <span class='ocr_line' id='line_1_71' title="bbox 2457 1236 4012 1308; baseline 0.001 -17"><span class='ocrx_word' id='word_1_535' title='bbox 2457 1236 2529 1291; x_wconf 89' lang='lat' dir='ltr'><strong>cit</strong></span> <span class='ocrx_word' id='word_1_536' title='bbox 2559 1247 2777 1292; x_wconf 86' lang='lat' dir='ltr'><strong>sanctus</strong></span> <span class='ocrx_word' id='word_1_537' title='bbox 2812 1237 3062 1306; x_wconf 82' lang='lat' dir='ltr'><strong>Spiritus,</strong></span> <span class='ocrx_word' id='word_1_538' title='bbox 3108 1237 3204 1292; x_wconf 86' lang='lat' dir='ltr'><strong>sed</strong></span> <span class='ocrx_word' id='word_1_539' title='bbox 3244 1238 3501 1307; x_wconf 88' lang='lat' dir='ltr'><strong>permittit</strong></span> <span class='ocrx_word' id='word_1_540' title='bbox 3542 1246 3598 1291; x_wconf 90' lang='lat' dir='ltr'><strong>ut</strong></span> <span class='ocrx_word' id='word_1_541' title='bbox 3637 1252 3735 1292; x_wconf 88' lang='lat' dir='ltr'><strong>cor</strong></span> <span class='ocrx_word' id='word_1_542' title='bbox 3764 1251 4012 1308; x_wconf 72' lang='lat' dir='ltr'><strong>cogunt</strong></span> 
     </span>
    </p>
   </div>
   <div class='ocr_carea' id='block_1_72' title="bbox 2457 1326 4011 1398">
    <p class='ocr_par' dir='ltr' id='par_1_72' title="bbox 2457 1326 4011 1398">
     <span class='ocr_line' id='line_1_72' title="bbox 2457 1326 4011 1398; baseline 0.001 -17"><span class='ocrx_word' id='word_1_543' title='bbox 2457 1342 2576 1397; x_wconf 78' lang='lat' dir='ltr'><strong>qua:</strong></span> <span class='ocrx_word' id='word_1_544' title='bbox 2615 1326 2883 1382; x_wconf 89' lang='lat' dir='ltr'><strong>dicuntur.</strong></span> <span class='ocrx_word' id='word_1_545' title='bbox 2927 1326 2982 1383; x_wconf 87' lang='lat' dir='ltr'><strong>Si</strong></span> <span class='ocrx_word' id='word_1_546' title='bbox 3026 1329 3171 1383; x_wconf 85' lang='lat' dir='ltr'><strong>enim</strong></span> <span class='ocrx_word' id='word_1_547' title='bbox 3216 1342 3323 1381; x_wconf 90' lang='lat' dir='ltr'><strong>non</strong></span> <span class='ocrx_word' id='word_1_548' title='bbox 3367 1337 3738 1397; x_wconf 76' lang='lat' dir='ltr'><strong>cognosceret,</strong></span> <span class='ocrx_word' id='word_1_549' title='bbox 3782 1343 4011 1398; x_wconf 40' lang='lat' dir='ltr'><strong>quom;</strong></span> 
     </span>
    </p>
   </div>
   <div class='ocr_carea' id='block_1_73' title="bbox 2458 1408 4012 1489">
    <p class='ocr_par' dir='ltr' id='par_1_73' title="bbox 2458 1408 4012 1489">
     <span class='ocr_line' id='line_1_73' title="bbox 2458 1408 4012 1489; baseline -0.001 -16"><span class='ocrx_word' id='word_1_550' title='bbox 2458 1419 2680 1480; x_wconf 85' lang='lat' dir='ltr'><strong>diceret.</strong></span> <span class='ocrx_word' id='word_1_551' title='bbox 2716 1418 2935 1475; x_wconf 69' lang='lat' dir='ltr'><strong>Verbum</strong></span> <span class='ocrx_word' id='word_1_552' title='bbox 2968 1420 3196 1475; x_wconf 70' lang='lat' dir='ltr'><strong>bonum!</strong></span> <span class='ocrx_word' id='word_1_553' title='bbox 3232 1408 3447 1475; x_wconf 77' lang='lat' dir='ltr'><strong>Daunon</strong></span> <span class='ocrx_word' id='word_1_554' title='bbox 3476 1420 3640 1482; x_wconf 86' lang='lat' dir='ltr'><strong>enim,</strong></span> <span class='ocrx_word' id='word_1_555' title='bbox 3670 1429 3867 1489; x_wconf 81' lang='lat' dir='ltr'><strong>utpote</strong></span> <span class='ocrx_word' id='word_1_556' title='bbox 3911 1420 4012 1474; x_wconf 77' lang='lat' dir='ltr'><strong>ha</strong></span> 
     </span>
    </p>
   </div>
   <div class='ocr_carea' id='block_1_74' title="bbox 2460 1510 4012 1581">
    <p class='ocr_par' dir='ltr' id='par_1_74' title="bbox 2460 1510 4012 1581">
     <span class='ocr_line' id='line_1_74' title="bbox 2460 1510 4012 1581; baseline 0.002 -15"><span class='ocrx_word' id='word_1_557' title='bbox 2460 1523 2517 1566; x_wconf 87' lang='lat' dir='ltr'><strong>et</strong></span> <span class='ocrx_word' id='word_1_558' title='bbox 2548 1511 2967 1578; x_wconf 22' lang='lat' dir='ltr'><strong>inimicus,lcum</strong></span> <span class='ocrx_word' id='word_1_559' title='bbox 2998 1511 3272 1567; x_wconf 83' lang='lat' dir='ltr'><strong>hominum</strong></span> <span class='ocrx_word' id='word_1_560' title='bbox 3295 1522 3483 1566; x_wconf 87' lang='lat' dir='ltr'><strong>natura</strong></span> <span class='ocrx_word' id='word_1_561' title='bbox 3508 1511 3705 1566; x_wconf 87' lang='lat' dir='ltr'><strong>bellum</strong></span> <span class='ocrx_word' id='word_1_562' title='bbox 3727 1520 3886 1581; x_wconf 80' lang='lat' dir='ltr'><strong>gent</strong></span> <span class='ocrx_word' id='word_1_563' title='bbox 3924 1528 3941 1563; x_wconf 93' lang='lat'>:</span> <span class='ocrx_word' id='word_1_564' title='bbox 3984 1510 4012 1569; x_wconf 70' lang='grc' dir='ltr'>ε</span> 
     </span>
    </p>
   </div>
   <div class='ocr_carea' id='block_1_75' title="bbox 2458 1601 4012 1672">
    <p class='ocr_par' dir='ltr' id='par_1_75' title="bbox 2458 1601 4012 1672">
     <span class='ocr_line' id='line_1_75' title="bbox 2458 1601 4012 1672; baseline -0.001 -15"><span class='ocrx_word' id='word_1_565' title='bbox 2458 1606 2591 1658; x_wconf 87' lang='lat' dir='ltr'><strong>ritus</strong></span> <span class='ocrx_word' id='word_1_566' title='bbox 2625 1613 2802 1658; x_wconf 85' lang='lat' dir='ltr'><strong>autem</strong></span> <span class='ocrx_word' id='word_1_567' title='bbox 2844 1611 3082 1668; x_wconf 85' lang='lat' dir='ltr'><strong>sanctus,</strong></span> <span class='ocrx_word' id='word_1_568' title='bbox 3123 1613 3181 1657; x_wconf 89' lang='lat' dir='ltr'><strong>ut</strong></span> <span class='ocrx_word' id='word_1_569' title='bbox 3224 1602 3315 1672; x_wconf 91' lang='lat' dir='ltr'><strong>qui</strong></span> <span class='ocrx_word' id='word_1_570' title='bbox 3363 1601 3527 1659; x_wconf 89' lang='lat' dir='ltr'><strong>nostri</strong></span> <span class='ocrx_word' id='word_1_571' title='bbox 3563 1617 3745 1657; x_wconf 86' lang='lat' dir='ltr'><strong>curam</strong></span> <span class='ocrx_word' id='word_1_572' title='bbox 3788 1614 4012 1671; x_wconf 71' lang='lat' dir='ltr'><strong>gerat,</strong></span> 
     </span>
    </p>
   </div>
   <div class='ocr_carea' id='block_1_76' title="bbox 2458 1693 4012 1764">
    <p class='ocr_par' dir='ltr' id='par_1_76' title="bbox 2458 1693 4012 1764">
     <span class='ocr_line' id='line_1_76' title="bbox 2458 1693 4012 1764; baseline 0.001 -15"><span class='ocrx_word' id='word_1_573' title='bbox 2458 1694 2976 1762; x_wconf 24' lang='lat' dir='ltr'><strong>bettellcio‘ailiciat,</strong></span> <span class='ocrx_word' id='word_1_574' title='bbox 3005 1694 3056 1749; x_wconf 87' lang='lat' dir='ltr'><strong>id</strong></span> <span class='ocrx_word' id='word_1_575' title='bbox 3083 1694 3189 1763; x_wconf 84' lang='lat' dir='ltr'><strong>agit</strong></span> <span class='ocrx_word' id='word_1_576' title='bbox 3219 1693 3390 1764; x_wconf 88' lang='lat' dir='ltr'><strong>utqui</strong></span> <span class='ocrx_word' id='word_1_577' title='bbox 3428 1707 3551 1748; x_wconf 91' lang='lat' dir='ltr'><strong>eum</strong></span> <span class='ocrx_word' id='word_1_578' title='bbox 3590 1693 3943 1762; x_wconf 84' lang='lat' dir='ltr'><strong>suscipiunt,</strong></span> <span class='ocrx_word' id='word_1_579' title='bbox 3993 1707 4012 1750; x_wconf 70' lang='grc' dir='ltr'><strong>ε</strong></span> 
     </span>
    </p>
   </div>
   <div class='ocr_carea' id='block_1_77' title="bbox 2458 1784 4012 1859">
    <p class='ocr_par' dir='ltr' id='par_1_77' title="bbox 2458 1784 4012 1859">
     <span class='ocr_line' id='line_1_77' title="bbox 2458 1784 4012 1859; baseline -0.001 -18"><span class='ocrx_word' id='word_1_580' title='bbox 2458 1800 2647 1841; x_wconf 78' lang='lat' dir='ltr'><strong>sensus</strong></span> <span class='ocrx_word' id='word_1_581' title='bbox 2676 1788 2981 1856; x_wconf 83' lang='lat' dir='ltr'><strong>participes,</strong></span> <span class='ocrx_word' id='word_1_582' title='bbox 3014 1795 3068 1840; x_wconf 92' lang='lat' dir='ltr'><strong>et</strong></span> <span class='ocrx_word' id='word_1_583' title='bbox 3098 1786 3199 1841; x_wconf 88' lang='lat' dir='ltr'><strong>illis</strong></span> <span class='ocrx_word' id='word_1_584' title='bbox 3226 1784 3663 1855; x_wconf 87' lang='lat' dir='ltr'><strong>intelligentibus.</strong></span> <span class='ocrx_word' id='word_1_585' title='bbox 3684 1785 3932 1840; x_wconf 78' lang='lat' dir='ltr'><strong>revelat</strong></span> <span class='ocrx_word' id='word_1_586' title='bbox 3976 1804 4012 1859; x_wconf 75' lang='grc' dir='ltr'><strong>«ι</strong></span> 
     </span>
    </p>
   </div>
   <div class='ocr_carea' id='block_1_78' title="bbox 2457 1874 4012 1949">
    <p class='ocr_par' dir='ltr' id='par_1_78' title="bbox 2457 1874 4012 1949">
     <span class='ocr_line' id='line_1_78' title="bbox 2457 1874 4012 1949; baseline 0 -17"><span class='ocrx_word' id='word_1_587' title='bbox 2457 1877 2722 1933; x_wconf 89' lang='lat' dir='ltr'><strong>dicuntur.</strong></span> <span class='ocrx_word' id='word_1_588' title='bbox 2758 1876 2886 1932; x_wconf 80' lang='lat' dir='ltr'><strong>Dico</strong></span> <span class='ocrx_word' id='word_1_589' title='bbox 2911 1895 3002 1949; x_wconf 81' lang='lat' dir='ltr'><strong>ego</strong></span> <span class='ocrx_word' id='word_1_590' title='bbox 3034 1894 3187 1948; x_wconf 78' lang='lat' dir='ltr'><strong>apem</strong></span> <span class='ocrx_word' id='word_1_591' title='bbox 3212 1892 3323 1930; x_wconf 79' lang='lat' dir='ltr'><strong>mea</strong></span> <span class='ocrx_word' id='word_1_592' title='bbox 3366 1876 3492 1949; x_wconf 76' lang='lat' dir='ltr'><strong>regi.</strong></span> <span class='ocrx_word' id='word_1_593' title='bbox 3520 1878 3691 1944; x_wconf 77' lang='lat' dir='ltr'><strong>Alius,</strong></span> <span class='ocrx_word' id='word_1_594' title='bbox 3718 1874 3904 1930; x_wconf 78' lang='lat' dir='ltr'><strong>Facta</strong></span> <span class='ocrx_word' id='word_1_595' title='bbox 3955 1896 4012 1932; x_wconf 75' lang='lat' dir='ltr'><strong>nt</strong></span> 
     </span>
    </p>
   </div>
   <div class='ocr_carea' id='block_1_79' title="bbox 2457 1966 4005 2038">
    <p class='ocr_par' dir='ltr' id='par_1_79' title="bbox 2457 1966 4005 2038">
     <span class='ocr_line' id='line_1_79' title="bbox 2457 1966 4005 2038; baseline 0 -16"><span class='ocrx_word' id='word_1_596' title='bbox 2457 1967 2714 2035; x_wconf 60' lang='lat' dir='ltr'><strong>Quaenam</strong></span> <span class='ocrx_word' id='word_1_597' title='bbox 2762 1967 2890 2023; x_wconf 85' lang='lat' dir='ltr'><strong>dicit</strong></span> <span class='ocrx_word' id='word_1_598' title='bbox 2930 1968 3133 2037; x_wconf 79' lang='lat' dir='ltr'><strong>opera?</strong></span> <span class='ocrx_word' id='word_1_599' title='bbox 3175 1966 3538 2038; x_wconf 80' lang='lat' dir='ltr'><strong>Prophetiam.</strong></span> <span class='ocrx_word' id='word_1_600' title='bbox 3582 1967 4005 2036; x_wconf 82' lang='lat' dir='ltr'><strong>Quemadmod</strong></span> 
     </span>
    </p>
   </div>
   <div class='ocr_carea' id='block_1_80' title="bbox 2456 2057 4012 2129">
    <p class='ocr_par' dir='ltr' id='par_1_80' title="bbox 2456 2057 4012 2129">
     <span class='ocr_line' id='line_1_80' title="bbox 2456 2057 4012 2129; baseline 0.003 -15"><span class='ocrx_word' id='word_1_601' title='bbox 2456 2059 2597 2114; x_wconf 86' lang='lat' dir='ltr'><strong>enim</strong></span> <span class='ocrx_word' id='word_1_602' title='bbox 2633 2057 2767 2114; x_wconf 80' lang='lat' dir='ltr'><strong>fabri</strong></span> <span class='ocrx_word' id='word_1_603' title='bbox 2790 2060 2963 2114; x_wconf 64' lang='lat' dir='ltr'><strong>aerarii</strong></span> <span class='ocrx_word' id='word_1_604' title='bbox 2992 2074 3127 2129; x_wconf 82' lang='lat' dir='ltr'><strong>Opus</strong></span> <span class='ocrx_word' id='word_1_605' title='bbox 3151 2070 3235 2116; x_wconf 81' lang='lat' dir='ltr'><strong>est</strong></span> <span class='ocrx_word' id='word_1_606' title='bbox 3270 2058 3443 2115; x_wconf 83' lang='lat' dir='ltr'><strong>facere</strong></span> <span class='ocrx_word' id='word_1_607' title='bbox 3467 2058 3768 2128; x_wconf 77' lang='lat' dir='ltr'><strong>dolabram,</strong></span> <span class='ocrx_word' id='word_1_608' title='bbox 3796 2070 3855 2115; x_wconf 83' lang='lat' dir='ltr'><strong>et</strong></span> <span class='ocrx_word' id='word_1_609' title='bbox 3889 2078 4012 2118; x_wconf 77' lang='lat' dir='ltr'><strong>aro</strong></span> 
     </span>
    </p>
   </div>
   <div class='ocr_carea' id='block_1_81' title="bbox 2458 2146 4007 2217">
    <p class='ocr_par' dir='ltr' id='par_1_81' title="bbox 2458 2146 4007 2217">
     <span class='ocr_line' id='line_1_81' title="bbox 2458 2146 4007 2217; baseline 0.002 -14"><span class='ocrx_word' id='word_1_610' title='bbox 2458 2148 2584 2203; x_wconf 88' lang='lat' dir='ltr'><strong>tecti</strong></span> <span class='ocrx_word' id='word_1_611' title='bbox 2626 2148 2845 2203; x_wconf 90' lang='lat' dir='ltr'><strong>domum</strong></span> <span class='ocrx_word' id='word_1_612' title='bbox 2893 2148 3087 2217; x_wconf 80' lang='lat' dir='ltr'><strong>facere,</strong></span> <span class='ocrx_word' id='word_1_613' title='bbox 3142 2164 3197 2205; x_wconf 91' lang='lat' dir='ltr'><strong>et</strong></span> <span class='ocrx_word' id='word_1_614' title='bbox 3236 2151 3449 2205; x_wconf 71' lang='lat' dir='ltr'><strong>navium</strong></span> <span class='ocrx_word' id='word_1_615' title='bbox 3484 2146 3818 2205; x_wconf 76' lang='lat' dir='ltr'><strong>l‘abriCatoris</strong></span> <span class='ocrx_word' id='word_1_616' title='bbox 3865 2168 4007 2206; x_wconf 82' lang='lat' dir='ltr'><strong>nav</strong></span> 
     </span>
    </p>
   </div>
   <div class='ocr_carea' id='block_1_82' title="bbox 2456 2240 4012 2310">
    <p class='ocr_par' dir='ltr' id='par_1_82' title="bbox 2456 2240 4012 2310">
     <span class='ocr_line' id='line_1_82' title="bbox 2456 2240 4012 2310; baseline 0.001 -17"><span class='ocrx_word' id='word_1_617' title='bbox 2456 2240 2797 2310; x_wconf 87' lang='lat' dir='ltr'><strong>compiugcre</strong></span> <span class='ocrx_word' id='word_1_618' title='bbox 2828 2257 2842 2294; x_wconf 93' lang='lat'><strong>:</strong></span> <span class='ocrx_word' id='word_1_619' title='bbox 2877 2240 2946 2294; x_wconf 89' lang='lat' dir='ltr'><strong>ita</strong></span> <span class='ocrx_word' id='word_1_620' title='bbox 2987 2250 3071 2296; x_wconf 87' lang='lat' dir='ltr'><strong>est</strong></span> <span class='ocrx_word' id='word_1_621' title='bbox 3098 2240 3260 2295; x_wconf 86' lang='lat' dir='ltr'><strong>etiam</strong></span> <span class='ocrx_word' id='word_1_622' title='bbox 3291 2240 3563 2310; x_wconf 69' lang='lat' dir='ltr'><strong>prephetzc</strong></span> <span class='ocrx_word' id='word_1_623' title='bbox 3592 2249 3774 2295; x_wconf 80' lang='lat' dir='ltr'><strong>texere</strong></span> <span class='ocrx_word' id='word_1_624' title='bbox 3816 2242 4012 2310; x_wconf 74' lang='lat' dir='ltr'><strong>prnpl</strong></span> 
     </span>
    </p>
   </div>
   <div class='ocr_carea' id='block_1_83' title="bbox 2457 2330 4012 2402">
    <p class='ocr_par' dir='ltr' id='par_1_83' title="bbox 2457 2330 4012 2402">
     <span class='ocr_line' id='line_1_83' title="bbox 2457 2330 4012 2402; baseline 0.001 -17"><span class='ocrx_word' id='word_1_625' title='bbox 2457 2330 2604 2385; x_wconf 85' lang='lat' dir='ltr'><strong>tiam.</strong></span> <span class='ocrx_word' id='word_1_626' title='bbox 2634 2330 2785 2398; x_wconf 87' lang='lat' dir='ltr'><strong>Quod</strong></span> <span class='ocrx_word' id='word_1_627' title='bbox 2814 2332 2955 2386; x_wconf 88' lang='lat' dir='ltr'><strong>enim</strong></span> <span class='ocrx_word' id='word_1_628' title='bbox 2982 2330 3083 2386; x_wconf 91' lang='lat' dir='ltr'><strong>hoc</strong></span> <span class='ocrx_word' id='word_1_629' title='bbox 3109 2346 3320 2402; x_wconf 89' lang='lat' dir='ltr'><strong>quoque</strong></span> <span class='ocrx_word' id='word_1_630' title='bbox 3346 2332 3415 2386; x_wconf 89' lang='lat' dir='ltr'><strong>sit</strong></span> <span class='ocrx_word' id='word_1_631' title='bbox 3437 2346 3593 2401; x_wconf 85' lang='lat' dir='ltr'><strong>opus,</strong></span> <span class='ocrx_word' id='word_1_632' title='bbox 3622 2332 3745 2385; x_wconf 88' lang='lat' dir='ltr'><strong>audi</strong></span> <span class='ocrx_word' id='word_1_633' title='bbox 3776 2331 4012 2387; x_wconf 72' lang='lat' dir='ltr'><strong>Christi</strong></span> 
     </span>
    </p>
   </div>
   <div class='ocr_carea' id='block_1_84' title="bbox 2456 2423 4012 2496">
    <p class='ocr_par' dir='ltr' id='par_1_84' title="bbox 2456 2423 4012 2496">
     <span class='ocr_line' id='line_1_84' title="bbox 2456 2423 4012 2496; baseline 0.004 -18"><span class='ocrx_word' id='word_1_634' title='bbox 2456 2424 2724 2480; x_wconf 89' lang='lat' dir='ltr'><strong>dicentem</strong></span> <span class='ocrx_word' id='word_1_635' title='bbox 2764 2424 2832 2479; x_wconf 90' lang='lat' dir='ltr'><strong>de</strong></span> <span class='ocrx_word' id='word_1_636' title='bbox 2857 2425 3133 2495; x_wconf 76' lang='lat' dir='ltr'><strong>apostolis,</strong></span> <span class='ocrx_word' id='word_1_637' title='bbox 3178 2423 3381 2496; x_wconf 80' lang='lat' dir='ltr'><strong>Dignus</strong></span> <span class='ocrx_word' id='word_1_638' title='bbox 3408 2435 3480 2479; x_wconf 84' lang='lat' dir='ltr'><strong>est</strong></span> <span class='ocrx_word' id='word_1_639' title='bbox 3516 2426 3781 2495; x_wconf 79' lang='lat' dir='ltr'><strong>operarius</strong></span> <span class='ocrx_word' id='word_1_640' title='bbox 3824 2442 4012 2484; x_wconf 75' lang='lat' dir='ltr'><strong>mem</strong></span> 
     </span>
    </p>
   </div>
   <div class='ocr_carea' id='block_1_85' title="bbox 2458 2511 4007 2586">
    <p class='ocr_par' dir='ltr' id='par_1_85' title="bbox 2458 2511 4007 2586">
     <span class='ocr_line' id='line_1_85' title="bbox 2458 2511 4007 2586; baseline 0.002 -17"><span class='ocrx_word' id='word_1_641' title='bbox 2458 2529 2552 2569; x_wconf 87' lang='lat' dir='ltr'><strong>sua</strong></span> <span class='ocrx_word' id='word_1_642' title='bbox 2587 2511 2736 2585; x_wconf 79' lang='lat' dir='ltr'><strong>(Luc.</strong></span> <span class='ocrx_word' id='word_1_643' title='bbox 2769 2513 2855 2569; x_wconf 85' lang='grc' dir='ltr'><strong>1ο.</strong></span> <span class='ocrx_word' id='word_1_644' title='bbox 2890 2514 2964 2586; x_wconf 86' lang='grc'><strong>7).</strong></span> <span class='ocrx_word' id='word_1_645' title='bbox 3000 2514 3064 2569; x_wconf 85' lang='lat' dir='ltr'><strong>Et</strong></span> <span class='ocrx_word' id='word_1_646' title='bbox 3090 2514 3285 2570; x_wconf 85' lang='lat' dir='ltr'><strong>Paulus</strong></span> <span class='ocrx_word' id='word_1_647' title='bbox 3312 2531 3328 2569; x_wconf 91' lang='lat'><strong><em>:</em></strong></span> <span class='ocrx_word' id='word_1_648' title='bbox 3361 2515 3589 2570; x_wconf 68' lang='lat' dir='ltr'><strong>Maxime</strong></span> <span class='ocrx_word' id='word_1_649' title='bbox 3616 2518 3703 2584; x_wconf 80' lang='lat' dir='ltr'><strong>qui</strong></span> <span class='ocrx_word' id='word_1_650' title='bbox 3733 2516 4007 2572; x_wconf 75' lang='lat' dir='ltr'><strong>laborant</strong></span> 
     </span>
    </p>
   </div>
   <div class='ocr_carea' id='block_1_86' title="bbox 2458 2602 4012 2678">
    <p class='ocr_par' dir='ltr' id='par_1_86' title="bbox 2458 2602 4012 2678">
     <span class='ocr_line' id='line_1_86' title="bbox 2458 2602 4012 2678; baseline 0.003 -23"><span class='ocrx_word' id='word_1_651' title='bbox 2458 2603 2606 2656; x_wconf 73' lang='lat' dir='ltr'><strong>verbo</strong></span> <span class='ocrx_word' id='word_1_652' title='bbox 2625 2614 2672 2656; x_wconf 86' lang='lat' dir='ltr'><strong>et</strong></span> <span class='ocrx_word' id='word_1_653' title='bbox 2690 2603 2917 2657; x_wconf 82' lang='lat' dir='ltr'><strong>doctrina</strong></span> <span class='ocrx_word' id='word_1_654' title='bbox 2936 2603 3014 2673; x_wconf 88' lang='grc'><strong>(1.</strong></span> <span class='ocrx_word' id='word_1_655' title='bbox 3036 2602 3166 2657; x_wconf 84' lang='lat' dir='ltr'><strong>Tim.</strong></span> <span class='ocrx_word' id='word_1_656' title='bbox 3188 2603 3239 2659; x_wconf 90' lang='lat'><strong>5.</strong></span> <span class='ocrx_word' id='word_1_657' title='bbox 3262 2602 3370 2676; x_wconf 84' lang='grc'><strong>17).</strong></span> <span class='ocrx_word' id='word_1_658' title='bbox 3391 2602 3444 2660; x_wconf 88' lang='lat' dir='ltr'><strong>Si</strong></span> <span class='ocrx_word' id='word_1_659' title='bbox 3465 2604 3608 2660; x_wconf 87' lang='lat' dir='ltr'><strong>enim</strong></span> <span class='ocrx_word' id='word_1_660' title='bbox 3626 2622 3728 2659; x_wconf 86' lang='lat' dir='ltr'><strong>non</strong></span> <span class='ocrx_word' id='word_1_661' title='bbox 3751 2616 3877 2659; x_wconf 83' lang='lat' dir='ltr'><strong>erat</strong></span> <span class='ocrx_word' id='word_1_662' title='bbox 3910 2624 4012 2678; x_wconf 65' lang='lat' dir='ltr'><strong>np:</strong></span> 
     </span>
    </p>
   </div>
   <div class='ocr_carea' id='block_1_87' title="bbox 2457 2692 4012 2768">
    <p class='ocr_par' dir='ltr' id='par_1_87' title="bbox 2457 2692 4012 2768">
     <span class='ocr_line' id='line_1_87' title="bbox 2457 2692 4012 2768; baseline 0.006 -23"><span class='ocrx_word' id='word_1_663' title='bbox 2457 2692 2726 2765; x_wconf 89' lang='lat' dir='ltr'><strong>quomodo</strong></span> <span class='ocrx_word' id='word_1_664' title='bbox 2754 2693 2937 2749; x_wconf 90' lang='lat' dir='ltr'><strong>habuit</strong></span> <span class='ocrx_word' id='word_1_665' title='bbox 2975 2694 3246 2750; x_wconf 76' lang='lat' dir='ltr'><strong>laborem?</strong></span> <span class='ocrx_word' id='word_1_666' title='bbox 3276 2694 3414 2762; x_wconf 89' lang='lat' dir='ltr'><strong>Quid</strong></span> <span class='ocrx_word' id='word_1_667' title='bbox 3458 2703 3539 2751; x_wconf 90' lang='lat' dir='ltr'><strong>cst</strong></span> <span class='ocrx_word' id='word_1_668' title='bbox 3567 2698 3709 2751; x_wconf 88' lang='lat' dir='ltr'><strong>enim</strong></span> <span class='ocrx_word' id='word_1_669' title='bbox 3746 2695 3856 2753; x_wconf 86' lang='lat' dir='ltr'><strong>hoc</strong></span> <span class='ocrx_word' id='word_1_670' title='bbox 3900 2713 4012 2768; x_wconf 68' lang='lat' dir='ltr'><strong>om</strong></span> 
     </span>
    </p>
   </div>
   <div class='ocr_carea' id='block_1_88' title="bbox 2459 2784 4012 2856">
    <p class='ocr_par' dir='ltr' id='par_1_88' title="bbox 2459 2784 4012 2856">
     <span class='ocr_line' id='line_1_88' title="bbox 2459 2784 4012 2856; baseline 0.003 -18"><span class='ocrx_word' id='word_1_671' title='bbox 2459 2784 2837 2854; x_wconf 73' lang='lat' dir='ltr'><strong>pmtautius?</strong></span> <span class='ocrx_word' id='word_1_672' title='bbox 2864 2784 2989 2856; x_wconf 89' lang='lat' dir='ltr'><strong>quid</strong></span> <span class='ocrx_word' id='word_1_673' title='bbox 3026 2801 3151 2840; x_wconf 69' lang='lat' dir='ltr'><strong>vero</strong></span> <span class='ocrx_word' id='word_1_674' title='bbox 3176 2784 3401 2840; x_wconf 79' lang='lat' dir='ltr'><strong>utilius?</strong></span> <span class='ocrx_word' id='word_1_675' title='bbox 3422 2784 3680 2840; x_wconf 86' lang='lat' dir='ltr'><strong>Omnibus</strong></span> <span class='ocrx_word' id='word_1_676' title='bbox 3713 2786 3942 2846; x_wconf 84' lang='lat' dir='ltr'><strong>artibus</strong></span> <span class='ocrx_word' id='word_1_677' title='bbox 3977 2804 4012 2843; x_wconf 74' lang='grc' dir='ltr'>ε</span> 
     </span>
    </p>
   </div>
   <div class='ocr_carea' id='block_1_89' title="bbox 2458 2876 4012 2948">
    <p class='ocr_par' dir='ltr' id='par_1_89' title="bbox 2458 2876 4012 2948">
     <span class='ocr_line' id='line_1_89' title="bbox 2458 2876 4012 2948; baseline 0.003 -16"><span class='ocrx_word' id='word_1_678' title='bbox 2458 2876 2674 2932; x_wconf 88' lang='lat' dir='ltr'><strong>blimius</strong></span> <span class='ocrx_word' id='word_1_679' title='bbox 2701 2887 2801 2933; x_wconf 87' lang='lat' dir='ltr'><strong>est.</strong></span> <span class='ocrx_word' id='word_1_680' title='bbox 2835 2876 3111 2945; x_wconf 87' lang='lat' dir='ltr'><strong>Quodnam</strong></span> <span class='ocrx_word' id='word_1_681' title='bbox 3157 2887 3241 2933; x_wconf 86' lang='lat' dir='ltr'><strong>est</strong></span> <span class='ocrx_word' id='word_1_682' title='bbox 3269 2892 3398 2947; x_wconf 77' lang='lat' dir='ltr'><strong>ergo</strong></span> <span class='ocrx_word' id='word_1_683' title='bbox 3438 2878 3541 2933; x_wconf 87' lang='lat' dir='ltr'><strong>hoc</strong></span> <span class='ocrx_word' id='word_1_684' title='bbox 3568 2893 3724 2948; x_wconf 88' lang='lat' dir='ltr'><strong>opus.</strong></span> <span class='ocrx_word' id='word_1_685' title='bbox 3753 2880 3910 2946; x_wconf 86' lang='lat' dir='ltr'><strong>quod</strong></span> <span class='ocrx_word' id='word_1_686' title='bbox 3961 2898 4012 2936; x_wconf 73' lang='lat' dir='ltr'><strong>rt</strong></span> 
     </span>
    </p>
   </div>
   <div class='ocr_carea' id='block_1_90' title="bbox 2460 2966 4012 3040">
    <p class='ocr_par' dir='ltr' id='par_1_90' title="bbox 2460 2966 4012 3040">
     <span class='ocr_line' id='line_1_90' title="bbox 2460 2966 4012 3040; baseline 0.004 -19"><span class='ocrx_word' id='word_1_687' title='bbox 2460 2966 2627 3022; x_wconf 83' lang='lat' dir='ltr'><strong>dicit?</strong></span> <span class='ocrx_word' id='word_1_688' title='bbox 2665 2967 2761 3022; x_wconf 81' lang='lat' dir='ltr'><strong>Hic</strong></span> <span class='ocrx_word' id='word_1_689' title='bbox 2788 2968 3041 3040; x_wconf 80' lang='lat' dir='ltr'><strong>hymnus,</strong></span> <span class='ocrx_word' id='word_1_690' title='bbox 3084 2967 3198 3023; x_wconf 59' lang='lat' dir='ltr'><strong>hac</strong></span> <span class='ocrx_word' id='word_1_691' title='bbox 3228 2967 3527 3038; x_wconf 57' lang='lat' dir='ltr'><strong>prollhetia.</strong></span> <span class='ocrx_word' id='word_1_692' title='bbox 3558 2967 3675 3023; x_wconf 81' lang='lat' dir='ltr'><strong>Non</strong></span> <span class='ocrx_word' id='word_1_693' title='bbox 3704 2968 3841 3022; x_wconf 80' lang='lat' dir='ltr'><strong>dixit</strong></span> <span class='ocrx_word' id='word_1_694' title='bbox 3868 2982 4012 3027; x_wconf 68' lang='lat' dir='ltr'><strong>aliti</strong></span> 
     </span>
    </p>
   </div>
   <div class='ocr_carea' id='block_1_91' title="bbox 2460 3058 4011 3130">
    <p class='ocr_par' dir='ltr' id='par_1_91' title="bbox 2460 3058 4011 3130">
     <span class='ocr_line' id='line_1_91' title="bbox 2460 3058 4011 3130; baseline 0.002 -18"><span class='ocrx_word' id='word_1_695' title='bbox 2460 3058 2669 3112; x_wconf 85' lang='lat' dir='ltr'><strong>euinam</strong></span> <span class='ocrx_word' id='word_1_696' title='bbox 2708 3060 2846 3128; x_wconf 85' lang='lat' dir='ltr'><strong>regi,</strong></span> <span class='ocrx_word' id='word_1_697' title='bbox 2877 3059 3180 3130; x_wconf 76' lang='lat' dir='ltr'><strong>significans</strong></span> <span class='ocrx_word' id='word_1_698' title='bbox 3214 3074 3275 3114; x_wconf 86' lang='lat' dir='ltr'><strong>se</strong></span> <span class='ocrx_word' id='word_1_699' title='bbox 3303 3059 3480 3115; x_wconf 85' lang='lat' dir='ltr'><strong>dicere</strong></span> <span class='ocrx_word' id='word_1_700' title='bbox 3512 3060 3621 3115; x_wconf 87' lang='lat' dir='ltr'><strong>Deo</strong></span> <span class='ocrx_word' id='word_1_701' title='bbox 3660 3060 4011 3116; x_wconf 63' lang='lat' dir='ltr'><strong>enicet-simu</strong></span> 
     </span>
    </p>
   </div>
   <div class='ocr_carea' id='block_1_92' title="bbox 2458 3148 4012 3221">
    <p class='ocr_par' dir='ltr' id='par_1_92' title="bbox 2458 3148 4012 3221">
     <span class='ocr_line' id='line_1_92' title="bbox 2458 3148 4012 3221; baseline 0.002 -16"><span class='ocrx_word' id='word_1_702' title='bbox 2458 3148 2915 3216; x_wconf 85' lang='lat' dir='ltr'><strong>Quemadmodum</strong></span> <span class='ocrx_word' id='word_1_703' title='bbox 2963 3152 3106 3206; x_wconf 89' lang='lat' dir='ltr'><strong>enim</strong></span> <span class='ocrx_word' id='word_1_704' title='bbox 3132 3151 3348 3221; x_wconf 86' lang='lat' dir='ltr'><strong>quando</strong></span> <span class='ocrx_word' id='word_1_705' title='bbox 3373 3151 3601 3206; x_wconf 86' lang='lat' dir='ltr'><strong>dicimus</strong></span> <span class='ocrx_word' id='word_1_706' title='bbox 3640 3165 3822 3221; x_wconf 87' lang='lat' dir='ltr'><strong>regem</strong></span> <span class='ocrx_word' id='word_1_707' title='bbox 3855 3151 4012 3208; x_wconf 84' lang='lat' dir='ltr'><strong>Pcrs</strong></span> 
     </span>
    </p>
   </div>
   <div class='ocr_carea' id='block_1_93' title="bbox 2459 3241 4011 3313">
    <p class='ocr_par' dir='ltr' id='par_1_93' title="bbox 2459 3241 4011 3313">
     <span class='ocr_line' id='line_1_93' title="bbox 2459 3241 4011 3313; baseline -0.004 -16"><span class='ocrx_word' id='word_1_708' title='bbox 2459 3256 2599 3305; x_wconf 82' lang='lat' dir='ltr'><strong>nim,</strong></span> <span class='ocrx_word' id='word_1_709' title='bbox 2629 3256 2733 3296; x_wconf 91' lang='lat' dir='ltr'><strong>non</strong></span> <span class='ocrx_word' id='word_1_710' title='bbox 2758 3241 3073 3311; x_wconf 87' lang='lat' dir='ltr'><strong>simpliciter</strong></span> <span class='ocrx_word' id='word_1_711' title='bbox 3100 3252 3155 3298; x_wconf 87' lang='lat' dir='ltr'><strong>et</strong></span> <span class='ocrx_word' id='word_1_712' title='bbox 3181 3242 3423 3299; x_wconf 86' lang='lat' dir='ltr'><strong>absolute</strong></span> <span class='ocrx_word' id='word_1_713' title='bbox 3467 3258 3645 3313; x_wconf 75' lang='lat' dir='ltr'><strong>regem</strong></span> <span class='ocrx_word' id='word_1_714' title='bbox 3673 3241 3937 3309; x_wconf 89' lang='lat' dir='ltr'><strong>dicimus,</strong></span> <span class='ocrx_word' id='word_1_715' title='bbox 3976 3261 4011 3299; x_wconf 52' lang='lat' dir='ltr'><strong>s.</strong></span> 
     </span>
    </p>
   </div>
   <div class='ocr_carea' id='block_1_94' title="bbox 2458 3332 4011 3406">
    <p class='ocr_par' dir='ltr' id='par_1_94' title="bbox 2458 3332 4011 3406">
     <span class='ocr_line' id='line_1_94' title="bbox 2458 3332 4011 3406; baseline 0.003 -19"><span class='ocrx_word' id='word_1_716' title='bbox 2458 3332 2738 3402; x_wconf 82' lang='lat' dir='ltr'><strong>adjicitnus</strong></span> <span class='ocrx_word' id='word_1_717' title='bbox 2765 3334 3064 3400; x_wconf 83' lang='lat' dir='ltr'><strong>Persarum,</strong></span> <span class='ocrx_word' id='word_1_718' title='bbox 3099 3335 3166 3388; x_wconf 85' lang='lat' dir='ltr'><strong>ita</strong></span> <span class='ocrx_word' id='word_1_719' title='bbox 3194 3336 3353 3389; x_wconf 88' lang='lat' dir='ltr'><strong>etiam</strong></span> <span class='ocrx_word' id='word_1_720' title='bbox 3402 3336 3812 3401; x_wconf 82' lang='lat' dir='ltr'><strong>Armeniorum;</strong></span> <span class='ocrx_word' id='word_1_721' title='bbox 3836 3354 4011 3406; x_wconf 64' lang='lat' dir='ltr'><strong>quain</strong></span> 
     </span>
    </p>
   </div>
   <div class='ocr_carea' id='block_1_95' title="bbox 2460 3425 4012 3495">
    <p class='ocr_par' dir='ltr' id='par_1_95' title="bbox 2460 3425 4012 3495">
     <span class='ocr_line' id='line_1_95' title="bbox 2460 3425 4012 3495; baseline 0.003 -17"><span class='ocrx_word' id='word_1_722' title='bbox 2460 3439 2638 3481; x_wconf 86' lang='lat' dir='ltr'><strong>autem</strong></span> <span class='ocrx_word' id='word_1_723' title='bbox 2672 3433 2913 3480; x_wconf 85' lang='lat' dir='ltr'><strong>nostrum</strong></span> <span class='ocrx_word' id='word_1_724' title='bbox 2941 3425 3191 3492; x_wconf 90' lang='lat' dir='ltr'><strong>dicimus,</strong></span> <span class='ocrx_word' id='word_1_725' title='bbox 3240 3440 3345 3480; x_wconf 86' lang='lat' dir='ltr'><strong>non</strong></span> <span class='ocrx_word' id='word_1_726' title='bbox 3370 3425 3638 3481; x_wconf 80' lang='lat' dir='ltr'><strong>habemus</strong></span> <span class='ocrx_word' id='word_1_727' title='bbox 3682 3441 3815 3495; x_wconf 88' lang='lat' dir='ltr'><strong>opus</strong></span> <span class='ocrx_word' id='word_1_728' title='bbox 3844 3427 4012 3484; x_wconf 85' lang='lat' dir='ltr'><strong>addit</strong></span> 
     </span>
    </p>
   </div>
   <div class='ocr_carea' id='block_1_96' title="bbox 2460 3514 4012 3586">
    <p class='ocr_par' dir='ltr' id='par_1_96' title="bbox 2460 3514 4012 3586">
     <span class='ocr_line' id='line_1_96' title="bbox 2460 3514 4012 3586; baseline 0 -15"><span class='ocrx_word' id='word_1_729' title='bbox 2460 3523 2665 3580; x_wconf 87' lang='lat' dir='ltr'><strong>mento,</strong></span> <span class='ocrx_word' id='word_1_730' title='bbox 2707 3515 2801 3571; x_wconf 89' lang='lat' dir='ltr'><strong>sed</strong></span> <span class='ocrx_word' id='word_1_731' title='bbox 2849 3514 3044 3571; x_wconf 75' lang='lat' dir='ltr'><strong>sufficit</strong></span> <span class='ocrx_word' id='word_1_732' title='bbox 3091 3517 3245 3570; x_wconf 89' lang='lat' dir='ltr'><strong>nobis</strong></span> <span class='ocrx_word' id='word_1_733' title='bbox 3295 3531 3475 3586; x_wconf 88' lang='lat' dir='ltr'><strong>regem</strong></span> <span class='ocrx_word' id='word_1_734' title='bbox 3519 3515 3739 3570; x_wconf 81' lang='lat' dir='ltr'><strong>dicere:</strong></span> <span class='ocrx_word' id='word_1_735' title='bbox 3770 3516 3836 3569; x_wconf 84' lang='lat' dir='ltr'><strong>ita</strong></span> <span class='ocrx_word' id='word_1_736' title='bbox 3894 3522 4012 3572; x_wconf 73' lang='lat' dir='ltr'><strong>etin</strong></span> 
     </span>
    </p>
   </div>
   <div class='ocr_carea' id='block_1_97' title="bbox 2462 3606 4012 3678">
    <p class='ocr_par' dir='ltr' id='par_1_97' title="bbox 2462 3606 4012 3678">
     <span class='ocr_line' id='line_1_97' title="bbox 2462 3606 4012 3678; baseline 0.001 -17"><span class='ocrx_word' id='word_1_737' title='bbox 2462 3606 2739 3677; x_wconf 83' lang='lat' dir='ltr'><strong>prepheta,</strong></span> <span class='ocrx_word' id='word_1_738' title='bbox 2775 3608 3023 3678; x_wconf 87' lang='lat' dir='ltr'><strong>quoniam</strong></span> <span class='ocrx_word' id='word_1_739' title='bbox 3062 3608 3295 3678; x_wconf 88' lang='lat' dir='ltr'><strong>loquitur</strong></span> <span class='ocrx_word' id='word_1_740' title='bbox 3340 3607 3408 3662; x_wconf 90' lang='lat' dir='ltr'><strong>de</strong></span> <span class='ocrx_word' id='word_1_741' title='bbox 3438 3621 3513 3662; x_wconf 86' lang='lat' dir='ltr'><strong>.eo</strong></span> <span class='ocrx_word' id='word_1_742' title='bbox 3540 3606 3628 3677; x_wconf 87' lang='lat' dir='ltr'><strong>qui</strong></span> <span class='ocrx_word' id='word_1_743' title='bbox 3661 3623 3782 3662; x_wconf 77' lang='lat' dir='ltr'><strong>vere</strong></span> <span class='ocrx_word' id='word_1_744' title='bbox 3816 3623 3921 3663; x_wconf 83' lang='lat' dir='ltr'><strong>rex</strong></span> <span class='ocrx_word' id='word_1_745' title='bbox 3965 3625 4012 3666; x_wconf 75' lang='lat' dir='ltr'><strong>e:</strong></span> 
     </span>
    </p>
   </div>
   <div class='ocr_carea' id='block_1_98' title="bbox 2460 3698 4011 3770">
    <p class='ocr_par' dir='ltr' id='par_1_98' title="bbox 2460 3698 4011 3770">
     <span class='ocr_line' id='line_1_98' title="bbox 2460 3698 4011 3770; baseline -0.001 -16"><span class='ocrx_word' id='word_1_746' title='bbox 2460 3700 2591 3754; x_wconf 85' lang='lat' dir='ltr'><strong>satis</strong></span> <span class='ocrx_word' id='word_1_747' title='bbox 2636 3699 2805 3754; x_wconf 81' lang='lat' dir='ltr'><strong>habet-</strong></span> <span class='ocrx_word' id='word_1_748' title='bbox 2822 3700 2867 3754; x_wconf 88' lang='lat' dir='ltr'><strong>si</strong></span> <span class='ocrx_word' id='word_1_749' title='bbox 2909 3700 3071 3764; x_wconf 83' lang='lat' dir='ltr'><strong>dicat,</strong></span> <span class='ocrx_word' id='word_1_750' title='bbox 3106 3698 3253 3770; x_wconf 80' lang='lat' dir='ltr'><strong>Regi.</strong></span> <span class='ocrx_word' id='word_1_751' title='bbox 3306 3701 3457 3754; x_wconf 90' lang='lat' dir='ltr'><strong>Sicut</strong></span> <span class='ocrx_word' id='word_1_752' title='bbox 3489 3700 3631 3754; x_wconf 87' lang='lat' dir='ltr'><strong>enim</strong></span> <span class='ocrx_word' id='word_1_753' title='bbox 3673 3714 3792 3754; x_wconf 92' lang='lat' dir='ltr'><strong>cum</strong></span> <span class='ocrx_word' id='word_1_754' title='bbox 3819 3699 4011 3756; x_wconf 74' lang='lat' dir='ltr'><strong>dit-inn</strong></span> 
     </span>
    </p>
   </div>
   <div class='ocr_carea' id='block_1_99' title="bbox 2461 3791 4007 3865">
    <p class='ocr_par' dir='ltr' id='par_1_99' title="bbox 2461 3791 4007 3865">
     <span class='ocr_line' id='line_1_99' title="bbox 2461 3791 4007 3865; baseline 0.003 -20"><span class='ocrx_word' id='word_1_755' title='bbox 2461 3792 2904 3862; x_wconf 88' lang='lat' dir='ltr'><strong>omnipotentem,</strong></span> <span class='ocrx_word' id='word_1_756' title='bbox 2935 3792 3075 3846; x_wconf 84' lang='lat' dir='ltr'><strong>nulla</strong></span> <span class='ocrx_word' id='word_1_757' title='bbox 3101 3807 3235 3863; x_wconf 82' lang='lat' dir='ltr'><strong>Opus</strong></span> <span class='ocrx_word' id='word_1_758' title='bbox 3275 3791 3533 3847; x_wconf 88' lang='lat' dir='ltr'><strong>habemus</strong></span> <span class='ocrx_word' id='word_1_759' title='bbox 3564 3792 3890 3861; x_wconf 73' lang='lat' dir='ltr'><strong>adiectione,</strong></span> <span class='ocrx_word' id='word_1_760' title='bbox 3927 3811 4007 3865; x_wconf 88' lang='lat' dir='ltr'><strong>qu</strong></span> 
     </span>
    </p>
   </div>
   <div class='ocr_carea' id='block_1_100' title="bbox 2462 3882 4012 3955">
    <p class='ocr_par' dir='ltr' id='par_1_100' title="bbox 2462 3882 4012 3955">
     <span class='ocr_line' id='line_1_100' title="bbox 2462 3882 4012 3955; baseline 0.003 -18"><span class='ocrx_word' id='word_1_761' title='bbox 2462 3884 2603 3937; x_wconf 85' lang='lat' dir='ltr'><strong>uiam</strong></span> <span class='ocrx_word' id='word_1_762' title='bbox 2632 3898 2740 3937; x_wconf 91' lang='lat' dir='ltr'><strong>non</strong></span> <span class='ocrx_word' id='word_1_763' title='bbox 2763 3892 2845 3938; x_wconf 85' lang='lat' dir='ltr'><strong>est</strong></span> <span class='ocrx_word' id='word_1_764' title='bbox 2870 3883 3004 3938; x_wconf 77' lang='lat' dir='ltr'><strong>alius</strong></span> <span class='ocrx_word' id='word_1_765' title='bbox 3024 3884 3405 3952; x_wconf 71' lang='lat' dir='ltr'><strong>omnipotens:</strong></span> <span class='ocrx_word' id='word_1_766' title='bbox 3443 3883 3512 3936; x_wconf 82' lang='lat' dir='ltr'><strong>ita</strong></span> <span class='ocrx_word' id='word_1_767' title='bbox 3535 3882 3694 3937; x_wconf 86' lang='lat' dir='ltr'><strong>etiam</strong></span> <span class='ocrx_word' id='word_1_768' title='bbox 3720 3898 3836 3938; x_wconf 88' lang='lat' dir='ltr'><strong>cum</strong></span> <span class='ocrx_word' id='word_1_769' title='bbox 3868 3900 4012 3955; x_wconf 84' lang='lat' dir='ltr'><strong>rege</strong></span> 
     </span>
    </p>
   </div>
   <div class='ocr_carea' id='block_1_101' title="bbox 2461 3972 4011 4045">
    <p class='ocr_par' dir='ltr' id='par_1_101' title="bbox 2461 3972 4011 4045">
     <span class='ocr_line' id='line_1_101' title="bbox 2461 3972 4011 4045; baseline 0.001 -17"><span class='ocrx_word' id='word_1_770' title='bbox 2461 3972 2708 4039; x_wconf 86' lang='lat' dir='ltr'><strong>dicimus,</strong></span> <span class='ocrx_word' id='word_1_771' title='bbox 2754 3988 2860 4027; x_wconf 86' lang='lat' dir='ltr'><strong>non</strong></span> <span class='ocrx_word' id='word_1_772' title='bbox 2910 3973 3170 4028; x_wconf 70' lang='lat' dir='ltr'><strong>habemus</strong></span> <span class='ocrx_word' id='word_1_773' title='bbox 3212 3988 3347 4042; x_wconf 80' lang='lat' dir='ltr'><strong>Opus</strong></span> <span class='ocrx_word' id='word_1_774' title='bbox 3390 3973 3489 4027; x_wconf 81' lang='lat' dir='ltr'><strong>alia</strong></span> <span class='ocrx_word' id='word_1_775' title='bbox 3535 3974 3853 4041; x_wconf 79' lang='lat' dir='ltr'><strong>adjectione,</strong></span> <span class='ocrx_word' id='word_1_776' title='bbox 3915 3994 4011 4045; x_wconf 69' lang='lat' dir='ltr'><strong>qui</strong></span> 
     </span>
    </p>
   </div>
   <div class='ocr_carea' id='block_1_102' title="bbox 2461 4063 4012 4134">
    <p class='ocr_par' dir='ltr' id='par_1_102' title="bbox 2461 4063 4012 4134">
     <span class='ocr_line' id='line_1_102' title="bbox 2461 4063 4012 4134; baseline 0.001 -15"><span class='ocrx_word' id='word_1_777' title='bbox 2461 4079 2568 4120; x_wconf 88' lang='lat' dir='ltr'><strong>non</strong></span> <span class='ocrx_word' id='word_1_778' title='bbox 2589 4064 2659 4119; x_wconf 90' lang='lat' dir='ltr'><strong>sit</strong></span> <span class='ocrx_word' id='word_1_779' title='bbox 2681 4064 2816 4119; x_wconf 88' lang='lat' dir='ltr'><strong>alius</strong></span> <span class='ocrx_word' id='word_1_780' title='bbox 2838 4080 2929 4119; x_wconf 89' lang='lat' dir='ltr'><strong>rex</strong></span> <span class='ocrx_word' id='word_1_781' title='bbox 2963 4064 3121 4119; x_wconf 89' lang='lat' dir='ltr'><strong>Deus.</strong></span> <span class='ocrx_word' id='word_1_782' title='bbox 3154 4063 3399 4133; x_wconf 79' lang='lat' dir='ltr'><strong>Alioquin</strong></span> <span class='ocrx_word' id='word_1_783' title='bbox 3421 4073 3599 4119; x_wconf 88' lang='lat' dir='ltr'><strong>autem</strong></span> <span class='ocrx_word' id='word_1_784' title='bbox 3616 4064 3676 4119; x_wconf 69' lang='lat' dir='ltr'><strong>is</strong></span> <span class='ocrx_word' id='word_1_785' title='bbox 3703 4066 3792 4134; x_wconf 87' lang='lat' dir='ltr'><strong>qui</strong></span> <span class='ocrx_word' id='word_1_786' title='bbox 3822 4064 3875 4118; x_wconf 86' lang='lat' dir='ltr'><strong>id</strong></span> <span class='ocrx_word' id='word_1_787' title='bbox 3912 4067 4012 4122; x_wconf 78' lang='lat' dir='ltr'><strong>die</strong></span> 
     </span>
    </p>
   </div>
   <div class='ocr_carea' id='block_1_103' title="bbox 2461 4152 4012 4209">
    <p class='ocr_par' dir='ltr' id='par_1_103' title="bbox 2461 4152 4012 4209">
     <span class='ocr_line' id='line_1_103' title="bbox 2461 4152 4012 4209; baseline 0.001 -2"><span class='ocrx_word' id='word_1_788' title='bbox 2461 4153 2553 4208; x_wconf 88' lang='lat' dir='ltr'><strong>bat</strong></span> <span class='ocrx_word' id='word_1_789' title='bbox 2579 4169 2682 4209; x_wconf 77' lang='lat' dir='ltr'><strong>rex</strong></span> <span class='ocrx_word' id='word_1_790' title='bbox 2710 4163 2846 4208; x_wconf 86' lang='lat' dir='ltr'><strong>erat.</strong></span> <span class='ocrx_word' id='word_1_791' title='bbox 2875 4152 3029 4209; x_wconf 84' lang='lat' dir='ltr'><strong>Unde</strong></span> <span class='ocrx_word' id='word_1_792' title='bbox 3072 4152 3275 4208; x_wconf 88' lang='lat' dir='ltr'><strong>clarum</strong></span> <span class='ocrx_word' id='word_1_793' title='bbox 3319 4162 3400 4207; x_wconf 88' lang='lat' dir='ltr'><strong>est</strong></span> <span class='ocrx_word' id='word_1_794' title='bbox 3430 4167 3552 4207; x_wconf 88' lang='lat' dir='ltr'><strong>eum</strong></span> <span class='ocrx_word' id='word_1_795' title='bbox 3598 4167 3703 4208; x_wconf 91' lang='lat' dir='ltr'><strong>non</strong></span> <span class='ocrx_word' id='word_1_796' title='bbox 3738 4153 3804 4208; x_wconf 90' lang='lat' dir='ltr'><strong>de</strong></span> <span class='ocrx_word' id='word_1_797' title='bbox 3829 4152 4012 4209; x_wconf 85' lang='lat' dir='ltr'><strong>ltomil</strong></span> 
     </span>
    </p>
   </div>
   <div class='ocr_carea' id='block_1_104' title="bbox 2460 4242 4012 4310">
    <p class='ocr_par' dir='ltr' id='par_1_104' title="bbox 2460 4242 4012 4310">
     <span class='ocr_line' id='line_1_104' title="bbox 2460 4242 4012 4310; baseline 0.003 -11"><span class='ocrx_word' id='word_1_798' title='bbox 2460 4244 2661 4308; x_wconf 85' lang='lat' dir='ltr'><strong>dicere,</strong></span> <span class='ocrx_word' id='word_1_799' title='bbox 2711 4242 2807 4298; x_wconf 84' lang='lat' dir='ltr'><strong>sed</strong></span> <span class='ocrx_word' id='word_1_800' title='bbox 2833 4242 2900 4299; x_wconf 86' lang='lat' dir='ltr'><strong>de</strong></span> <span class='ocrx_word' id='word_1_801' title='bbox 2931 4244 3038 4298; x_wconf 85' lang='lat' dir='ltr'><strong>Deo</strong></span> <span class='ocrx_word' id='word_1_802' title='bbox 3081 4244 3485 4310; x_wconf 79' lang='lat' dir='ltr'><strong>universorum;</strong></span> <span class='ocrx_word' id='word_1_803' title='bbox 3538 4254 3596 4298; x_wconf 86' lang='lat' dir='ltr'><strong>et</strong></span> <span class='ocrx_word' id='word_1_804' title='bbox 3634 4242 3754 4299; x_wconf 86' lang='lat' dir='ltr'><strong>ideo</strong></span> <span class='ocrx_word' id='word_1_805' title='bbox 3776 4259 3891 4299; x_wconf 80' lang='lat' dir='ltr'><strong>non</strong></span> <span class='ocrx_word' id='word_1_806' title='bbox 3928 4247 4012 4304; x_wconf 70' lang='lat' dir='ltr'><strong>ditt</strong></span> 
     </span>
    </p>
   </div>
   <div class='ocr_carea' id='block_1_105' title="bbox 2460 4332 4012 4407">
    <p class='ocr_par' dir='ltr' id='par_1_105' title="bbox 2460 4332 4012 4407">
     <span class='ocr_line' id='line_1_105' title="bbox 2460 4332 4012 4407; baseline 0.003 -18"><span class='ocrx_word' id='word_1_807' title='bbox 2460 4342 2677 4407; x_wconf 71' lang='grc' dir='ltr'><strong>βασιλεῖ,</strong></span> <span class='ocrx_word' id='word_1_808' title='bbox 2698 4334 2793 4389; x_wconf 92' lang='lat' dir='ltr'><strong>sed</strong></span> <span class='ocrx_word' id='word_1_809' title='bbox 2820 4345 2886 4406; x_wconf 65' lang='grc' dir='ltr'><strong>τῷ</strong></span> <span class='ocrx_word' id='word_1_810' title='bbox 2907 4344 3121 4405; x_wconf 75' lang='grc' dir='ltr'><strong>βασιλεῖ,</strong></span> <span class='ocrx_word' id='word_1_811' title='bbox 3152 4332 3451 4403; x_wconf 74' lang='lat' dir='ltr'><strong>adiectione</strong></span> <span class='ocrx_word' id='word_1_812' title='bbox 3490 4333 3703 4389; x_wconf 88' lang='lat' dir='ltr'><strong>articuli</strong></span> <span class='ocrx_word' id='word_1_813' title='bbox 3723 4334 4012 4405; x_wconf 66' lang='lat' dir='ltr'><strong>peculiare:</strong></span> 
     </span>
    </p>
   </div>
   <div class='ocr_carea' id='block_1_106' title="bbox 2461 4426 3210 4485">
    <p class='ocr_par' dir='ltr' id='par_1_106' title="bbox 2461 4426 3210 4485">
     <span class='ocr_line' id='line_1_106' title="bbox 2461 4426 3210 4485; baseline -0.005 0"><span class='ocrx_word' id='word_1_814' title='bbox 2461 4428 2877 4485; x_wconf 86' lang='lat' dir='ltr'><strong>dominationem</strong></span> <span class='ocrx_word' id='word_1_815' title='bbox 2902 4426 3210 4483; x_wconf 89' lang='lat' dir='ltr'><strong>ostendens.</strong></span> 
     </span>
    </p>
   </div>
   <div class='ocr_carea' id='block_1_107' title="bbox 2530 4517 4012 4588">
    <p class='ocr_par' dir='ltr' id='par_1_107' title="bbox 2530 4517 4012 4588">
     <span class='ocr_line' id='line_1_107' title="bbox 2530 4517 4012 4588; baseline 0.001 -13"><span class='ocrx_word' id='word_1_816' title='bbox 2530 4522 2586 4575; x_wconf 76' lang='lat'><strong>2.</strong></span> <span class='ocrx_word' id='word_1_817' title='bbox 2630 4520 2827 4576; x_wconf 89' lang='lat' dir='ltr'><strong>Deinde</strong></span> <span class='ocrx_word' id='word_1_818' title='bbox 2846 4535 3030 4575; x_wconf 90' lang='lat' dir='ltr'><strong>rursus</strong></span> <span class='ocrx_word' id='word_1_819' title='bbox 3050 4518 3329 4575; x_wconf 82' lang='lat' dir='ltr'><strong>declarans</strong></span> <span class='ocrx_word' id='word_1_820' title='bbox 3358 4533 3477 4588; x_wconf 63' lang='lat' dir='ltr'><strong>quae</strong></span> <span class='ocrx_word' id='word_1_821' title='bbox 3497 4517 3763 4583; x_wconf 89' lang='lat' dir='ltr'><strong>dicuntur,</strong></span> <span class='ocrx_word' id='word_1_822' title='bbox 3793 4533 3901 4575; x_wconf 91' lang='lat' dir='ltr'><strong>non</strong></span> <span class='ocrx_word' id='word_1_823' title='bbox 3928 4537 4012 4577; x_wconf 79' lang='lat' dir='ltr'><strong>ess</strong></span> 
     </span>
    </p>
   </div>
   <div class='ocr_carea' id='block_1_108' title="bbox 2461 4612 4012 4683">
    <p class='ocr_par' dir='ltr' id='par_1_108' title="bbox 2461 4612 4012 4683">
     <span class='ocr_line' id='line_1_108' title="bbox 2461 4612 4012 4683; baseline 0.002 -15"><span class='ocrx_word' id='word_1_824' title='bbox 2461 4613 2529 4668; x_wconf 88' lang='lat' dir='ltr'><strong>ab</strong></span> <span class='ocrx_word' id='word_1_825' title='bbox 2559 4612 2774 4669; x_wconf 89' lang='lat' dir='ltr'><strong>homine</strong></span> <span class='ocrx_word' id='word_1_826' title='bbox 2799 4613 3115 4683; x_wconf 79' lang='lat' dir='ltr'><strong>excogitata,</strong></span> <span class='ocrx_word' id='word_1_827' title='bbox 3149 4612 3399 4666; x_wconf 83' lang='lat' dir='ltr'><strong>meditata</strong></span> <span class='ocrx_word' id='word_1_828' title='bbox 3430 4623 3485 4667; x_wconf 89' lang='lat' dir='ltr'><strong>et</strong></span> <span class='ocrx_word' id='word_1_829' title='bbox 3508 4614 3831 4682; x_wconf 84' lang='lat' dir='ltr'><strong>composita,</strong></span> <span class='ocrx_word' id='word_1_830' title='bbox 3862 4615 3965 4668; x_wconf 87' lang='lat' dir='ltr'><strong>sed</strong></span> <span class='ocrx_word' id='word_1_831' title='bbox 3992 4633 4012 4671; x_wconf 63' lang='grc' dir='ltr'>ε</span> 
     </span>
    </p>
   </div>
   <div class='ocr_carea' id='block_1_109' title="bbox 2460 4703 4012 4776">
    <p class='ocr_par' dir='ltr' id='par_1_109' title="bbox 2460 4703 4012 4776">
     <span class='ocr_line' id='line_1_109' title="bbox 2460 4703 4012 4776; baseline -0.002 -15"><span class='ocrx_word' id='word_1_832' title='bbox 2460 4721 2578 4763; x_wconf 85' lang='lat' dir='ltr'><strong>esse</strong></span> <span class='ocrx_word' id='word_1_833' title='bbox 2605 4708 2796 4761; x_wconf 70' lang='lat' dir='ltr'><strong>divina:</strong></span> <span class='ocrx_word' id='word_1_834' title='bbox 2822 4706 3025 4776; x_wconf 70' lang='lat' dir='ltr'><strong>gratiae,</strong></span> <span class='ocrx_word' id='word_1_835' title='bbox 3054 4716 3103 4759; x_wconf 89' lang='lat' dir='ltr'><strong>et</strong></span> <span class='ocrx_word' id='word_1_836' title='bbox 3126 4718 3185 4758; x_wconf 85' lang='lat' dir='ltr'><strong>se</strong></span> <span class='ocrx_word' id='word_1_837' title='bbox 3209 4714 3410 4757; x_wconf 64' lang='lat' dir='ltr'><strong>tantum</strong></span> <span class='ocrx_word' id='word_1_838' title='bbox 3436 4704 3669 4772; x_wconf 75' lang='lat' dir='ltr'><strong>linguam</strong></span> <span class='ocrx_word' id='word_1_839' title='bbox 3700 4703 3777 4757; x_wconf 89' lang='lat' dir='ltr'><strong>eis</strong></span> <span class='ocrx_word' id='word_1_840' title='bbox 3796 4717 4012 4759; x_wconf 67' lang='lat' dir='ltr'><strong>comma</strong></span> 
     </span>
    </p>
   </div>
   <div class='ocr_carea' id='block_1_110' title="bbox 2459 4793 4012 4866">
    <p class='ocr_par' dir='ltr' id='par_1_110' title="bbox 2459 4793 4012 4866">
     <span class='ocr_line' id='line_1_110' title="bbox 2459 4793 4012 4866; baseline -0.003 -11"><span class='ocrx_word' id='word_1_841' title='bbox 2459 4800 2636 4866; x_wconf 80' lang='lat' dir='ltr'><strong>classe,</strong></span> <span class='ocrx_word' id='word_1_842' title='bbox 2669 4797 2941 4865; x_wconf 78' lang='lat' dir='ltr'><strong>subjunxit</strong></span> <span class='ocrx_word' id='word_1_843' title='bbox 2970 4814 2983 4851; x_wconf 92' lang='lat'>:</span> <span class='ocrx_word' id='word_1_844' title='bbox 3008 4795 3206 4866; x_wconf 84' lang='lat' dir='ltr'><strong>Lingua</strong></span> <span class='ocrx_word' id='word_1_845' title='bbox 3229 4793 3789 4848; x_wconf 64' lang='lat' dir='ltr'><strong>meacalwttusscribw</strong></span> <span class='ocrx_word' id='word_1_846' title='bbox 3814 4796 4012 4851; x_wconf 66' lang='lat' dir='ltr'><strong>velocia</strong></span> 
     </span>
    </p>
   </div>
   <div class='ocr_carea' id='block_1_111' title="bbox 2459 4884 4012 4953">
    <p class='ocr_par' dir='ltr' id='par_1_111' title="bbox 2459 4884 4012 4953">
     <span class='ocr_line' id='line_1_111' title="bbox 2459 4884 4012 4953; baseline -0.001 -8"><span class='ocrx_word' id='word_1_847' title='bbox 2459 4891 2738 4945; x_wconf 79' lang='lat' dir='ltr'><strong>scribentis.</strong></span> <span class='ocrx_word' id='word_1_848' title='bbox 2771 4887 3017 4941; x_wconf 88' lang='lat' dir='ltr'><strong>Calamus</strong></span> <span class='ocrx_word' id='word_1_849' title='bbox 3039 4898 3215 4939; x_wconf 77' lang='lat' dir='ltr'><strong>autem</strong></span> <span class='ocrx_word' id='word_1_850' title='bbox 3245 4901 3302 4939; x_wconf 82' lang='lat' dir='ltr'><strong>ea</strong></span> <span class='ocrx_word' id='word_1_851' title='bbox 3322 4885 3525 4950; x_wconf 83' lang='lat' dir='ltr'><strong>scribit,</strong></span> <span class='ocrx_word' id='word_1_852' title='bbox 3555 4900 3674 4953; x_wconf 71' lang='lat' dir='ltr'><strong>qua:</strong></span> <span class='ocrx_word' id='word_1_853' title='bbox 3697 4884 3838 4952; x_wconf 85' lang='lat' dir='ltr'><strong>jubet</strong></span> <span class='ocrx_word' id='word_1_854' title='bbox 3855 4902 4012 4944; x_wconf 76' lang='lat' dir='ltr'><strong>manu</strong></span> 
     </span>
    </p>
   </div>
   <div class='ocr_carea' id='block_1_112' title="bbox 2458 4973 4012 5053">
    <p class='ocr_par' dir='ltr' id='par_1_112' title="bbox 2458 4973 4012 5053">
     <span class='ocr_line' id='line_1_112' title="bbox 2458 4973 4012 5053; baseline -0.003 -16"><span class='ocrx_word' id='word_1_855' title='bbox 2458 4984 2574 5053; x_wconf 86' lang='lat' dir='ltr'><strong>ejus</strong></span> <span class='ocrx_word' id='word_1_856' title='bbox 2600 4980 2689 5051; x_wconf 90' lang='lat' dir='ltr'><strong>qui</strong></span> <span class='ocrx_word' id='word_1_857' title='bbox 2720 4995 2841 5035; x_wconf 90' lang='lat' dir='ltr'><strong>eum</strong></span> <span class='ocrx_word' id='word_1_858' title='bbox 2871 4986 3034 5031; x_wconf 88' lang='lat' dir='ltr'><strong>tenet.</strong></span> <span class='ocrx_word' id='word_1_859' title='bbox 3066 4978 3218 5031; x_wconf 81' lang='lat' dir='ltr'><strong>Alius</strong></span> <span class='ocrx_word' id='word_1_860' title='bbox 3247 4986 3425 5030; x_wconf 83' lang='lat' dir='ltr'><strong>autem</strong></span> <span class='ocrx_word' id='word_1_861' title='bbox 3454 4975 3605 5037; x_wconf 87' lang='lat' dir='ltr'><strong>dicit,</strong></span> <span class='ocrx_word' id='word_1_862' title='bbox 3639 4973 3829 5046; x_wconf 75' lang='lat' dir='ltr'><strong>Lingua</strong></span> <span class='ocrx_word' id='word_1_863' title='bbox 3858 4994 3971 5032; x_wconf 82' lang='lat' dir='ltr'><strong>mea</strong></span> <span class='ocrx_word' id='word_1_864' title='bbox 3994 4998 4012 5033; x_wconf 76' lang='lat' dir='ltr'><strong>tl</strong></span> 
     </span>
    </p>
   </div>
   <div class='ocr_carea' id='block_1_113' title="bbox 2458 5064 4012 5143">
    <p class='ocr_par' dir='ltr' id='par_1_113' title="bbox 2458 5064 4012 5143">
     <span class='ocr_line' id='line_1_113' title="bbox 2458 5064 4012 5143; baseline 0 -18"><span class='ocrx_word' id='word_1_865' title='bbox 2458 5072 2619 5143; x_wconf 79' lang='lat' dir='ltr'><strong>stylus</strong></span> <span class='ocrx_word' id='word_1_866' title='bbox 2641 5072 2816 5125; x_wconf 73' lang='lat' dir='ltr'><strong>scriba:</strong></span> <span class='ocrx_word' id='word_1_867' title='bbox 2844 5069 3035 5123; x_wconf 82' lang='lat' dir='ltr'><strong>celeris.</strong></span> <span class='ocrx_word' id='word_1_868' title='bbox 3069 5067 3204 5136; x_wconf 87' lang='lat' dir='ltr'><strong>Quid</strong></span> <span class='ocrx_word' id='word_1_869' title='bbox 3246 5068 3344 5121; x_wconf 72' lang='lat' dir='ltr'><strong>sibi</strong></span> <span class='ocrx_word' id='word_1_870' title='bbox 3378 5066 3487 5119; x_wconf 80' lang='lat' dir='ltr'><strong>vult</strong></span> <span class='ocrx_word' id='word_1_871' title='bbox 3528 5065 3693 5131; x_wconf 87' lang='lat' dir='ltr'><strong>illud,</strong></span> <span class='ocrx_word' id='word_1_872' title='bbox 3726 5064 3950 5123; x_wconf 68' lang='lat' dir='ltr'><strong>Ceteris?</strong></span> <span class='ocrx_word' id='word_1_873' title='bbox 3979 5069 4012 5125; x_wconf 67' lang='grc' dir='ltr'><strong>ἱ]</strong></span> 
     </span>
    </p>
   </div>
   <div class='ocr_carea' id='block_1_114' title="bbox 2459 5157 4012 5233">
    <p class='ocr_par' dir='ltr' id='par_1_114' title="bbox 2459 5157 4012 5233">
     <span class='ocr_line' id='line_1_114' title="bbox 2459 5157 4012 5233; baseline -0.001 -14"><span class='ocrx_word' id='word_1_874' title='bbox 2459 5181 2523 5219; x_wconf 83' lang='lat' dir='ltr'><strong>ex</strong></span> <span class='ocrx_word' id='word_1_875' title='bbox 2555 5180 2619 5218; x_wconf 91' lang='lat' dir='ltr'><strong>eo</strong></span> <span class='ocrx_word' id='word_1_876' title='bbox 2645 5178 2857 5233; x_wconf 85' lang='lat' dir='ltr'><strong>quoque</strong></span> <span class='ocrx_word' id='word_1_877' title='bbox 2896 5161 3142 5217; x_wconf 87' lang='lat' dir='ltr'><strong>ostendat</strong></span> <span class='ocrx_word' id='word_1_878' title='bbox 3171 5161 3417 5229; x_wconf 84' lang='lat' dir='ltr'><strong>gratiam.</strong></span> <span class='ocrx_word' id='word_1_879' title='bbox 3462 5158 3561 5225; x_wconf 89' lang='lat' dir='ltr'><strong>Qui</strong></span> <span class='ocrx_word' id='word_1_880' title='bbox 3590 5158 3732 5212; x_wconf 89' lang='lat' dir='ltr'><strong>enim</strong></span> <span class='ocrx_word' id='word_1_881' title='bbox 3756 5157 3947 5231; x_wconf 79' lang='lat' dir='ltr'><strong>aliquid</strong></span> <span class='ocrx_word' id='word_1_882' title='bbox 3975 5178 4012 5217; x_wconf 86' lang='lat' dir='ltr'><strong>e.</strong></span> 
     </span>
    </p>
   </div>
   <div class='ocr_carea' id='block_1_115' title="bbox 2458 5250 3998 5326">
    <p class='ocr_par' dir='ltr' id='par_1_115' title="bbox 2458 5250 3998 5326">
     <span class='ocr_line' id='line_1_115' title="bbox 2458 5250 3998 5326; baseline -0.004 -14"><span class='ocrx_word' id='word_1_883' title='bbox 2458 5273 2517 5312; x_wconf 91' lang='lat' dir='ltr'><strong>se</strong></span> <span class='ocrx_word' id='word_1_884' title='bbox 2546 5258 2806 5326; x_wconf 87' lang='lat' dir='ltr'><strong>prolatum</strong></span> <span class='ocrx_word' id='word_1_885' title='bbox 2836 5255 3085 5323; x_wconf 87' lang='lat' dir='ltr'><strong>loquitur,</strong></span> <span class='ocrx_word' id='word_1_886' title='bbox 3114 5253 3291 5307; x_wconf 81' lang='lat' dir='ltr'><strong>diil‘ert</strong></span> <span class='ocrx_word' id='word_1_887' title='bbox 3316 5262 3368 5307; x_wconf 88' lang='lat' dir='ltr'><strong>et</strong></span> <span class='ocrx_word' id='word_1_888' title='bbox 3398 5261 3679 5307; x_wconf 83' lang='lat' dir='ltr'><strong>cunctatur</strong></span> <span class='ocrx_word' id='word_1_889' title='bbox 3698 5290 3713 5315; x_wconf 89' lang='lat'><strong>,</strong></span> <span class='ocrx_word' id='word_1_890' title='bbox 3745 5250 3998 5307; x_wconf 80' lang='lat' dir='ltr'><strong>meditans</strong></span> 
     </span>
    </p>
   </div>
   <div class='ocr_carea' id='block_1_116' title="bbox 2458 5341 4011 5416">
    <p class='ocr_par' dir='ltr' id='par_1_116' title="bbox 2458 5341 4011 5416">
     <span class='ocr_line' id='line_1_116' title="bbox 2458 5341 4011 5416; baseline -0.004 -13"><span class='ocrx_word' id='word_1_891' title='bbox 2458 5362 2785 5416; x_wconf 80' lang='lat' dir='ltr'><strong>componens</strong></span> <span class='ocrx_word' id='word_1_892' title='bbox 2807 5386 2820 5410; x_wconf 89' lang='lat'><strong>,</strong></span> <span class='ocrx_word' id='word_1_893' title='bbox 2868 5345 3149 5413; x_wconf 88' lang='lat' dir='ltr'><strong>impeditus</strong></span> <span class='ocrx_word' id='word_1_894' title='bbox 3181 5344 3509 5413; x_wconf 74' lang='lat' dir='ltr'><strong>ignoratione</strong></span> <span class='ocrx_word' id='word_1_895' title='bbox 3531 5384 3545 5406; x_wconf 91' lang='lat'><strong>,</strong></span> <span class='ocrx_word' id='word_1_896' title='bbox 3579 5341 3784 5395; x_wconf 77' lang='lat' dir='ltr'><strong>inscitia</strong></span> <span class='ocrx_word' id='word_1_897' title='bbox 3816 5353 3866 5395; x_wconf 88' lang='lat' dir='ltr'><strong>et</strong></span> <span class='ocrx_word' id='word_1_898' title='bbox 3905 5345 4011 5397; x_wconf 85' lang='lat' dir='ltr'><strong>dila</strong></span> 
     </span>
    </p>
   </div>
   <div class='ocr_carea' id='block_1_117' title="bbox 2458 5434 4012 5505">
    <p class='ocr_par' dir='ltr' id='par_1_117' title="bbox 2458 5434 4012 5505">
     <span class='ocr_line' id='line_1_117' title="bbox 2458 5434 4012 5505; baseline -0.007 -9"><span class='ocrx_word' id='word_1_899' title='bbox 2458 5444 2602 5496; x_wconf 89' lang='lat' dir='ltr'><strong>tione</strong></span> <span class='ocrx_word' id='word_1_900' title='bbox 2626 5457 2640 5503; x_wconf 86' lang='lat'><strong>;</strong></span> <span class='ocrx_word' id='word_1_901' title='bbox 2669 5448 2723 5493; x_wconf 86' lang='lat' dir='ltr'><strong>et</strong></span> <span class='ocrx_word' id='word_1_902' title='bbox 2751 5438 2909 5492; x_wconf 87' lang='lat' dir='ltr'><strong>multa</strong></span> <span class='ocrx_word' id='word_1_903' title='bbox 2938 5444 3061 5491; x_wconf 82' lang='lat' dir='ltr'><strong>sunt</strong></span> <span class='ocrx_word' id='word_1_904' title='bbox 3089 5451 3204 5505; x_wconf 70' lang='lat' dir='ltr'><strong>qua:</strong></span> <span class='ocrx_word' id='word_1_905' title='bbox 3232 5435 3564 5488; x_wconf 79' lang='lat' dir='ltr'><strong>velocitatem</strong></span> <span class='ocrx_word' id='word_1_906' title='bbox 3594 5434 3848 5486; x_wconf 86' lang='lat' dir='ltr'><strong>sermonis</strong></span> <span class='ocrx_word' id='word_1_907' title='bbox 3868 5435 4012 5488; x_wconf 43' lang='lat' dir='ltr'><strong>intcr.</strong></span> 
     </span>
    </p>
   </div>
   <div class='ocr_carea' id='block_1_118' title="bbox 2460 5525 4011 5600">
    <p class='ocr_par' dir='ltr' id='par_1_118' title="bbox 2460 5525 4011 5600">
     <span class='ocr_line' id='line_1_118' title="bbox 2460 5525 4011 5600; baseline -0.01 -12"><span class='ocrx_word' id='word_1_908' title='bbox 2460 5529 2669 5588; x_wconf 77' lang='lat' dir='ltr'><strong>turbant</strong></span> <span class='ocrx_word' id='word_1_909' title='bbox 2698 5549 2711 5583; x_wconf 89' lang='lat'><strong>:</strong></span> <span class='ocrx_word' id='word_1_910' title='bbox 2741 5528 2949 5600; x_wconf 86' lang='lat' dir='ltr'><strong>quando</strong></span> <span class='ocrx_word' id='word_1_911' title='bbox 2976 5538 3149 5581; x_wconf 88' lang='lat' dir='ltr'><strong>autem</strong></span> <span class='ocrx_word' id='word_1_912' title='bbox 3176 5539 3407 5580; x_wconf 72' lang='lat' dir='ltr'><strong>mentem</strong></span> <span class='ocrx_word' id='word_1_913' title='bbox 3435 5537 3610 5577; x_wconf 68' lang='lat' dir='ltr'><strong>mox-et</strong></span> <span class='ocrx_word' id='word_1_914' title='bbox 3635 5525 3875 5592; x_wconf 73' lang='lat' dir='ltr'><strong>Spirizus,</strong></span> <span class='ocrx_word' id='word_1_915' title='bbox 3904 5526 4011 5577; x_wconf 73' lang='lat' dir='ltr'><strong>nilu</strong></span> 
     </span>
    </p>
   </div>
   <div class='ocr_carea' id='block_1_119' title="bbox 2458 5618 4012 5695">
    <p class='ocr_par' dir='ltr' id='par_1_119' title="bbox 2458 5618 4012 5695">
     <span class='ocr_line' id='line_1_119' title="bbox 2458 5618 4012 5695; baseline -0.006 -15"><span class='ocrx_word' id='word_1_916' title='bbox 2458 5625 2702 5695; x_wconf 86' lang='lat' dir='ltr'><strong>estquod</strong></span> <span class='ocrx_word' id='word_1_917' title='bbox 2750 5620 3160 5691; x_wconf 85' lang='lat' dir='ltr'><strong>impediat;sed</strong></span> <span class='ocrx_word' id='word_1_918' title='bbox 3204 5620 3342 5673; x_wconf 90' lang='lat' dir='ltr'><strong>sicut</strong></span> <span class='ocrx_word' id='word_1_919' title='bbox 3400 5632 3552 5686; x_wconf 72' lang='lat' dir='ltr'><strong>aqua:</strong></span> <span class='ocrx_word' id='word_1_920' title='bbox 3606 5618 3864 5686; x_wconf 79' lang='lat' dir='ltr'><strong>impetus,</strong></span> <span class='ocrx_word' id='word_1_921' title='bbox 3910 5629 4012 5671; x_wconf 83' lang='lat' dir='ltr'><strong>cuul</strong></span> 
     </span>
    </p>
   </div>
   <div class='ocr_carea' id='block_1_120' title="bbox 2457 5749 4012 5873">
    <p class='ocr_par' dir='ltr' id='par_1_120' title="bbox 2457 5749 4012 5873">
     <span class='ocr_line' id='line_1_120' title="bbox 2457 5749 4012 5873; baseline -0.003 -67"><span class='ocrx_word' id='word_1_922' title='bbox 2457 5761 2591 5873; x_wconf 70' lang='grc' dir='ltr'><strong>99(η)</strong></span> <span class='ocrx_word' id='word_1_923' title='bbox 2628 5758 2755 5809; x_wconf 74' lang='lat' dir='ltr'><strong>Plato</strong></span> <span class='ocrx_word' id='word_1_924' title='bbox 2793 5758 2841 5807; x_wconf 89' lang='lat' dir='ltr'><strong>in</strong></span> <span class='ocrx_word' id='word_1_925' title='bbox 2867 5754 3069 5818; x_wconf 76' lang='lat' dir='ltr'><strong>Apolog.</strong></span> <span class='ocrx_word' id='word_1_926' title='bbox 3098 5752 3303 5803; x_wconf 82' lang='lat' dir='ltr'><strong>Socratis</strong></span> <span class='ocrx_word' id='word_1_927' title='bbox 3334 5764 3387 5813; x_wconf 83' lang='lat' dir='ltr'><strong>p.</strong></span> <span class='ocrx_word' id='word_1_928' title='bbox 3431 5749 3512 5810; x_wconf 67' lang='lat'><strong>22,</strong></span> <span class='ocrx_word' id='word_1_929' title='bbox 3532 5757 3582 5811; x_wconf 88' lang='lat' dir='ltr'><strong>C,</strong></span> <span class='ocrx_word' id='word_1_930' title='bbox 3613 5754 3665 5800; x_wconf 88' lang='lat' dir='ltr'><strong>et</strong></span> <span class='ocrx_word' id='word_1_931' title='bbox 3696 5751 3743 5799; x_wconf 85' lang='lat' dir='ltr'><strong>in</strong></span> <span class='ocrx_word' id='word_1_932' title='bbox 3764 5754 3949 5798; x_wconf 67' lang='lat' dir='ltr'><strong>lenone</strong></span> <span class='ocrx_word' id='word_1_933' title='bbox 3970 5763 4012 5810; x_wconf 83' lang='grc' dir='ltr'><strong>ρ.</strong></span> 
     </span>
     <span class='ocr_line' id='line_1_121' title="bbox 2524 5831 2611 5873; baseline -0.034 0"><span class='ocrx_word' id='word_1_934' title='bbox 2524 5858 2537 5873; x_wconf 95' lang='grc'><strong>.</strong></span> <span class='ocrx_word' id='word_1_935' title='bbox 2564 5831 2611 5871; x_wconf 87' lang='grc' dir='ltr'><strong>υ.</strong></span> 
     </span>
    </p>
   </div>
   <div class='ocr_carea' id='block_1_121' title="bbox 2524 5831 2611 5883">
    <p class='ocr_par' dir='ltr' id='par_1_121' title="bbox 2524 5831 2611 5883">
     <span class='ocr_line' id='line_1_122' title="bbox 2524 5831 2611 5883; baseline -0.011 -12"><span class='ocrx_word' id='word_1_936' title='bbox 2524 5858 2537 5883; x_wconf 86' lang='grc'><em>,</em></span> <span class='ocrx_word' id='word_1_937' title='bbox 2564 5831 2611 5871; x_wconf 87' lang='grc' dir='ltr'><strong>υ.</strong></span> 
     </span>
    </p>
   </div>
  </div>
