4154 6414
171 390 271 445 183

167 512 355 572 magno
380 499 673 552 murmure
711 486 1042 561 praecipitat,
1068 473 1451 552 progreditur:
1488 473 1559 533 ita
1604 467 1779 541 gratia

167 560 399 662 Spii'itus
422 600 551 643 cum
583 560 781 654 magna
804 576 1084 635 celeritate
1114 566 1378 642 procedit,
1411 563 1593 619 omnia
1624 560 1783 625 levia,

168 657 320 753 plana
338 690 393 737 et
413 676 669 750 etpedita
704 670 1003 744 proferens.
1037 660 1244 738 Deinde
1264 658 1370 714 hoc
1396 657 1573 729 ipsum
1599 664 1789 707 rursus

166 788 470 848 expurgatis
492 812 509 834 ,
541 776 601 825 et
627 764 918 824 ostendens
945 757 1076 815 nihil
1102 769 1224 811 esse
1255 752 1547 807 humanum
1591 757 1779 800 eorum

168 833 289 938 quis
309 833 584 928 dicuntur,
615 846 893 929 subiungit
921 850 1012 908 :3.
1041 846 1317 921 Speciosus
1341 842 1510 914 forma
1532 851 1642 910 prae
1668 833 1791 905 ﬁliis

254 1046 441 1102 Versus
465 1040 680 1113 quidam
704 1037 857 1108 hujus
879 1031 1075 1088 Psalmi
1101 1030 1169 1083 ad
1190 1025 1450 1082 Christum
1471 1023 1784 1091 referantur;

173 1152 234 1195 ut
262 1155 373 1193 sere
399 1110 557 1207 fuerit
587 1148 786 1204 pauper
813 1128 1070 1186 Christus.
1091 1152 1164 1164 —
1181 1118 1433 1177 Nonnulli
1467 1113 1683 1186 quidem
1705 1110 1791 1166 di—

174 1240 308 1285 cunt
332 1226 439 1283 hoc
467 1225 669 1281 dictum
692 1235 813 1276 esse
837 1218 905 1275 de
925 1217 1126 1287 lingua,
1154 1211 1297 1285 quod
1325 1210 1394 1264 sit
1414 1207 1653 1262 calamus
1673 1215 1797 1272 spc-

176 1321 359 1375 ciosus
387 1315 564 1371 forma
597 1331 612 1369 :
645 1311 776 1366 mihi
827 1316 1013 1364 autem
1050 1304 1260 1359 videtur
1285 1315 1409 1357 eum
1451 1296 1703 1367 deinceps
1730 1291 1799 1347 de

176 1411 399 1468 Christo
418 1407 620 1462 dicere.
642 1403 710 1460 Et
728 1401 848 1457 ideo
863 1400 1003 1455 alius
1025 1409 1239 1467 quoque
1255 1391 1384 1447 dicit
1406 1390 1674 1459 interpres
1699 1383 1795 1457 (a):

184 1498 579 1557 Pulchritndine
605 1502 816 1551 ornatus
835 1508 888 1546 es
905 1506 939 1543 a
962 1487 1085 1559 ﬁliis
1112 1484 1401 1540 hominum.
1435 1479 1625 1549 Magno
1646 1474 1789 1530 enim

184 1594 385 1651 ardore
416 1601 474 1647 ct
499 1603 709 1648 summa
734 1587 787 1641 in
821 1598 947 1640 eum
973 1579 1258 1636 affectione
1284 1573 1522 1646 percitus
1545 1612 1559 1636 ,
1583 1568 1649 1625 ad
1678 1583 1801 1624 eum

182 1687 458 1744 mmertit
493 1684 828 1746 orationem,
871 1670 1324 1748 quemadmodum
1366 1665 1534 1724 Jacob
1589 1676 1805 1734 quoque

184 1779 450 1836 dicebat:
486 1772 569 1830 Ex
613 1772 865 1845 germine,
893 1769 972 1838 ﬁll
1017 1766 1087 1819 mi
1112 1807 1127 1832 ,
1167 1758 1444 1817 ascendisti
1464 1774 1481 1820 ;
1514 1754 1806 1810 recumbens

190 1868 486 1926 dormivisti
525 1875 581 1920 ut
608 1866 685 1919 leo
712 1864 730 1933 (
757 1860 885 1917 Gen.
914 1859 1007 1929 l9.
1038 1856 1137 1925 9).
1178 1856 1220 1908 Α
1255 1853 1367 1907 Deo
1396 1849 1551 1903 enim
1596 1845 1810 1899 afﬂatus

187 1978 318 2017 cum
348 1974 417 2015 eo
440 1956 693 2024 deinceps
722 1950 979 2022 loquitur,
1011 1956 1066 2002 et
1090 1946 1156 2001 ad
1185 1944 1360 2013 ipsum
1393 1936 1572 2007 dirigit
1604 1934 1809 1990 oratio-

188 2068 344 2109 nem.
382 2050 497 2105 Hoc
521 2057 698 2103 autem
729 2043 858 2098 dicit
883 2055 991 2095 non
1031 2053 1125 2109 per
1167 2030 1625 2104 comparationem
1656 2042 1670 2079 :
1699 2039 1809 2078 non

188 2145 343 2201 etiim
374 2143 530 2207 dixit,
561 2134 883 2209 Speciosiur,
915 2132 1032 2195 sed,
1059 2129 1338 2200 Speciosus
1360 2128 1527 2196 [arma
1550 2134 1658 2189 pra:
1688 2116 1811 2187 ﬁliis

202 2235 494 2291 hominum.
529 2232 652 2287 llarc
686 2224 1030 2300 pulchritudo
1048 2230 1132 2277 est
1158 2220 1259 2273 alia
1284 2217 1353 2273 ab
1372 2216 1483 2270 illa.
1510 2210 1808 2269 Considera

188 2336 378 2382 autem
398 2321 667 2395 quomodo
694 2318 925 2391 primum
953 2313 1208 2385 loquitur,
1231 2310 1300 2366 de
1328 2308 1575 2363 humana:
1608 2310 1814 2358 naturae

188 2392 561 2488 msceptionc.
587 2409 741 2481 Quod
767 2416 943 2465 autem
991 2405 1060 2460 de
1097 2418 1160 2458 ca
1202 2402 1453 2472 loquatur
1477 2439 1492 2464 ,
1524 2392 1815 2451 ostendunt

190 2527 321 2583 qua
352 2515 665 2579 sequuntur.
693 2502 828 2558 Cum
871 2499 1014 2555 enim
1055 2496 1317 2557 dixisset,
1343 2490 1616 2561 Speciosns
1648 2490 1815 2558 forma

194 2576 311 2672 pre
501 2596 785 2660 hminum,
831 2588 1113 2662 subjunxit
1142 2603 1157 2640 :
1190 2585 1401 2655 Diffusa
1440 2589 1511 2635 est
1551 2577 1719 2650 gratia
1761 2576 1813 2629 in

191 2669 354 2750 labiis
397 2691 517 2745 tuis.
572 2688 717 2744 Deus
782 2693 961 2739 autem
1023 2696 1132 2736 non
1176 2678 1336 2733 habet
1380 2674 1519 2729 labia
1548 2715 1562 2737 ,
1607 2670 1703 2727 sed
1750 2669 1819 2724 de

196 2789 459 2842 humana:
522 2792 729 2837 natura:
782 2775 1122 2846 susceptione
1176 2773 1369 2842 agitur.
1422 2768 1575 2823 Alius
1633 2775 1814 2819 autem

194 2880 473 2946 interpres
512 2872 693 2931 dicens
716 2913 730 2936 ,
776 2870 967 2937 Refusa
1010 2876 1083 2921 est
1121 2864 1287 2938 gratia
1324 2861 1471 2916 labiis
1519 2858 1619 2911 tuis
1647 2902 1660 2921 ,
1713 2855 1816 2911 hoc

200 2970 334 3025 fecit
373 2966 628 3037 apertius.
651 2961 790 3030 Quid
819 2970 996 3014 autent
1036 2965 1118 3013 est
1138 2995 1152 3020 ,
1186 2953 1377 3022 Refusa
1406 2959 1499 3019 est,
1532 2950 1633 3003 nisi
1671 2946 1820 3001 velut

196 3063 242 3115 si
286 3060 411 3130 quis
444 3058 677 3119 diceret,
706 3053 838 3122 Qua:
861 3060 978 3107 erat
1004 3049 1147 3103 intus
1169 3088 1185 3113 ,
1212 3044 1482 3108 scaturiit,
1506 3039 1818 3096 emanavit?

196 3150 487 3223 Quomodo
509 3163 638 3219 ergo
661 3146 791 3203 dicit
827 3144 963 3199 alius
1006 3140 1261 3212 prapheta
1294 3154 1307 3192 :
1349 3134 1579 3190 Vidimus
1605 3138 1775 3204 ipsum
1799 3171 1817 3197 ,

199 3256 251 3299 et
312 3259 416 3297 non
471 3240 641 3294 habuit
706 3235 976 3305 speciem,
1036 3247 1129 3285 nec
1196 3224 1673 3299 pulchritudinem,
1730 3220 1822 3276 sed

202 3336 433 3409 speciem
492 3332 602 3400 ejus
660 3329 951 3383 indecorum
984 3367 1000 3392 ,
1056 3323 1359 3376 diminutum
1420 3333 1526 3389 prta
1566 3316 1687 3386 ﬁliis
1730 3315 1822 3368 Ito-

202 3431 405 3485 minnm
434 3423 603 3498 (lati.
636 3422 728 3479 53.
754 3420 815 3475 2.
859 3417 973 3491 3)?
1011 3415 1127 3472 Non
1174 3414 1305 3470 dicit
1345 3412 1414 3469 de
1450 3409 1812 3471 deformitate,

205 3519 393 3574 absit:
440 3514 532 3572 sed
572 3513 642 3569 de
680 3511 800 3583 ejus
824 3506 1244 3578 contemptione.
1281 3502 1416 3559 Cum
1456 3501 1599 3557 enim
1645 3498 1814 3553 semel

207 3612 507 3665 humanam
557 3612 801 3660 naturain
841 3599 1209 3670 suscepisset,
1262 3608 1619 3666 qumcumque
1663 3600 1822 3647 erant

206 3702 340 3755 vilia
370 3708 427 3756 ct
449 3693 853 3753 contemnenda,
886 3688 1158 3761 pervasit,
1206 3697 1264 3743 ut
1302 3687 1391 3758 qui
1429 3700 1532 3740 nec
1569 3683 1670 3738 sibi
1701 3697 1818 3737 ma-

207 3806 352 3849 trem
388 3790 621 3861 reginam
647 3784 931 3852 asciverit,
956 3796 1059 3838 nec
1086 3791 1329 3852 tempore
1368 3775 1816 3834 incunabulorum

207 3888 265 3941 in
298 3884 441 3939 lecto
467 3894 631 3938 aureo
659 3878 863 3950 positus
892 3876 980 3942 sit,
1013 3874 1108 3930 sed
1131 3874 1184 3928 in
1216 3870 1463 3943 prtescpi,
1492 3884 1590 3925 nec
1618 3869 1672 3924 in
1704 3883 1820 3923 ma-

207 3977 409 4051 gniﬁca
435 3975 596 4030 domo
625 3972 786 4029 fuerit
810 3969 1090 4036 educatus,
1117 3965 1212 4022 sed
1236 3967 1287 4020 in
1317 3964 1451 4020 labri
1480 3962 1689 4034 lignarii
1718 3961 1821 4014 liu-

209 4070 331 4128 mili
351 4064 671 4123 domuncula
692 4062 713 4135 (
732 4060 859 4115 Luc.
880 4058 936 4119 2.
962 4061 994 4113 7
1016 4057 1057 4130 ).
1083 4053 1151 4112 Et
1176 4069 1361 4111 rursus
1387 4069 1511 4109 cum
1530 4050 1826 4122 discipulos

209 4168 551 4224 assutiteret,
586 4170 694 4212 non
721 4154 971 4210 rhetores
1010 4161 1063 4207 et
1092 4145 1445 4219 philosOphos
1486 4143 1737 4214 accepit,
1768 4150 1826 4198 et

210 4268 395 4327 reges,
427 4251 517 4309 sed
546 4251 835 4322 piscatores
860 4254 916 4302 et
954 4241 1268 4315 publicanos
1297 4238 1317 4312 (
1343 4236 1529 4292 Matth.
1560 4236 1615 4291 4.
1651 4234 1740 4289 18.
1775 4243 1825 4287 et

211 4353 274 4408 9.
292 4326 340 4405 r9
359 4348 416 4419 ):
445 4354 499 4401 et
528 4353 741 4400 tenuem
764 4339 905 4395 hanc
932 4338 1093 4391 vitam
1126 4330 1567 4405 persequebatur,
1595 4341 1695 4381 nec
1723 4326 1822 4381 do-

213 4417 370 4499 mum
397 4437 624 4501 habens,
656 4448 758 4490 nec
785 4429 1025 4487 vestibus
1053 4424 1301 4498 pretiOsis
1330 4423 1569 4485 indutus,
1598 4433 1698 4475 nec
1726 4417 1824 4474 de-

215 4539 379 4591 licata
425 4540 480 4588 et
512 4530 654 4586 lauta
686 4538 873 4583 mensa
919 4521 1103 4577 fruens
1125 4560 1139 4585 ,
1170 4516 1266 4572 sed
1292 4515 1361 4570 ab
1399 4513 1517 4568 aliis
1550 4511 1783 4568 nutritus
1807 4550 1823 4575 ,

217 4626 437 4700 probris
460 4622 703 4685 allectus,
731 4622 1087 4684 contemptus,
1114 4610 1316 4681 ejectus
1337 4615 1393 4663 et
1417 4605 1628 4677 fugatus
1652 4602 1672 4674 (
1696 4600 1827 4656 Luc.

215 4693 276 4777 il.
309 4718 439 4788 58).
465 4714 592 4772 [lare
618 4722 800 4766 autem
837 4704 1065 4762 faciebat
1108 4717 1175 4757 ex
1201 4693 1660 4770 superabundanti
1703 4708 1831 4762 qua-

216 4811 351 4866 dam
396 4807 550 4878 copia
598 4803 893 4858 humanum
941 4794 1134 4851 fastum
1174 4789 1518 4847 conculcans.
1563 4783 1826 4853 Quoniam

218 4921 355 4977 ergo
382 4876 836 4971 nil'magnilicum
866 4905 967 4947 nec
1007 4888 1296 4959 glorio=um
1338 4897 1447 4952 pne
1485 4895 1546 4936 sc
1580 4876 1825 4942 ferebat,

220 4973 327 5055 rrec
354 4996 492 5053 ullos
521 4993 749 5049 comites
786 4985 1056 5047 habebat,
1098 4996 1199 5035 nec
1224 4976 1486 5033 satellites
1509 5015 1523 5041 ,
1563 4973 1674 5027 imo
1699 4985 1829 5026 vero

222 5101 630 5159 nonnumquam
659 5082 820 5139 etiam
852 5077 1002 5133 salus
1046 5071 1308 5150 circuibat
1330 5110 1345 5135 ,
1376 5068 1517 5123 sicut
1542 5063 1769 5137 quilibet
1796 5076 1830 5118 θ

222 5182 458 5258 populo,
486 5155 777 5250 propterea
808 5171 898 5225 ille
924 5166 1142 5238 quidem
1183 5161 1332 5225 dicit,
1378 5158 1608 5214 Vidimus
1634 5155 1825 5225 ipsum,

222 5248 274 5332 ξι
302 5248 402 5328 non
425 5248 599 5325 habuit
622 5263 859 5337 speciem,
890 5276 979 5313 nec
1001 5253 1429 5327 pulchritudinem
1458 5266 1479 5304 :
1498 5248 1588 5303 hic
1613 5256 1791 5302 autem
1812 5288 1828 5312 ,

222 5366 500 5438 Speciem
529 5365 693 5425 {arma
717 5370 823 5428 pra:
843 5354 962 5423 ﬁliis
986 5348 1247 5404 hominum
1273 5345 1290 5410 (
1311 5343 1439 5399 lsai.
1482 5342 1572 5398 53.
1598 5340 1633 5392 2
1658 5337 1679 5411 )
1706 5354 1720 5403 ;
1754 5338 1799 5393 si
1815 5368 1829 5380 ο

218 5458 485 5533 gnilimns
520 5450 773 5524 gratiam,
805 5441 1144 5515 sapientiam,
1181 5436 1479 5493 doctrinam
1503 5476 1516 5499 ,
1550 5421 1829 5486 miracula.

225 5522 434 5609 beindc
461 5522 777 5602 describens
800 5537 917 5608 ejus
946 5530 1396 5605 pulchritudinem
1428 5526 1558 5582 dicit
1582 5540 1595 5576 :
1628 5522 1835 5589 Ullfusa

222 5656 299 5701 (sl
331 5642 500 5717 gratia
516 5639 574 5693 in
597 5634 744 5692 labiis
774 5633 895 5687 tuis.
926 5629 1087 5684 Vides
1116 5641 1239 5683 eum
1266 5623 1385 5679 lucc
1410 5621 1592 5675 dicere
1631 5616 1700 5672 de
1731 5615 1833 5671 ltu-

224 5750 386 5793 mana
428 5732 498 5787 ab
536 5743 605 5784 eo
646 5732 893 5795 suscepta
940 5718 1166 5776 natura?
1193 5715 1323 5785 Qua:
1368 5721 1449 5770 est
1496 5718 1674 5766 autem
1720 5707 1834 5762 [tate

286 5851 365 5915 (tt)
399 5848 590 5913 Aquila.

1346 356 1706 419 EXI‘OSITIO
1742 352 1807 411 IN
1849 348 2172 409 I’SALMUM
2215 346 2393 405 XLIV.

3414 331 3523 385 186

1898 461 2245 542 gratia?Pcr
2273 472 2433 529 quam
2479 455 2700 539 docuit,
2736 464 2833 522 per
2878 462 3038 520 quam
3066 443 3517 525 fecitmiracuta.

1894 539 2133 614 Gratiam
2166 554 2253 608 hic
2293 552 2461 616 dicit,
2504 530 2624 605 eam
2652 560 2773 616 qua:
2798 542 2947 598 venit
2966 538 3037 596 ad
3058 549 3281 593 carnem
3311 551 3324 589 :
3349 522 3523 602 super
3612 548 3613 551 η

1895 668 2076 724 quem,
2106 648 2310 718 inquit,
2343 644 2528 701 uideris
2551 640 2809 713 Spiritum
2849 632 3240 691 descendentem
3260 638 3521 698 tamquam

1896 717 2202 805 columbam,
2227 749 2273 793 et
2298 746 2584 792 manentem
2605 749 2759 804 super
2781 732 2976 801 ipsum,
3008 726 3055 781 is
3075 734 3148 781 est
3179 720 3268 795 qui
3292 717 3523 790 baptizat

1897 835 2093 910 (Joan.
2133 834 2182 888 l.
2214 827 2564 901 33)..Omnis
2592 824 2735 881 enim
2767 821 2939 894 gratia
2979 816 3151 875 ell‘usa
3176 822 3263 871 est
3302 812 3359 867 in
3388 807 3541 866 illud,

1899 928 2179 999 templum.
2204 899 2322 979 Non
2343 921 2439 977 dat
2455 920 2598 976 enim
2628 918 2705 975 illi
2723 915 2982 987 Spiritum
3006 914 3061 966 in
3086 920 3340 964 mensura
3364 920 3377 959 :
3407 899 3529 957 Nos

1898 991 2034 1078 ....-..'.
2076 1019 2142 1075 de
2185 1017 2299 1089 ejus
2329 1012 2650 1087 plenitudine
2697 1007 2989 1082 accepimus
3040 1000 3242 1075 (Joan.
3283 998 3338 1053 l.
3369 991 3523 1067 to);

1903 1114 2033 1170 illud
2060 1088 2239 1167 autem
2271 1107 2535 1179 templum
2575 1105 2842 1173 integram
2881 1106 2938 1155 et
2963 1095 3272 1152 universam
3315 1088 3533 1158 accepit
3583 1110 3588 1120 λ

1903 1207 2155 1287 gmtiam.
2221 1204 2338 1259 Hoc
2382 1200 2547 1255 Isaias
2588 1207 2806 1266 quoque
2859 1187 3209 1260 signiﬁcans,
3260 1180 3521 1243 dicebat,

1905 1273 2201 1374 llequiescet
2226 1313 2382 1368 super
2404 1295 2575 1365 ipsum
2607 1288 2837 1360 Spiritus
2864 1280 3132 1356 sapientia
3154 1287 3201 1333 et
3219 1273 3525 1362 intelligen-

1908 1356 2031 1460 tite',
2065 1356 2305 1463 Spiritus
2329 1356 2531 1442 consilii
2574 1389 2623 1436 et
2653 1356 2865 1434 uirtutis
2889 1415 2906 1442 ,
2951 1370 3181 1443 Spiritus
3217 1356 3446 1421 scientiis
3476 1368 3538 1416 et-

1909 1457 2129 1558 pietatis:
2163 1481 2392 1555 Spiritus
2428 1475 2628 1532 timoris
2649 1471 2745 1527 Dei
2767 1465 2998 1540 implebit
3030 1465 3203 1536 ipsum
3233 1458 3400 1534 (Isai.
3431 1457 3524 1512 il.

1875 1637 1879 1641 .
1997 1578 2033 1633 3
2054 1577 2097 1647 ).
2257 1572 2368 1628 illic
2393 1568 2611 1641 quidem
2633 1572 2717 1621 est
2743 1563 2952 1631 integra
2974 1565 3029 1612 et
3048 1555 3299 1611 universa
3319 1548 3524 1623 gratia:

1872 1730 1887 1744 κ
1912 1672 1966 1727 in
1994 1645 2306 1725 hominibus
2327 1674 2508 1721 autem
2534 1675 2721 1733 parum
2754 1655 2903 1729 quid,
2936 1660 2991 1711 et
3016 1659 3165 1722 gutta
3196 1663 3261 1704 ex
3288 1645 3379 1701 illa
3403 1658 3531 1715 gra~

1915 1766 2006 1820 tia.
2038 1764 2331 1832 Propterea
2357 1772 2466 1812 non
2494 1755 2649 1821 dixit,
2681 1753 2761 1808 Do
2784 1742 3211 1821 Spiritum,.sed,
3247 1736 3531 1807 Effundam

1915 1858 1978 1913 de
2009 1828 2210 1926 Spiritu
2235 1868 2348 1907 meo
2366 1864 2523 1921 super
2543 1862 2747 1902 omnem
2775 1857 2981 1899 carnem
3007 1835 3182 1911 (Ioel.
3215 1833 3271 1888 2.
3301 1828 3437 1901 28).

1988 1952 2043 2007 5.
2077 1949 2191 2004 lloc
2218 1949 2399 2017 imque
2442 1940 2646 1998 evenit.
2674 1936 2863 1994 Omnis
2890 1934 3037 1990 enim
3077 1929 3229 1985 orbis
3262 1935 3529 1980 terrarum

1917 2044 2127 2115 accepit
2154 2058 2220 2097 ex
2254 2041 2346 2095 illo
2373 2037 2598 2108 Spiritu.
2627 2029 2834 2102 lnccpit
2874 2028 3020 2084 enim
3060 2024 3262 2080 donum
3293 2035 3324 2074 a
3355 2016 3534 2073 Palae-

1919 2109 2107 2204 stitia,
2157 2134 2425 2208 processit
2480 2137 2663 2185 autem
2717 2127 2775 2179 in
2837 2121 3171 2193 Aigypwm,
3212 2116 3265 2170 iu
3315 2109 3526 2168 Pltmnie

1919 2232 2078 2297 ciam,
2117 2204 2351 2298 SS-riam,
2380 2221 2644 2285 Ciliciam,
2682 2214 3037 2287 Euphratem,
3064 2204 3536 2277 Mesopotamiam.

1920 2293 2340 2392 Cappadociam,
2376 2313 2665 2378 Galatiam,
2704 2306 3009 2380 Scythiam,
3042 2298 3359 2363 Thraciam,
3381 2293 3539 2350 Cra:—

1922 2390 2084 2482 cia-m,
2120 2410 2382 2475 Galliam,
2410 2406 2640 2471 Italiam,
2665 2414 2884 2457 omnem
2915 2396 3141 2468 Libyam
3167 2434 3185 2458 ,
3219 2390 3537 2458 Europam,

1921 2508 2127 2573 Asiam,
2180 2504 2234 2557 in
2279 2502 2457 2573 ipsum
2486 2497 2785 2554 Oceanum.
2832 2488 2973 2560 Quid
3024 2484 3250 2556 longiori
3296 2477 3543 2535 oratione

1922 2616 2060 2673 opus
2080 2598 2502 2666 est?Quantum
2548 2601 2713 2647 terra:
2767 2587 2851 2643 sol
2894 2581 3155 2654 respicit,
3180 2585 3389 2631 tantum
3421 2585 3543 2641 per-

1924 2696 2061 2752 vasit
2086 2693 2203 2749 haec
2227 2691 2400 2763 gratia
2430 2706 2444 2742 :
2482 2696 2539 2743 et
2588 2684 2708 2739 haec
2735 2689 2883 2753 gutta
2907 2690 2971 2732 ac
3000 2672 3146 2731 stilla
3173 2668 3406 2740 Spiritus
3436 2665 3541 2719 int-

1927 2788 2094 2860 plevit
2116 2788 2429 2841 universum
2461 2780 2653 2835 orbem
2686 2785 2956 2831 terrarum
3007 2765 3256 2823 scicntia.
3290 2761 3395 2827 Per
3421 2772 3555 2823 eam,

1926 2886 2079 2955 signa
2111 2880 2349 2943 ﬁebant,
2402 2874 2646 2929 omnium
2687 2876 2910 2939 peccata
2960 2859 3336 2919 solvebantur.
3359 2850 3547 2910 Gratia
3624 2868 3629 2874 ’

1884 2998 1891 3009 ·
1927 2944 2259 3043 tamenquae
2288 2968 2414 3025 data
2446 2975 2530 3021 est
2584 2964 2639 3017 in
2693 2967 2774 3016 tot
2826 2954 3179 3028 regionibus,
3232 2956 3318 3004 cst
3366 2944 3546 3013 aliqua

1929 3076 2135 3123 tantum
2157 3038 2296 3134 pars
2322 3070 2378 3115 et
2402 3056 2561 3113 arrha
2593 3052 2742 3109 doni.
2776 3049 2922 3104 Datis
2949 3046 3094 3103 enim
3125 3084 3141 3110 ,
3167 3038 3343 3110 inquit.
3397 3038 3546 3104 Apu-

1926 3161 2118 3226 stolus,
2152 3127 2361 3211 drrham
2385 3150 2614 3222 Spiritus
2642 3148 2695 3201 in
2722 3142 2960 3199 cordibus
2990 3138 3181 3193 nostris
3210 3131 3305 3204 (2.
3336 3128 3460 3185 Cor.
3493 3127 3541 3181 Ι.

1926 3252 2155 3324 29.),lioc
2181 3256 2295 3315 est,
2323 3254 2526 3317 partem
2573 3235 2907 3310 operationis
2926 3273 2942 3300 ,
2970 3229 3205 3301 Spiritus
3238 3225 3383 3279 enim
3432 3235 3541 3275 non

1928 3314 2207 3400 dividitur.
2238 3314 2374 3393 Vide
2400 3342 2583 3389 autem
2616 3338 2849 3401 quantus
2874 3324 2949 3381 sit
2985 3321 3123 3376 fons.
3156 3317 3260 3372 Alii
3284 3314 3421 3370 enim
3452 3327 3544 3381 per

1931 3439 2183 3509 Spiritum
2205 3434 2359 3486 datur
2387 3443 2552 3485 sermo
2576 3421 2876 3494 sapientiai;
2902 3416 2994 3471 alii
3026 3429 3145 3469 vero
3186 3423 3353 3465 sermo
3379 3404 3548 3479 scien-

1931 3535 2015 3587 tia:
2053 3526 2338 3585 secundant
2380 3519 2613 3577 eumdem
2663 3513 2919 3586 Spiritum
2943 3524 2964 3573 ;
2992 3506 3084 3561 alii
3114 3519 3230 3559 vero
3254 3500 3385 3571 ﬁdes
3415 3539 3428 3562 ,
3456 3495 3549 3550 alii

1930 3626 2113 3700 gratia:
2139 3620 2498 3681 curationum;
2529 3613 2622 3667 alii
2647 3625 2763 3665 vero
2792 3604 3120 3676 operationes
3159 3604 3468 3670 potestatum
3496 3594 3551 3646 iit

1930 3721 2105 3777 eodeni
2136 3716 2337 3787 Spiritu
2359 3729 2379 3778 ;
2418 3708 2510 3764 alii
2538 3717 2711 3760 autem
2726 3699 3022 3773 ,propltetim
3047 3739 3062 3764 ,
3103 3693 3194 3748 alii
3221 3689 3552 3765 discretioncs

1932 3779 2224 3888 spirituum,
2255 3808 2344 3863 alii
2374 3819 2563 3878 genera
2592 3801 2887 3871 linguarum
2915 3793 2934 3862 (
2959 3793 3012 3848 l.
3041 3789 3163 3845 Cor.
3198 3786 3285 3843 12.
3316 3781 3477 3839 8.-10
3497 3779 3541 3850 ).

1931 3880 2036 3963 νΙζυι
2062 3904 2201 3959 dona
2236 3901 2291 3956 in
2324 3906 2402 3953 tot
2432 3902 2788 3968 gentes,qum
2815 3887 2868 3941 in
2892 3882 3165 3955 baptismo
3195 3885 3445 3946 suscepta
3469 3880 3551 3929 est

1931 3998 2102 4072 gratia
2132 4038 2147 4061 ,
2178 3996 2231 4049 in
2255 3991 2564 4048 universum
2591 3994 2861 4040 terrarum
2897 3976 3088 4033 orbem
3130 3969 3393 4028 extendit.
3423 3966 3553 4021 lla-.c

1914 4060 2112 4149 autem
2138 4085 2317 4142 omnia
2344 4080 2471 4137 facit
2499 4075 2639 4133 stilla
2669 4072 2928 4144 Spiritus.
2951 4064 3108 4137 Quod
3135 4061 3278 4119 enim
3305 4060 3447 4116 stilla
3466 4074 3553 4111 es-

1932 4193 2035 4252 sct,
2063 4176 2362 4237 declaravit
2390 4188 2513 4230 cum
2539 4168 2713 4226 dixit:
2762 4161 3047 4231 E/fundam
3091 4156 3156 4212 de
3198 4151 3403 4224 Spiritu
3442 4164 3553 4203 meo

1940 4241 2099 4354 (ita.
2114 4276 2168 4331 ε.
2192 4270 2311 4346 23),
2333 4278 2388 4327 et
2410 4281 2533 4323 cum
2565 4261 2779 4318 arrham
2806 4252 3121 4328 appellavit.
3150 4249 3256 4304 Per
3279 4246 3384 4300 hoc
3404 4241 3551 4297 ρηῑιιι

1934 4334 2137 4429 diarum
2162 4334 2281 4431 est;
2297 4374 2490 4433 parum
2516 4354 2645 4427 quid
2674 4368 2754 4408 ex.
2774 4356 2889 4406 toto
2915 4346 3101 4403 datum
3123 4334 3553 4404 essc.Quocirca

1935 4424 2173 4524 donantes
2200 4424 2416 4530 quoque
2445 4424 2551 4506 hoc
2592 4448 2771 4519 ipsum
2811 4437 3145 4513 signiﬁcans,
3177 4430 3395 4488 diccbat
3424 4441 3439 4481 :
3474 4424 3556 4479 Ea:

1935 4520 2249 4633 plenitudine
2291 4520 2401 4621 eius
2447 4561 2542 4600 nos
2588 4554 2762 4595 omnes
2807 4532 3097 4604 accepimus
3125 4524 3309 4601 (Joan.
3343 4522 3397 4577 l.
3430 4520 3549 4586 lli):

1934 4611 2004 4714 ira!
2029 4667 2097 4709 eo
2122 4645 2266 4721 quod
2292 4611 2391 4711 .-ιιι
2410 4642 2480 4696 ita
2507 4633 2767 4700 dixerim,
2794 4623 3187 4699 superﬂuebat,
3216 4634 3283 4675 ex
3314 4631 3380 4671 eo
3408 4611 3551 4684 quod

1937 4711 2313 4805 redund'abat,
2361 4748 2429 4790 ex
2465 4744 2534 4787 eo
2558 4724 2704 4799 quod
2748 4711 3293 4792 supereﬂ'undebatur
3316 4749 3333 4776 ,
3363 4719 3555 4761 omnes

1934 4839 2265 4913 accepimus.
2306 4825 2605 4887 Considera
2653 4833 2785 4890 ergo
2806 4828 2969 4887 quam
3013 4809 3087 4865 sit
3123 4804 3273 4863 omni
3304 4818 3371 4858 ex
3399 4806 3555 4870 parte

1936 4895 2217 4994 sulliéiens
2244 4924 2419 4998 gratia
2447 4916 2684 4990 Spiritus
2706 4914 2749 4979 ί,
2784 4923 2904 4981 qum
2948 4903 3206 4960 universo
3233 4895 3352 4954 orbi
3385 4902 3557 4949 terra-

1935 5051 2057 5095 rum
2088 4989 2508 5094 tanto—tempore
2537 5009 2759 5078 sufﬁcit,
2784 5014 2841 5063 ct
2864 5010 3041 5074 neque
3063 4989 3553 5053 circumscribitur,

1936 5145 2038 5187 nec
2064 5118 2422 5183 consumitur,
2449 5109 2545 5168 sed
2588 5118 2779 5162 omnes
2805 5096 3025 5171 quidem
3056 5089 3247 5160 implet
3275 5082 3475 5155 opibus
3500 5093 3558 5134 ct

1936 5220 2146 5297 gratia:
2173 5217 2291 5287 ipsa
2319 5222 2452 5266 vero
2482 5199 2713 5260 minime
2766 5187 3130 5251 consumitur.
3172 5178 3382 5237 Deinde
3422 5188 3556 5245 qun-

2514 5296 2519 5297 ’
2763 5288 2797 5297 ’ν
2988 5279 3109 5297 νμμ
3178 5267 3555 5297 --.ηηιιιησιηη

1941 5267 2089 5373 illam
2145 5267 2347 5365 ntimen
2393 5296 2619 5371 spiritus
2669 5288 2837 5345 multa
2894 5279 3115 5339 nomina
3174 5267 3555 5344 complectitur

1942 5408 1962 5479 (
1993 5420 2117 5462 nam
2140 5410 2198 5456 et
2240 5359 2468 5467 angellis
2489 5431 2505 5456 ,
2536 5395 2595 5442 et
2630 5382 2810 5437 anima
2837 5419 2853 5444 ,
2878 5386 2935 5432 et
2962 5378 3157 5441 ventus
3185 5364 3291 5419 hoc
3322 5359 3519 5415 dicitur
3540 5395 3554 5423 ,

2667 5476 2675 5479 “
2779 5471 2812 5479 ⁸
2891 5469 2924 5479 ¹“
2972 5468 2982 5477 ⁸
3018 5466 3049 5479 ⁸-
3180 5476 3221 5479 η
3280 5450 3553 5479 Λμλειηιλη

1940 5450 1996 5559 ist
2023 5498 2192 5555 multa
2220 5488 2367 5557 alia)
2393 5528 2406 5552 ,
2430 5476 2735 5551 subiunxit,
2770 5471 2848 5526 De
2885 5466 3088 5539 Spiritu
3113 5476 3247 5514 meo.
3280 5450 3554 5524 Quemad-

1941 5591 2164 5651 modum
2191 5599 2320 5655 ergo
2350 5575 2585 5637 hominis
2611 5566 2825 5642 spiritui
2850 5556 3139 5620 intercedit
3170 5568 3294 5611 cum
3338 5547 3552 5603 homine

2011 5753 2028 5784 ¹
2068 5758 2182 5805 Reg.
2222 5752 2383 5798 unus,
2418 5738 2624 5805 potestas
2667 5728 2887 5805 Spiritus.
2926 5727 2977 5771 tt
3022 5718 3089 5767 sic
3134 5712 3265 5775 legit
3294 5712 3563 5759 chttants

1950 5787 2207 5867 “etv-sitas.
2228 5787 2445 5867 [usque
2465 5794 2610 5848 lectio
2634 5787 2855 5856 quadrat.
