4154 6416
701 348 804 404 137

1467 347 1525 406 8.
1556 346 1834 405 JOA-NNIS
1870 344 2351 405 ςηιιγδυετυιιι
2393 346 2713 405 ARCIllIL'P.
2755 348 3294 433 CQVSTANﬂNOP.

3873 357 3981 413 l88

696 460 964 530 cognatio,
990 461 1061 516 ita
1089 462 1247 517 etiam
1292 462 1383 518 Dei
1426 462 1679 534 Spiritui,
1706 462 1800 519 sed
1825 464 1874 519 ei
1906 461 2073 519 nihilo
2102 462 2277 518 secius
2393 460 2478 520 l0.
2508 460 2596 515 37.
2626 463 2747 533 5,8).
2790 462 2983 520 Sermo
3011 476 3185 523 tamen
3227 474 3431 525 tantum
3459 468 3653 539 potuit,
3685 477 3743 526 ιιι
3771 471 3823 526 in
3845 488 3983 541 opus

698 553 934 607 utanenti
973 553 1026 607 in
1056 554 1266 624 propria
1318 553 1614 625 hypostasi.
1648 554 1823 626 .ldque
1849 553 2047 609 Paulus
2071 554 2275 623 signiti-

2368 552 2597 619 rexiret,
2643 564 2696 615 et
2721 569 2904 609 revera
2953 556 3003 610 id
3056 556 3209 612 ﬁeret
3239 575 3253 610 :
3282 566 3426 613 tanta
3470 570 3587 615 erat
3628 561 3746 630 ejus
3785 564 3978 631 grati...

696 660 826 699 caus
850 645 1060 701 dicebat
1088 662 1107 701 :
1149 646 1273 714 Quis
1294 647 1437 702 enim
1458 648 1718 703 hominum
1744 649 1879 702 nouit
1908 664 2021 716 qua
2044 658 2159 701 sunt
2183 648 2277 701 ho.
2381 639 2519 708 Qnid
2556 651 2639 697 εει
2676 643 2863 713 maiori
2893 644 3168 701 ηοδίεευῐη
3198 646 3552 705 ἷεῐηίιίοτίιτιιθ
3591 663 3655 705 ac
3679 652 3980 707 πιθα-*βίω-

692 738 876 800 minis.
908 738 1007 793 nisi
1028 738 1236 805 spiritus
1261 739 1479 795 hominis
1505 741 1593 810 qui
1629 742 1682 793 in
1710 740 1820 811 ipso
1858 750 1930 794 est
1954 741 1981 794 .’
2017 737 2104 795 Ita
2123 738 2274 793 etiam

691 846 803 899 quin
830 840 946 885 sunt
964 830 1058 886 Dei
1080 871 1097 895 ,
1128 848 1278 887 nemo
1303 834 1459 900 novit,
1490 834 1589 887 nisi
1604 831 1832 903 Spiritus
1850 831 1944 887 Dei
1971 830 2049 905 (1.
2076 831 2196 886 Cor.
2217 831 2271 886 2.

691 924 806 995 11),
840 940 945 979 non
975 924 1307 981 confundens
1338 925 1656 997 hypostases
1685 939 1781 981 seu
1812 940 2087 994 personas,
2108 925 2269 989 absit;

687 1014 783 1069 sed
834 1015 1163 1071 nobilitatem
1190 1014 1423 1085 Spiritus
1447 1016 1774 1089 signiﬁcans.
1805 1018 2009 1085 Quanta
2040 1031 2169 1087 ergo
2189 1024 2273 1072 est

687 1106 855 1176 ipsius
875 1108 1065 1162 anima:
1091 1122 1213 1162 eum
1240 1108 1411 1178 seipsa
1432 1109 1735 1176 consensio,
1765 1118 1906 1163 tanta
1932 1117 2015 1163 est
2041 1107 2271 1178 Spiritus

684 1212 803 1251 cum
839 1196 997 1253 Patre
1021 1200 1288 1269 cognatio.
1306 1199 1769 1268 Quemadmodum
1790 1216 1918 1271 ergo
1946 1200 2111 1255 Filius
2133 1215 2269 1271 quo-

691 1303 796 1358 que
819 1289 1013 1344 dicitur
1040 1290 1283 1357 verbum,
1316 1307 1417 1348 nec
1443 1302 1525 1347 est
1565 1304 1740 1348 tamen
1786 1292 2054 1363 ejusmodi.
2075 1302 2132 1347 ut
2161 1306 2269 1347 non

682 1380 966 1445 subsistat,
1006 1379 1099 1435 sed
1128 1396 1223 1450 per
1251 1380 1305 1436 id
1332 1383 1704 1454 cognoscimus
1736 1397 1855 1452 quae
1894 1384 1964 1439 sit
1999 1382 2115 1453 ejus
2144 1398 2266 1439 cum

685 1466 843 1525 Patre
870 1471 1116 1541 cognatio
1140 1490 1152 1525 :
1183 1471 1254 1526 ita
1280 1473 1441 1528 etiam
1468 1473 1698 1544 Spiritus
1744 1475 1843 1531 Del
1874 1476 2068 1531 dicitur
2093 1476 2267 1547 Spiri-

682 1568 787 1623 tus,
821 1576 919 1617 nec
948 1570 1123 1617 tamen
1152 1578 1255 1618 non
1292 1563 1550 1621 subsistit.
1572 1565 1641 1620 Et
1662 1567 2112 1637 quemadmodum
2133 1586 2266 1642 quo-

680 1650 824 1705 niam
845 1660 926 1707 est
946 1655 1194 1724 proprius
1213 1670 1275 1710 ac
1290 1671 1579 1727 germanus
1589 1657 1763 1713 Patris
1777 1658 1961 1725 Filius,
1984 1670 2265 1731 propterea

684 1743 837 1799 nobis
869 1744 1088 1817 largitur
1116 1747 1455 1818 adoptionem
1495 1749 1723 1806 liliorum
1754 1767 1767 1804 :
1810 1752 1880 1807 ita
1910 1753 2069 1809 etiam
2091 1755 2264 1825 Spiri-

684 1844 784 1899 tus,
815 1838 1067 1907 quoniam
1095 1852 1190 1892 sua
1220 1849 1404 1895 natura
1433 1850 1515 1896 est
1560 1857 1624 1898 ex
1669 1843 1761 1899 Dei
1790 1844 2104 1911 substantia,
2124 1846 2260 1903 dona

682 1927 834 1981 nobis
857 1927 1078 1996 pnebet.
1099 1928 1231 1984 Nam
1268 1930 1430 1986 homo
1456 1948 1667 2003 quoque
1704 1935 2134 2007 quandoquidem
2160 1953 2259 1999 na-

678 2026 793 2071 tura
846 2016 1006 2072 homo
1032 2028 1149 2085 est,
1186 2019 1306 2076 ideo
1330 2030 1511 2092 potest
1550 2024 1783 2080 hominis
1813 2026 2031 2098 pingere
2072 2028 2261 2101 imagi-

676 2121 821 2161 nem.
866 2106 1144 2181 PrOpterea
1190 2110 1441 2168 benedixit
1483 2121 1532 2169 te
1577 2112 1713 2169 Deus
1740 2116 1793 2170 in
1812 2127 2073 2177 internum.
2109 2122 2260 2178 Alius

672 2195 796 2253 dicit
824 2240 838 2264 ,
873 2197 1044 2270 Hujus
1065 2202 1136 2255 rei
1161 2204 1345 2273 gratia.

744 2288 1018 2361 Propheta:
1043 2301 1092 2345 et
1118 2294 1436 2365 evangelista
1476 2295 1785 2371 di/fcrentia.
1836 2330 1907 2341 —
1944 2300 2104 2359 Vides
2125 2319 2259 2375 quo-

671 2380 831 2437 modo
872 2398 935 2438 es
979 2383 1281 2441 vehementi
1309 2386 1590 2446 all'ectione
1618 2391 1686 2446 ad
1737 2392 1911 2462 ipsum
1958 2397 2257 2455 oralionem

667 2472 895 2544 dirigit?
944 2475 1016 2529 Ea
1047 2475 1113 2533 de
1141 2491 1299 2532 causa
1353 2480 1491 2537 alibi
1528 2496 1743 2553 quoque
1788 2499 1895 2543 non
1940 2486 2257 2557 simpliciter

668 2566 846 2621 l'utura
875 2568 1132 2637 praedicit,
1165 2570 1257 2625 sed
1287 2586 1394 2640 prze
1416 2588 1474 2628 se
1502 2573 1683 2632 terens
1712 2577 1935 2648 ﬁguram
1959 2581 2122 2638 oblati
2144 2584 2252 2638 cri-

666 2660 827 2715 minis
854 2676 868 2714 :
903 2670 959 2716 ut
983 2662 1197 2732 quando
1219 2664 1350 2720 dicit
1374 2680 1387 2717 :
1424 2665 1594 2732 Quare
1615 2669 1930 2739 fremuerunt
1953 2683 2125 2743 gentes
2147 2715 2161 2741 ,
2203 2686 2251 2735 et

664 2753 842 2823 populi
876 2750 1100 2808 meditati
1126 2766 1243 2810 sunt
1264 2757 1438 2811 inania
1464 2758 1634 2830 (Psal.
1655 2760 1710 2815 2.
1746 2762 1801 2834 1)
1825 2764 1849 2817 ‘l
1872 2766 1945 2820 ita
1974 2766 2133 2822 etiam
2162 2767 2251 2824 hic

660 2856 784 2898 cum
819 2843 951 2900 dicit
984 2862 999 2899 :
1035 2844 1311 2917 Propterea
1357 2848 1608 2905 benedixit
1639 2862 1686 2906 te
1715 2852 1854 2909 Deus
1884 2855 1937 2909 in
1980 2866 2244 2912 internum.

660 2935 794 2988 Cum
822 2937 966 2991 enim
993 2953 1093 2993 nec
1118 2938 1185 2992 de
1205 2939 1323 3009 ejus
1352 2949 1472 2995 ortu
1496 2983 1512 3009 ,
1544 2958 1644 2997 nec
1668 2945 1737 2999 de
1764 2944 2082 3003 educatione
2105 2990 2119 3013 ,
2147 2965 2247 3005 nec

660 3029 731 3083 de
757 3030 871 3085 aliis
894 3030 1181 3100 quidquam
1212 3033 1456 3102 dixisset,
1485 3034 1572 3090 hic
1600 3035 1775 3092 obiter
1798 3038 1867 3094 de
1890 3054 1959 3095 eo
1986 3039 2240 3111 loquitur.

663 3121 776 3190 Qua
804 3122 872 3179 de
898 3124 997 3179 re?
1025 3123 1175 3192 Quod
1204 3127 1381 3181 omnia
1411 3127 1623 3198 quidem
1659 3128 1840 3187 dicere
1871 3146 1967 3202 per
1996 3133 2241 3190 ordinem

656 3226 740 3271 est
772 3216 1219 3287 evangelistarnm
1244 3260 1257 3280 ,
1289 3228 1347 3272 et
1380 3219 1502 3276 ideo
1529 3220 1617 3276 illa
1648 3222 1730 3277 eis
1773 3224 2107 3290 reservavit;
2140 3224 2244 3282 hoc

658 3308 801 3361 enim
830 3317 943 3362 erat
986 3307 1228 3364 ofﬁcium
1264 3310 1476 3365 illorum
1523 3312 1848 3369 narrationis
1899 3332 1913 3370 :
1950 3314 2244 3386 prophetia:

658 3414 790 3454 vero
834 3414 1025 3454 munus
1052 3410 1169 3465 est,
1205 3408 1392 3470 partes.
1426 3402 1633 3474 aliquas
1686 3417 1900 3462 sumere
1924 3448 1938 3471 ,
1983 3415 2040 3461 et
2067 3404 2133 3462 de
2162 3408 2241 3463 eis

659 3488 944 3545 disserere.
996 3490 1065 3545 Et
1103 3490 1225 3546 ideo
1253 3492 1528 3562 propheta:
1554 3508 1773 3564 quoque
1796 3494 1897 3553 hoc
1934 3495 2129 3566 ubique
2156 3495 2239 3559 la-

654 3581 843 3637 einnt:
873 3596 995 3636 nam
1028 3596 1195 3652 pauca
1220 3587 1471 3654 qumdam
1508 3600 1628 3656 qua
1654 3585 1720 3641 ad
1764 3585 2039 3643 historiam
2072 3589 2237 3658 perti-

654 3681 805 3738 nent,
836 3674 1136 3744 injicientes
1166 3685 1220 3731 et
1247 3675 1625 3733 adumbrantes
1649 3720 1663 3745 ,
1693 3679 1970 3738 recedunt.
2005 3678 2129 3739 Ideo
2153 3680 2241 3737 hic

651 3780 886 3836 quoque,
932 3765 1201 3821 Benedixit
1246 3776 1293 3820 te
1328 3766 1461 3822 Deus
1486 3808 1501 3833 ,
1534 3769 1742 3838 inquit,
1767 3769 1820 3824 in
1850 3779 2097 3825 (sternunt
2122 3814 2137 3838 ,
2160 3772 2241 3827 sic

651 3854 933 3911 declarans
952 3856 1068 3926 ejus
1092 3858 1252 3912 verba
1283 3866 1427 3913 tanta
1449 3859 1617 3928 gratia
1646 3859 1814 3927 fuisse
1838 3860 2018 3930 plena.
2047 3860 2239 3927 Consn-

646 3949 777 4006 dera
819 3964 948 4021 ergo
982 3950 1228 4005 virtutem
1276 3952 1483 4022 grati-1:.
1536 3951 1853 4011 Deambulat
1909 3953 2234 4025 quandoque

647 4056 817 4111 prope
838 4056 1004 4109 mare,
1033 4054 1086 4097 et
1112 4043 1311 4098 invenit
1332 4043 1586 4100 Iacobum
1615 4052 1670 4100 et
1694 4045 1981 4113 Joannem,
2001 4046 2237 4119 dicitque

645 4134 764 4187 eis:
803 4132 978 4187 Venite
1005 4144 1118 4205 post
1133 4151 1225 4199 me,
1256 4145 1303 4189 et
1330 4136 1515 4206 faciam
1543 4151 1629 4192 nos
1648 4138 1926 4206 piscatores
1953 4137 2233 4193 hominum.

650 4220 745 4276 Illi
768 4238 884 4277 uero
914 4233 961 4277 et
990 4234 1134 4291 patre
1160 4233 1214 4278 et
1236 4225 1423 4291 retibus
1454 4226 1643 4279 relictis
1662 4265 1678 4291 ,
1726 4242 1843 4279 eum
1879 4228 2078 4297 sequuti
2117 4238 2237 4283 sunt

647 4313 860 4384 (Matth.
886 4315 941 4370 4.
972 4313 1063 4369 21.
1092 4314 1219 4385 22).
1259 4315 1465 4372 Deinde
1492 4316 1653 4372 etiam
1693 4332 1818 4383 cum
1866 4318 1993 4373 alibi
2034 4320 2238 4377 diceret

644 4407 892 4462 ntnnibus
921 4406 1179 4476 apostolis
1212 4422 1225 4459 :
1266 4404 1531 4477 Numquid
1561 4424 1880 4479 easquoque
1922 4410 2071 4465 uultis
2096 4428 2234 4467 rece-

632 4498 808 4554 dere?
856 4498 983 4554 dicit
1034 4499 1082 4553 ei
1134 4492 1322 4554 Petrus
1364 4516 1377 4551 :
1427 4498 1667 4567 Domine,
1704 4501 1853 4557 verba
1888 4504 2003 4557 vitta
2034 4514 2237 4559 ceteram

644 4589 818 4656 habes,
851 4600 898 4643 et
947 4605 1042 4643 nos
1091 4590 1395 4646 credidimus
1443 4598 1497 4645 et
1532 4592 1858 4662 aequavimus
1895 4594 2033 4663 quod
2078 4603 2134 4649 tu
2182 4611 2235 4650 es

641 4680 874 4737 Christus
896 4679 1061 4736 Filius
1090 4679 1186 4735 Dei
1206 4681 1303 4735 nivi
1336 4698 1355 4736 :
1397 4692 1445 4735 et
1472 4682 1543 4737 ad.
1567 4698 1715 4750 quem
1736 4682 1985 4747 abibimus
2010 4685 2031 4755 (
2070 4682 2234 4759 Joan.

645 4776 701 4828 li.
735 4772 1000 4845 68.-70)‘l
1025 4772 1161 4843 Quid
1189 4773 1312 4830 dico
1338 4774 1672 4845 discipulos?
1700 4775 1803 4846 Ipsi
1825 4776 2081 4833 Pharismi
2110 4794 2233 4853 cum

645 4864 919 4919 misissent
966 4866 1274 4931 ministros,
1304 4863 1592 4921 audierunt
1633 4879 1729 4921 eos
1754 4866 1995 4935 dicentes
2023 4884 2038 4925 :
2062 4867 2235 4924 Num-

641 4972 792 5023 quam
816 4958 969 5013 homo
988 4958 1061 5012 sic
1094 4946 1331 5036 loquutus
1358 4967 1453 5026 est,
1478 4967 1537 5015 ut
1559 4958 1643 5013 hic
1677 4958 1828 5014 homo
1854 4959 2017 5036 (Ibid.
2044 4962 2226 5034 7.46).

645 5047 710 5103 Et
739 5047 825 5100 alii
877 5061 1063 5103 rursus
1089 5032 1373 5115 dicebant,
1420 5047 1715 5120 Numquam
1752 5051 1823 5105 sic
1855 5032 2015 5106 uisum
2056 5060 2130 5108 est
2176 5032 2231 5107 in

648 5137 834 5194 Israel.
872 5138 939 5193 Et
980 5140 1317 5208 mirabantur,
1348 5144 1554 5214 inquit,
1576 5143 1713 5215 quod
1753 5160 1839 5200 eos
1876 5146 2074 5201 doceret
2101 5157 2231 5203 tam-

642 5247 794 5299 quam
823 5231 1011 5287 habens
1053 5242 1375 5303 potestatem,
1407 5244 1455 5289 et
1492 5252 1593 5290 non
1618 5244 1673 5290 ut
1698 5236 1876 5291 scribat
1912 5239 2139 5307 ipsorum
2183 5251 2229 5296 et

646 5318 901 5376 Pharistzt'
929 5321 950 5395 ε
976 5306 1168 5377 Haut.
1197 5323 1358 5380 9.35.
1389 5334 1435 5380 et
1460 5325 1513 5380 7.
1539 5324 1631 5382 28.
1664 5323 1779 5398 29).

710 5415 764 5469 ι.
795 5412 851 5469 Si
876 5414 1010 5470 velis
1036 5424 1216 5471 autem
1248 5426 1303 5473 tu
1330 5432 1541 5488 quoque
1578 5416 1718 5473 scire
1743 5417 1966 5488 gratiam
1991 5460 2008 5485 ,
2047 5420 2229 5477 consi-

642 5503 772 5559 dera
795 5509 983 5576 quanti
1004 5506 1113 5562 sint
1134 5508 1389 5578 ponderis
1407 5518 1460 5565 et
1486 5510 1741 5579 momenti
1780 5508 1897 5580 ejus
1923 5520 2227 5593 praecepta,

640 5605 700 5652 et
725 5596 928 5655 videbis
951 5597 1068 5668 ejus
1096 5600 1407 5668 potentiam.
1440 5599 1560 5655 Nisi
1584 5601 1697 5673 quis
1734 5602 2092 5658 renuntiaverit
2112 5619 2228 5657 oat-

642 5691 810 5756 nlbus,
838 5700 883 5745 et
906 5700 1146 5759 prater-ea
1183 5693 1406 5765 animant
1429 5710 1575 5748 suam
1597 5693 1715 5749 odio
1742 5694 2002 5760 habuerit,
2032 5696 2224 5768 inquit,

643 5796 743 5836 non
764 5792 835 5837 est
862 5798 942 5839 me
967 5783 1149 5854 dignus
1174 5781 1327 5854 (Luc.
1354 5784 1441 5843 11.
1469 5785 1567 5850 33‘.
1600 5781 1758 5843 locu.
1785 5785 1873 5843 12.
1895 5785 2006 5855 25;
2035 5785 2221 5844 Matth.

2380 730 2507 788 dine
2534 732 2878 801 eonjunctum
2905 776 2921 800 ,
2966 751 3124 805 quam
3170 738 3388 792 anima?
3433 740 3591 811 Atqui
3623 742 3736 812 ipsa
3762 756 3981 814 quoque

2379 824 2707 893 contemptui
2733 824 2908 879 habita
2931 834 3011 880 est
3042 837 3258 897 propter
3280 829 3421 884 illius
3436 829 3664 900 jusaum.
3694 832 3771 887 'l'u
3794 843 3978 892 autem

2378 925 2500 966 cum
2532 913 2702 977 audis,
2728 912 2991 969 Benedixit
3017 926 3067 971 te
3090 916 3227 973 Deus
3249 962 3264 985 ,
3289 934 3356 976 ne
3383 920 3579 977 labaris
3597 965 3613 990 ,
3641 939 3739 979 nec
3768 924 3979 1001 humile

2378 1011 2434 1058 et
2483 1003 2749 1073 abiectum
2804 1006 3070 1077 quidpiam
3124 1011 3459 1080 cogitaveris.
3509 1012 3978 1081 Quemadmodum

2375 1092 2519 1148 enim
2545 1093 2654 1163 jatn
2684 1104 2808 1151 ante
2845 1096 2975 1165 disi,
3003 1098 3073 1154 de
3099 1114 3261 1156 carne
3289 1102 3539 1172 loquitur,
3568 1120 3687 1174 qua:
3708 1106 3867 1162 habet
3894 1108 3979 1170 ιι.

2375 1181 2481 1247 hia,
2508 1198 2628 1255 quae
2652 1185 2875 1255 gratiam
2920 1189 3175 1268 suscipit,
3206 1208 3326 1261 qua:
3363 1194 3585 1263 suscipit
3632 1196 3976 1261 benedictioe

2374 1288 2517 1330 nem.
2551 1277 2693 1333 Dens.
2714 1281 2859 1335 enim
2902 1296 3001 1341 nec
3045 1283 3417 1342 benedictione
3456 1302 3589 1357 opus
3629 1287 3820 1356 habet,
3866 1306 3975 1355 nec

2370 1370 2539 1436 gratia
2568 1386 2585 1431 :,
2613 1385 2732 1428 nam
2766 1373 2905 1428 Deus
2932 1374 3127 1430 rutilius
3163 1376 3241 1439 rei
3278 1376 3494 1448 indiget.
3528 1377 3980 1446 Quemadmodum.

2370 1458 2515 1513 enim
2538 1502 2551 1524 ,
2589 1460 2756 1532 inquit
2779 1504 2795 1530 ,
2847 1463 2999 1518 I’ater
3022 1468 3228 1520 suscitat
3255 1477 3475 1526 mortuos
3517 1480 3576 1543 et
3603 1470 3817 1540 uiui/ictu
3846 1487 3868 1527 ε
3893 1472 3982 1531 ἕω

2368 1549 2518 1602 etiam
2533 1567 2659 1622 quos
2681 1553 2782 1609 vult
2808 1552 2970 1612 Filius
2996 1558 3212 1627 viri/ient
3233 1556 3408 1627 (Joan.
3438 1560 3492 1615 5.
3514 1559 3630 1631 21).
3654 1562 3716 1617 Et
3741 1578 3969 1620 rursus:

2372 1636 2541 1709 Opera
2576 1658 2690 1712 quis
2727 1644 2815 1705 ille
2852 1646 2995 1713 facit,
3042 1663 3101 1701 ea
3143 1665 3338 1718 quoque
3378 1651 3501 1719 facit
3533 1649 3701 1707 Filius
3734 1654 3975 1724 similiter

2368 1729 2550 1802 (Ibid.
2579 1749 2625 1788 υ.
2661 1734 2775 1806 19).
2800 1736 2864 1791 Ει
2891 1752 3076 1803 rursus
3109 1757 3121 1791 :
3153 1739 3298 1796 Sicut
3324 1744 3579 1813 cognoscit
3605 1760 3685 1815 me
3713 1743 3890 1810 Pater,
3917 1758 3973 1809 et

2366 1837 2457 1892 ego
2494 1838 2688 1893 quoque
2726 1842 2973 1899 cognosco
3001 1828 3210 1885 Patrem
3250 1831 3375 1903 (Ib.
3402 1833 3771 1910 10.15).ΙΙΙιι‹1
3791 1840 3979 1913 enim,

2366 1911 2458 1967 Sic
2479 1955 2493 1975 .
2537 1925 2591 1969 ct
2620 1914 2896 1986 Similiter,
2941 1929 2993 1977 et
3015 1919 3198 1989 Sicut,
3242 1923 3541 1994 signiﬁcant
3567 1942 3689 1987 eum
3716 1943 3835 1991 esse
3864 1945 3971 2000 per

2363 2004 2541 2067 omnia
2563 2008 2792 2068 similem
2822 2030 2837 2065 :
2869 2012 2963 2067 sed
3010 2013 3097 2069 hic
3142 2016 3209 2070 de
3253 2015 3484 2073 humana
3531 2028 3750 2089 natura,
3796 2038 3976 2094 quam‘

2363 2110 2707 2168 susceperat,
2754 2102 2947 2173 agitur.
3005 2106 3265 2162 Audimus
3313 2117 3493 2164 autem
3530 2111 3701 2181 ipsum
3743 2128 3967 2185 quoque

2364 2202 2549 2244 rursus
2571 2190 2835 2248 dicentem
2861 2212 2875 2248 :
2907 2194 3188 2264 Pr0pterea
3212 2196 3368 2252 Pater
3390 2216 3470 2257 me
3494 2202 3679 2274 diligit,
3720 2205 3836 2275 quia
3864 2222 3975 2277 ego,

2363 2296 2499 2349 pono
2540 2283 2761 2338 animam
2788 2284 2950 2343 metiar
2976 2305 3067 2359 pro
3095 2290 3267 2346 ovibus
3294 2292 3313 2362 (
3340 2290 3479 2347 Ibid.
3506 2295 3593 2355 l0.
3626 2298 3737 2367 17).
3784 2296 3963 2365 Nunt—

2359 2372 2489 2441 qnid
2525 2387 2647 2431 eum
2673 2390 2781 2433 non
2801 2376 3059 2449 diligebat
3083 2390 3237 2436 antea
3260 2383 3283 2436 ἲ
3311 2382 3590 2452 Quomodo
3618 2403 3747 2459 ergo
3771 2389 3911 2446 dixit
3942 2412 3959 2447 :

2364 2461 2464 2539 ,‘Iic
2492 2476 2566 2520 est
2591 2466 2763 2526 Filius
2790 2486 2931 2525 meus
2960 2473 3171 2537 dilectus
3199 2474 3220 2547 (
3244 2474 3430 2541 Matth.
3462 2479 3515 2534 3.
3548 2479 3650 2548 17)
3673 2482 3695 2535 ?
3719 2482 3822 2538 Sed
3851 2484 3963 2543 hoc

2357 2554 2535 2621 posuit
2563 2556 2750 2614 volens
2775 2560 3062 2618 ostendere
3090 2576 3343 2633 quantum
3373 2577 3426 2624 et
3448 2584 3606 2639 quam
3638 2572 3958 2642 prseclarunt

2355 2645 2425 2700 ab
2449 2648 2797 2707 caederetur
2824 2650 3050 2709 facinus.
3090 2654 3243 2715 Sicut
3265 2672 3395 2729 ergo
3436 2660 3544 2731 illic
3587 2663 3639 2716 in
3679 2664 3959 2733 reddenda

2356 2739 2565 2797 ratione
2594 2751 2678 2798 est
2705 2758 2866 2807 causa
2893 2748 3069 2817 aliqua
3096 2789 3112 2813 ,
3155 2750 3230 2809 ita
3258 2753 3417 2819 etiam
3440 2752 3527 2810 hic
3552 2770 3761 2826 quoque
3787 2771 3968 2834 causa,

2354 2841 2443 2893 est
2466 2835 2765 2893 manifesta.
2790 2838 2901 2903 Hac
2923 2842 3065 2896 enim
3093 2844 3159 2899 de
3179 2859 3339 2901 causa
3366 2848 3516 2918 prius
3538 2848 3672 2919 dixit
3696 2868 3709 2903 :
3734 2850 3961 2922 Species

2352 2942 2439 2980 sus
2476 2931 2643 2996 forma
2669 2947 2779 3000 pro:
2801 2932 2924 2999 filiis
2946 2934 3246 3001 hominum;
3265 2947 3339 3005 et,
3372 2937 3574 3007 Di/I'usa
3601 2951 3671 3007 est
3698 2944 3966 3015 gratiam

2352 3015 2500 3070 labiis
2523 3019 2624 3073 tuis
2647 3035 2665 3073 :
2686 3028 2760 3087 et,
2788 3020 3066 3093 Propterea
3091 3027 3340 3089 benedixit
3366 3039 3414 3083 te
3431 3028 3569 3086 Deus
3588 3034 3640 3086 in
3659 3044 3907 3104 (sternuas
3927 3052 3963 3093 :,

2349 3106 2403 3199 id
2429 3118 2691 3180 susceptae
2716 3110 3032 3177 humanitati
3060 3114 3372 3197 adscribens
3393 3161 3409 3197 ,
3434 3130 3492 3176 ut
3516 3124 3728 3193 quando
3754 3140 3963 3199 rursus.

2349 3196 2641 3256 humanum
2668 3202 2795 3272 quid
2820 3204 3062 3261 dicturus
3081 3206 3171 3275 sit,
3198 3217 3254 3263 et
3273 3194 3413 3281 quod
3442 3212 3513 3266 sit
3534 3213 3652 3283 ejus
3680 3194 3959 3286 dignitate:

2349 3288 2589 3357 interius,
2618 3308 2687 3349 ne
2712 3295 2928 3363 labaris,
2959 3298 3055 3354 sed
3079 3314 3372 3371 cognoscas
3400 3302 3470 3360 de
3493 3320 3723 3376 quonam
3754 3308 3948 3379 loqua-

2347 3390 2453 3437 tur.
2482 3382 2556 3439 Ita
2584 3385 2745 3440 etiam
2770 3386 2936 3442 Jacob
2961 3389 3307 3449 humanitatis
3349 3405 3613 3465 susceptas
3655 3398 3945 3457 consilium

2344 3477 2690 3547 signiﬁcans,
2747 3490 2867 3550 post
2914 3483 3080 3538 multa
3126 3485 3232 3541 alia
3276 3485 3526 3543 dicebat:
3561 3486 3782 3546 Gratiosi
3826 3494 3946 3562 ejus

2346 3569 2486 3624 oculi
2515 3572 2645 3645 sicut
2668 3573 2835 3627 uiuum
2856 3614 2871 3639 ,
2906 3585 2954 3629 et
2992 3576 3197 3631 candidi
3222 3578 3393 3634 dentes
3411 3581 3521 3651 ejus
3541 3581 3656 3653 plus
3679 3600 3827 3655 quam
3856 3587 3946 3643 lac

2346 3660 2509 3731 (Gen.
2545 3662 2636 3719 49.
2669 3665 2736 3719 12
2755 3665 2795 3735 )’.
2841 3666 3100 3723 Divinitas
3137 3678 3316 3723 autem
3373 3686 3478 3727 non
3516 3672 3675 3728 habet
3717 3675 3933 3738 dentes.

2345 3753 2499 3809 Alius
2525 3747 2739 3826 quoque
2771 3757 3030 3828 prepbeta
3058 3760 3185 3815 dicit
3216 3778 3229 3813 :
3263 3760 3521 3818 Percutiet
3563 3776 3746 3821 terram
3789 3770 3944 3824 verba

2343 3845 2447 3901 oris
2474 3846 2574 3913 sui,
2603 3856 2655 3900 et
2671 3848 2853 3917 spiritu
2890 3849 3135 3911 labiorum
3159 3851 3300 3906 tollet
3318 3854 3531 3923 impium
3548 3855 3697 3926 (Isai.
3744 3859 3831 3914 11.
3852 3860 3941 3935 ι),

2341 3933 2529 3990 eadem
2568 3934 2752 4002 dicens
2772 3953 2891 4008 qua:
2919 3938 3117 3997 Paulos
3145 3958 3161 3996 :
3197 3940 3355 4009 Quem
3386 3941 3638 4001 Dominus
3678 3933 3941 4006 consumet

2340 4027 2524 4096 spiritu
2553 4031 2654 4083 oris
2688 4030 2801 4095 sui,
2844 4041 2891 4084 et
2926 4030 3140 4088 abolebit
3171 4035 3490 4105 apparitione
3515 4053 3621 4095 sua
3655 4042 3941 4110 praesentia

2344 4120 2435 4191 (ἰ.
2468 4119 2642 4176 Thess.
2670 4122 2724 4176 2.
2750 4122 2839 4194 8).

2414 4211 2643 4267 Christus
2668 4223 2722 4267 ut
2746 4213 3087 4274 benedicatur.
3118 4247 3192 4258 —
3218 4217 3299 4274 Ne
3319 4227 3373 4275 tu
3401 4235 3530 4292 ergo
3553 4236 3673 4278 cum
3702 4223 3817 4286 lucc
3837 4241 3939 4286 au-

2340 4300 2535 4371 dieris,
2558 4312 2873 4361 contemnas
2896 4344 2913 4369 ,
2944 4308 3185 4373 ostendit
3205 4310 3297 4365 tibi
3320 4310 3462 4367 vires
3489 4312 3797 4371 divinitatis.
3824 4317 3938 4375 Ne-

2339 4408 2449 4461 que
2472 4393 2613 4451 enim
2635 4409 2851 4475 carnem
2879 4396 3069 4453 dividit
3092 4415 3123 4454 a
3150 4398 3453 4469 divinitate,
3485 4419 3661 4475 neque
3685 4405 3937 4463 divinita-

2340 4492 2448 4542 tem
2470 4500 2499 4539 a
2528 4499 2708 4554 carne,
2742 4502 2849 4543 non
2882 4488 3209 4547 substantias
3235 4491 3597 4561 confundens,
3629 4497 3804 4553 absit:
3836 4502 3935 4556 sed

2341 4575 2589 4631 unionem
2610 4578 2919 4645 ostendens.
2945 4580 3231 4651 Pmpterea
3252 4582 3377 4645 dicit
3403 4602 3419 4643 :
3440 4585 3705 4643 Benedirit
3728 4598 3774 4643 te
3794 4587 3937 4646 Deus

2338 4667 2390 4720 in
2435 4676 2701 4724 internum.
2748 4671 2880 4739 Quis
2923 4681 3008 4728 est
3048 4682 3227 4729 autem
3270 4675 3462 4738 modus
3508 4675 3938 4737 benedictionis?

2339 4758 2605 4829 Assistunt
2630 4761 2839 4832 angeli,
2868 4762 3207 4835 archangeli,
3253 4765 3469 4836 throni,
3499 4767 3893 4827 dominationes
3914 4816 3933 4841 ,

2340 4850 2661 4922 principatus
2688 4894 2704 4919 ,
2738 4863 3049 4924 potestates,
3082 4857 3326 4916 laudibus
3349 4861 3680 4920 celebrantes
3709 4882 3722 4918 :
3754 4868 3934 4925 omnis

2338 4954 2477 5000 terra
2512 4962 2541 5000 a
2570 4947 2765 5006 ﬁnibus
2811 4948 2863 5003 in
2904 4949 3038 5013 lines
3078 4951 3245 5017 Deum
3274 4953 3609 5012 incarnatum
3655 4959 3835 5029 canit,
3873 4969 3932 5017 et

2336 5036 2580 5093 laudibus
2610 5037 2798 5094 allicit.
2830 5040 3041 5098 Primus
3065 5044 3217 5108 enim.
3235 5045 3405 5101 Adam
3446 5047 3651 5119 ingenti
3694 5050 3941 5123 repletus,

2336 5131 2434 5187 luit
2462 5133 2860 5203 maledictione,
2892 5136 2977 5191 hic
2997 5149 3184 5197 contra
3210 5140 3375 5195 multa
3402 5141 3796 5209 benedictione.
3835 5142 3931 5209 llle

2334 5224 2574 5293 audivit,
2608 5226 2915 5283 Maledictus
2942 5238 2997 5282 tu
3022 5246 3075 5287 in
3102 5230 3337 5299 aperibus
3366 5232 3466 5287 tuis
3492 5231 3661 5303 (Gen.
3690 5235 3743 5290 '5.
3778 5234 3879 5307 17)
3908 5252 3926 5301 ς

2334 5323 2388 5369 et
2413 5315 2548 5371 alius
2575 5325 2699 5387 post
2726 5318 2895 5383 illum,
2924 5318 3228 5376 Haledictus
3248 5362 3264 5387 ,
3300 5322 3386 5392 qui
3412 5323 3535 5393 facit
3557 5339 3686 5393 opus
3714 5323 3813 5380 Del
3838 5342 3927 5381 ue-

2331 5406 2581 5477 gliqenter
2594 5407 2652 5479 (Ι
2654 5425 2727 5463 er.
2754 5410 2845 5465 48.
2867 5409 2979 5482 10),
3002 5421 3076 5479 et,
3105 5411 3525 5483 Haledictus,qui_
3541 5430 3643 5468 non
3666 5425 3931 5486 permanet,

2332 5504 2386 5558 in
2407 5504 2636 5559 omnibus
2652 5519 2767 5575 quia
2792 5504 2981 5575 scripta
3003 5506 3187 5560 suntin
3206 5505 3333 5561 libro
3358 5506 3450 5565 hoc
3466 5505 3639 5577 (Deut.
3669 5507 3760 5571 27.
3782 5507 3915 5581 26);

2333 5604 2406 5663 et,
2442 5596 2780 5664 Maledicta,
2833 5598 2919 5668 qui
2945 5599 3127 5669 pendet
3160 5598 3214 5653 in
3238 5598 3378 5670 ligno
3400 5596 3523 5670 (Ib.
3544 5598 3638 5656 21.
3660 5599 3732 5657 26
3757 5602 3797 5669 ).
3830 5600 3922 5657 Vi-

2333 5688 2429 5744 des
2456 5697 2587 5760 quot
2614 5688 3062 5745 maledictiones?
3090 5690 3174 5745 Ab
3200 5688 3288 5751 his
3310 5689 3559 5761 omnibus
3596 5698 3650 5746 te
3678 5690 3924 5750 liberavit

2332 5783 2608 5851 Christus,
2658 5781 2830 5851 lactus
2855 5782 3196 5841 maledictum
3222 5781 3377 5857 (Gal.
3407 5786 3463 5843 3.
3495 5781 3620 5870 l3).
3646 5784 3917 5857 Quemadv
