4154 6422
708 402 809 458 I89

707 530 803 568 σεν
830 507 1043 574 ἐαυτὸν,
1073 507 1161 560 (va
1190 504 1250 559 σέ
1273 502 1486 577 ὑψώσῃ,
1518 504 1611 558 καὶ
1632 500 1922 563 ἀπέθανεν,
1943 500 2032 555 ἵνα
2057 500 2115 553 σέ
2137 498 2270 553 ἀθά-

707 618 865 657 νατον
905 597 1237 671 ἐργάσηται·
1268 594 1411 649 οὕτω
1451 594 1542 647 καὶ
1587 593 1801 664 κατάρα
1831 592 2065 661 ἐγένετο,
2096 592 2181 643 ἵνα
2216 589 2275 642 al

706 691 959 759 εὐλογίας
986 689 1263 760 ἐμπλήσῃ.
1288 686 1354 738 Τί
1383 685 1481 755 τῆς
1500 685 1751 754 εὐλογίας
1769 682 1974 752 ταύτης
1995 682 2127 745 ἴσον,
2150 683 2279 734 ὅταν

707 783 796 837 διά
824 780 1065 850 κατάρας
1094 777 1342 845 εὐλογίαν
1370 776 1692 849 χαρίζηται;
1717 776 1791 829 Ού
1814 774 2099 846 γὰραύτὸς
2126 773 2278 844 ἐδεή-

709 874 777 945 θη
817 872 1087 939 εὐλογίας.
1124 870 1258 923 ἀλλά
1297 871 1381 921 σοὶ
1416 869 1615 939 ταύτην
1655 868 1889 921 δίδωσιν.
1922 867 2135 935 Ὠσπερ
2168 864 2276 935 7&9

707 964 837 1017 ὅταν
870 962 1029 1023 εἴπω,
1064 960 1145 1013 ὅτι
1170 957 1529 1029 ἐταπεινώθη,
1554 958 1614 1011 ού
1637 957 1937 1029 μεταϐολὴν
1958 956 2123 1024 λέγω,
2142 954 2279 1009 ἀλλά

706 1058 807 1126 τῆς
835 1050 1148 1121 οἰκονομίας
1195 1050 1294 1119 τὴν
1337 1048 1781 1117 συγκατάϐασινο
1814 1046 1960 1101 οὕτω
2007 1047 2101 1099 καὶ
2151 1046 2279 1099 ὅταν

709 1146 849 1199 εἴπω
876 1146 960 1197 δτι
986 1139 1288 1212 ηὐλογήθη,
1324 1140 1385 1193 οὐ
1415 1138 1576 1192 τοῦτο
1596 1139 1763 1207 λέγω,
1796 1138 1877 1192 δτι
1908 1135 2103 1207 ἐδεήθη
2130 1135 2282 1189 εὐλο-

710 1235 856 1304 γίας,
886 1232 1022 1303 ἀλλά
1053 1231 1215 1284 πάλιν
1237 1232 1335 1299 τῆς
1356 1229 1667 1299 οἰκονομίας
1688 1227 1937 1298 δείκνυμι
1958 1226 2056 1296 τὴν
2078 1241 2278 1293 συγκα-

712 1326 961 1379 τάϐασιν.
991 1319 1276 1391 Ηύλογήθη
1310 1320 1488 1372 τοίνυν
1521 1322 1553 1389 ὴ
1582 1317 1898 1391 ἀνθρωπίνη
1930 1316 2110 1387 φύσις.
2145 1317 2280 1385 Χρι-

714 1414 838 1477 στὸς
878 1412 987 1483 7&9
1026 1410 1272 1480 ἐγερθεὶς
1299 1409 1365 1461 ἐκ
1394 1408 1626 1478 νεκρῶν,
1670 1409 1771 1461 οὑκ
1804 1407 1884 1461 ἐτι
1928 1406 2279 1475 ἀποθνήσκει,

712 1504 832 1557 ούδέ
858 1502 1072 1571 κατάρᾳ
1106 1500 1391 1553 ὑπόκειται
1414 1515 1428 1528 ⁸
1479 1497 1678 1569 μᾶλλον
1707 1498 1763 1550 δὲ
1791 1497 1911 1551 ούδέ
1945 1497 2050 1567 πρὸ
2091 1494 2280 1548 τούτου

715 1593 989 1655 ὑπέκειτο,
1038 1590 1152 1645 ἀλλ’
1191 1588 1421 1643 ἀνέλαϐε
1448 1588 1548 1659 τὴν
1575 1590 1840 1659 κατάραν,
1872 1588 1956 1641 ῐνα
1989 1588 2047 1641 σὲ
2081 1586 2283 1655 ταύτης

714 1683 1018 1754 ἀπαλλάξῃ.
1057 1680 1379 1749 Περίζωσαι
1404 1680 1520 1747 τὴν
1552 1681 1860 1749 ῥομφαίαν
1898 1695 2013 1733 σου
2045 1678 2143 1731 ἐπί
2180 1678 2287 1731 τὸν

710 1776 908 1843 μηρόν
933 1787 1071 1833 σου,
1112 1768 1350 1825 δυνατέ.
1384 1771 1597 1834 Ἄλλος,
1631 1770 1827 1827 Ζῶσαι
1845 1769 2145 1839 μάχαιράν
2170 1784 2285 1823 σου

715 1866 813 1919 ἐπί
845 1864 1060 1933 μηρόν.
1096 1860 1308 1923 ΙἌλλος,
1340 1861 1592 1928 Περίθου
1619 1861 1699 1926 ὡς
1719 1859 2015 1929 μάχαιράν
2045 1873 2162 1913 σου
2187 1859 2285 1913 ἐπί

716 1955 825 2009 τοῦ
840 1952 1055 2023 μηροῦ.
1090 1950 1167 2019 Τῇ
1200 1951 1513 2018 ὡραιότητί
1544 1968 1659 2005 σου
1680 1950 1779 2004 καί
1811 1948 1890 2015 τῷ
1914 1949 2126 2004 κάλλει
2145 1965 2284 2006 σου.

705 2045 914 2105 ,Ἄλλος
942 2042 1097 2114 φησὶ,
1130 2041 1240 2099 Τόν
1264 2040 1515 2094 ἔπαινόν
1534 2054 1650 2096 σου
1675 2040 1773 2095 καί
1800 2040 1865 2094 τὸ
1891 2040 2122 2111 ἀξίωμά
2146 2056 2286 2096 σου.

720 2133 875 2208 [167]
922 2132 1130 2196 Ἄλλος,
1189 2130 1603 2197 Ἐπιδοξότητί
1646 2145 1763 2185 σου
1809 2131 1907 2185 καί
1941 2130 2290 2200 διαπρεπείᾳ

719 2241 858 2280 σου.
890 2222 986 2286 Τίς
1019 2224 1053 2292 ἡ
1085 2220 1377 2292 μεταϐολὴ,
1400 2220 1493 2273 καὶ
1520 2220 1602 2282 τίς
1624 2222 1657 2290 ή
1694 2222 2022 2290 μετάστασις
2056 2220 2163 2274 τῶν
2188 2223 2287 2293 ῥη-

723 2316 938 2387 μάτων;
962 2313 1099 2383 Περὶ
1121 2312 1228 2383 7&9
1248 2310 1567 2364 διδασκάλου
1584 2310 1961 2381 διαλεγόμενος
1984 2311 2161 2378 (τοῦτο
2181 2312 2290 2383 γάρ

718 2408 832 2459 ἐστι
854 2405 934 2469 τὸ,
974 2403 1257 2472 Ἐξεχύθη
1280 2400 1454 2470 χάρις
1480 2400 1550 2454 ἐν
1579 2400 1813 2468 χείλεσι
1842 2400 2004 2471 σου),
2032 2400 2289 2470 ἐξαίφνης

718 2498 850 2567 ημῖν
885 2493 1107 2565 βασιλέα
1146 2490 1595 2561 καθωπλισμένον
1620 2490 1949 2560 ὑπογράφει,
1983 2491 2077 2543 καὶ
2107 2492 2207 2543 ούκ
2232 2493 2290 2543 ἐν

719 2586 871 2651 τάξει
906 2582 1262 2656 προφητείας,
1299 2581 1414 2635 ἀλλ’
1460 2583 1518 2635 ἐν
1543 2580 1696 2644 τάξει
1743 2580 2040 2651 ίκετηρίας.
2071 2581 2146 2632 υύ
2184 2580 2290 2649 γὰρ

721 2674 864 2733 εἶπε’
906 2672 1278 2746 Περιζώσεται
1307 2671 1406 2743 τὴν
1445 2672 1717 2743 ῥομφαίαν
1743 2671 1906 2723 αὑτοῦ
1930 2690 1941 2700 ·
1972 2670 2106 2723 άλλά
2130 2670 2287 2736 ἀξιοῖ,

723 2766 815 2819 καί
842 2781 994 2834 φησι,
1022 2761 1343 2831 Περίζωσαι
1365 2761 1479 2828 τὴν
1510 2761 1819 2828 ῥομφαίαν
1844 2775 1982 2813 σου.
2032 2757 2165 2812 Εἶτα
2195 2761 2291 2813 xal

720 2856 788 2925 τῇ
822 2852 1031 2906 ὁπλίσει
1058 2848 1232 2921 ταύτῃ
1254 2847 1447 2911 κάλλος
1466 2847 1815 2916 ἀναμίγνυσι,
1836 2847 1928 2900 νῦν
1953 2848 2049 2917 μέν
2068 2848 2291 2918 ὁπλίτην

720 2941 917 3013 δηλῶν,
946 2938 1041 2993 νῦν
1068 2938 1125 2993 δέ
1156 2936 1551 3009 ὼραῖξόμενον·
1595 2936 1672 3004 Τῇ
1692 2938 1800 3006 7&9
1821 2937 2134 3004 ὡραιότητί
2152 2952 2289 3002 σου,

725 3032 882 3102 φησὶ,
912 3030 1012 3084 καί
1050 3028 1131 3094 τῷ
1160 3027 1374 3082 κάλλει
1421 3040 1558 3081 σου.
1594 3024 1728 3081 Εἶτα
1755 3026 1976 3097 τοξότην
1998 3045 2010 3056 ·
2040 3029 2117 3081 Τὰ
2133 3028 2291 3096 ,ϐέλη

721 3124 833 3193 γάρ
866 3136 1005 3185 σου,
1056 3120 1241 3190 φησὶν,
1289 3117 1651 3187 ἠκονημένα,
1690 3116 1926 3171 δυνατά.
1974 3118 2084 3170 Kal
2130 3118 2293 3171 πάλιν

722 3211 951 3283 νικητὴν
978 3211 1071 3264 καὶ
1098 3209 1457 3281 τροπαιοῦχον
1478 3225 1491 3240 ’
1515 3208 1659 3263 Δαοί
1678 3207 1955 3263 ὑποκάτω
1976 3224 2115 3274 σου,
2135 3210 2289 3280 φησὶ,

724 3301 1055 3358 πεσοῦνται
1083 3300 1390 3373 ἐνῆκαρδίᾳ
1428 3299 1546 3353 τῶν
1569 3298 1799 3367 ἐχθρῶν
1831 3301 1937 3354 τοῦ
1964 3300 2289 3368 βασιλέως.

726 3391 839 3444 Kal
868 3388 1055 3442 τοῦτον
1088 3388 1143 3440 δέ
1167 3386 1328 3441 αὑτὸν
1358 3386 1521 3441 πάλιν
1547 3387 1754 3454 εἰσάγει
1788 3387 1981 3461 μύροις
2008 3390 2295 3459 χριόμενον

724 3480 818 3534 τὸν
842 3478 1083 3549 ὁπλίτην,
1118 3480 1210 3533 καὶ
1243 3476 1489 3547 βασιλέα,
1520 3479 1615 3531 καί
1642 3477 1883 3550 τοξότην,
1912 3481 2005 3533 καὶ
2034 3482 2258 3551 νικητήν
2276 3497 2294 3515 ο

726 3572 968 3640 Σμύρνα
994 3570 1124 3639 7&9,
1162 3569 1314 3638 φησὶ,
1358 3569 1456 3622 καί
1488 3567 1745 3637 στακτὴ,
1776 3570 1873 3622 καί
1903 3572 2128 3624 κασσία
2174 3571 2292 3625 ἀπὸ

725 3661 845 3718 τῶν
872 3661 1117 3731 ἱματίων
1141 3674 1281 3713 σου.

796 3838 967 3901 ε’.Τίς
997 3829 1091 3890 οὖν
1118 3835 1371 3889 κοινωνία
1403 3833 1591 3896 ὅπλοις
1611 3835 1706 3889 καί
1746 3837 1951 3907 μύροις,
1978 3836 2240 3906 χρίσματι
2270 3850 2297 3879 ι

730 3930 825 3986 καὶ
875 3926 1136 3998 ῥομφαίᾳ,
1188 3923 1511 3994 διδασκαλίᾳ
1557 3924 1650 3977 καὶ
1695 3925 1939 3996 πολέμῳ,
1981 3926 2157 3993 τόξοις
2206 3928 2299 3981 καὶ

726 4016 1027 4091 ὼραῖσμῴς
1053 4015 1135 4067 Τά
1162 4014 1260 4085 μὲν
1288 4015 1397 4084 γάρ
1428 4015 1575 4067 ἐστιν
1602 4014 1827 4085 εἰρήνης
1856 4016 2122 4086 σύμϐολα,
2152 4017 2220 4071 τὰ
2242 4019 2300 4071 δὲ

733 4112 911 4182 μάχης
938 4106 1032 4160 καὶ
1072 4104 1447 4173 παρατάξεως.
1491 4103 1587 4167 Τίς
1624 4099 1716 4157 οὖν
1764 4106 1910 4158 ἐστιν
1948 4106 1978 4157 ὁ
2025 4109 2301 4179 εἰρηνικὸς

729 4201 865 4268 ὁμοῦ
916 4198 1014 4251 καὶ
1053 4195 1384 4265 πολεμικός;
1428 4196 1456 4247 ὁ
1499 4194 1671 4265 μύρον
1699 4194 1931 4261 στάζων,
1972 4198 2067 4249 καὶ
2115 4199 2300 4263 ὅπλοις

731 4285 1135 4358 φραττόμενοςς
1181 4284 1211 4334 ὁ
1249 4280 1452 4352 προῖὼν
1497 4280 1605 4333 ἀπὸ
1654 4281 1864 4351 βάρεων
1918 4282 2297 4352 ἐλεφαντίνων,

730 4378 825 4434 καὶ
853 4376 1075 4446 μυρίους
1102 4372 1307 4443 βάλλων
1328 4372 1435 4424 τῶν
1463 4370 1693 4441 ἐχθρῶν,
1726 4374 1819 4425 καί
1840 4373 2106 4437 τοσαύτας
2135 4376 2302 4446 ἐργα-
2356 4406 2359 4407 ν

736 4471 960 4539 ξάμενος
996 4464 1243 4533 σφαγάς
1278 4463 1402 4526 Πῶς
1427 4462 1660 4532 λύσομεν
1684 4462 1783 4532 τὴν
1806 4464 2037 4533 ἀπορίαν
2065 4466 2299 4534 ταύτην;

733 4559 834 4609 "Av
865 4554 1083 4625 γνῶμεν
1120 4551 1367 4621 ἀκριϐῶς
1401 4552 1482 4604 ὅτι
1512 4550 1753 4621 καὶπερὶ
1777 4552 1869 4604 τοῦ
1908 4553 2116 4623 Πατρὸς
2138 4555 2299 4608 αὑτοῦ

732 4646 907 4701 ταῦτα
929 4645 1165 4713 λέγεται.
1199 4638 1301 4696 Καὶ
1332 4644 1439 4713 7&9
1472 4642 1566 4695 καὶ
1600 4642 1763 4695 αὑτὸν
1783 4644 2002 4712 ,εἰσάγει
2033 4646 2060 4696 ὁ
2085 4645 2301 4718 Προφή-

734 4755 835 4806 της
877 4734 1109 4804 ἀλλαχοῦ
1145 4732 1520 4804 όπλιζόμενον,
1568 4733 1645 4797 ὡς
1676 4735 1801 4788 ὅταν
1833 4733 1969 4805 λέγῃ
1991 4752 2003 4766 ·
2048 4735 2181 4789 Ἐὰν
2213 4736 2299 4806 μὴ

734 4819 1161 4890 ὲπιστραφῆτε,
1189 4820 1307 4889 τὴν
1332 4821 1637 4890 ῥομφαίαν
1655 4822 1839 4899 αὑτοῦ
1863 4826 2182 4879 στιλόώσει
2201 4843 2213 4855 '
2235 4827 2303 4880 τὸ

736 4914 915 4977 τόξον
934 4912 1117 4966 αὐτοῦ
1143 4912 1416 4976 ἐνέτεινε,
1447 4912 1543 4966 καί
1568 4913 1897 4982 ἡτοίμασεν
1918 4915 2085 4982 αὐτὸ,
2110 4918 2207 4971 καί
2236 4918 2305 4971 ἐν

737 5001 901 5067 αὐτῷ
927 5002 1215 5071 ἡτοίμασε
1236 5004 1424 5070 σκεύη
1448 5001 1725 5057 θανάτου.
1752 5004 1861 5057 Kal
1876 5005 2034 5058 πάλιν
2051 5006 2301 5079 ἁλλαχοῦο

750 5094 1097 5148 Ἓνδύσεται
1129 5092 1361 5162 θώρακα
1407 5095 1811 5162 δικαιοσύνην
1843 5097 1891 5151 δ.
1927 5098 2067 5169 Ὅρα
2113 5101 2169 5154 δὲ
2213 5103 2307 5155 καὶ

739 5185 1026 5239 αὑθεντίαν
1053 5186 1150 5254 τὴν
1192 5186 1380 5257 αὑτήν.
1431 5186 1641 5255 Ὠσπερ
1683 5186 1791 5257 7&9
1836 5187 1952 5239 ἐκεῖ
1995 5206 2148 5259 φησι,
2189 5191 2309 5259 Τὴν

736 5277 1035 5348 ῥομφαίαν
1058 5275 1243 5329 αὐτοῦ
1278 5274 1618 5339 σταόὡσει,
1662 5276 1720 5327 ού
1768 5277 1917 5348 παρά
1941 5296 2084 5343 τινος
2117 5281 2307 5334 κελευ-

744 5368 910 5432 σθεὶς,
953 5367 1067 5419 ἀλλ’
1092 5366 1254 5429 αὐτὸς
1285 5366 1376 5434 ἀφ’
1405 5365 1599 5419 ἐαυτοῦ
1624 5383 1637 5395 ·
1672 5365 1809 5419 οὕτω
1833 5369 1927 5421 καὶ
1955 5370 2205 5436 ἐνταῦθα,
2234 5372 2309 5425 Τὰ

741 5457 894 5531 βέλη
926 5458 1029 5511 τοῦ
1050 5455 1314 5511 δυνατοῦ
1333 5455 1702 5527 ἠκονημένα,
1730 5458 1864 5513 λαοὶ
1886 5460 2163 5515 ὑποκάτω
2190 5477 2308 5519 σου

803 5702 832 5763 ἔ
861 5701 956 5763 Alii
980 5700 1150 5763 χάριτι,
1173 5702 1334 5763 minus
1354 5704 1512 5751 recte.

802 5762 839 5813 ξ
858 5761 953 5813 Α]ίί
986 5761 1294 5819 δικαιοσύνης.

1403 388 1461 444 S.
1500 384 1783 444 JOANNIS
1819 379 2297 443 CHRYSOSTOMI
2335 376 2655 435 ABCIIIEP.
2693 374 3243 430 CUNSTANTINUP.

3868 372 3999 425 K‘JO

2377 494 2704 549 πεσοῦνται
2731 497 2801 549 ἐν
2835 492 3049 562 καρδία
3083 489 3202 544 τῶν
3228 486 3457 564 ἐχθρῶν
3494 486 3599 541 τοῦ
3622 485 3990 550 βασιλέως.

2374 581 2507 640 Εἶτα
2539 587 2773 651 δεικνὺς,
2805 587 2886 639 ὅτι
2915 582 3127 637 οίκοθεν
3158 581 3337 635 πάντα
3371 579 3533 641 ποιεῖ,
3563 577 3739 645 λέγει·
3784 572 3987 639 Ὀδη-

2374 676 2546 747 τήσει
2580 692 2653 732 σε
2690 674 3046 745 θαυμαστῶς
3075 673 3113 741 ἡ
3145 669 3315 735 δεξιά
3349 684 3488 724 σου.
3516 668 3629 739 Οὐχ
3655 664 3988 737 ἑτέρωθεν,

2377 770 2564 839 φησὶν,
2618 768 2898 839 ἐνέργειαν
2947 765 3099 837 δέχῃ,
3153 764 3269 817 ἀλλ’
3306 761 3471 824 αὐτὸς
3514 759 3688 829 ἐαυτῷ
3736 759 3986 830 ἀρκεῖς.

2381 862 2581 914 Ἄκουε
2611 859 2669 912 δέ
2703 860 2797 911 xal
2826 857 2992 911 αὐτοῦ
3027 856 3281 923 λέγοντος
3300 852 3396 907 τοῦ
3429 853 3529 923 τῆς
3560 852 3781 921 εἰρήνης
3814 847 3989 900 Θεοῦ

2378 952 2513 1023 πρὸς
2534 951 2662 1014 τοὺς
2693 949 2944 1021 μαθητάς
2963 968 2976 980 ο
3008 951 3131 1003 Οὐκ
3151 944 3343 1017 ἦλθον
3354 944 3575 1010 βαλεῖν
3588 941 3837 1010 εἰρήνην
3852 938 3986 992 ἐπὶ

2377 1042 2493 1110 τὴν
2528 1040 2663 1111 τῆν,
2693 1040 2856 1095 ἀλλὰ
2888 1039 3207 1109 μάχαιραν.
3242 1038 3353 1091 Kal
3382 1035 3578 1089 πάλιν·
3613 1032 3740 1101 Πῦρ

2382 1131 2592 1185 Βαλεῖν
2618 1132 2717 1185 ἐπί
2742 1130 2856 1199 τὴν
2878 1130 3012 1200 γῆν,
3036 1131 3134 1183 καί
3151 1131 3208 1183 τί
3224 1129 3443 1197 ἤθελον
3465 1129 3517 1180 εί
3539 1125 3654 1192 ἤδη
3674 1122 3942 1190 ἀνήρθη
3965 1134 3990 1181 ἱ

2381 1221 2555 1287 Οὗτος
2584 1224 2640 1278 δὲ
2670 1227 2799 1297 περὶ
2832 1225 2997 1278 αὑτοῦ
3030 1223 3226 1292 λέγων,
3267 1222 3385 1284 πῶς
3418 1220 3539 1290 ἥξει
3569 1215 3730 1286 φησί·
3764 1218 3991 1269 Κατα-

2379 1316 2621 1383 σήσεται
2652 1318 2733 1383 ὡς
2761 1317 2934 1383 ὑετὸς
2956 1316 3053 1371 ἐπί
3083 1315 3294 1377 πόκον,
3336 1312 3437 1366 καί
3468 1309 3609 1364 ὡσεί
3637 1304 3891 1374 σταγὼν
3936 1302 3986 1370 ἡ

2380 1412 2683 1473 στάζουσα
2726 1413 2825 1467 ἐπί
2859 1410 2976 1479 τὴν
3023 1410 3159 1480 τῆν.
3200 1406 3389 1461 Ταῦτα
3429 1405 3594 1472 λέγω,
3635 1401 3722 1454 Eva
3769 1398 3990 1465 διεγη-

2380 1504 2643 1573 γερμένοι
2688 1500 2809 1575 ἦτε,
2845 1503 2939 1555 καὶ
2970 1500 3037 1554 τὰ
3076 1499 3183 1553 ἀπὸ
3213 1500 3319 1552 τῶν
3348 1497 3547 1560 λέξεων
3580 1489 3989 1562 σημαινόμενα

2385 1593 2524 1662 μετά
2552 1595 2839 1665 ἀκριϐείας
2869 1590 3325 1662 ἐκλαμϐάνοντες,
3353 1588 3523 1657 λύητε
3566 1582 3699 1654 παρ’
3746 1579 3990 1640 ἑαυτοῖς

2383 1686 2479 1736 καὶ
2506 1685 2760 1756 ἀπορίαν.
2797 1684 2983 1737 Ταῦτα
3010 1682 3118 1752 7&9
3154 1680 3224 1733 τά
3248 1679 3487 1749 ὀνόματα
3516 1676 3626 1729 τῶν
3668 1668 3989 1743 ἐνεργειῶν

2384 1773 2548 1826 αὐτοῦ
2577 1776 2693 1827 ἐστι
2720 1772 3054 1843 σημαντικά.
3082 1770 3237 1823 Οὕτω
3252 1770 3431 1823 τοίνυν
3458 1768 3554 1821 καὶ
3583 1763 3815 1819 ἐνταῦθα
3830 1762 3991 1814 ὅταν

2384 1864 2645 1938 ἀκούσῃς,
2692 1864 3016 1935 Περίζωσᾳι
3051 1862 3167 1930 τὴν
3209 1861 3517 1930 ῥομφαίαν
3554 1873 3672 1912 σου
3721 1855 3817 1909 ἐπί
3854 1851 3993 1905 τὸν

2379 1955 2579 2023 μηρόν
2598 1970 2737 2017 σου,
2759 1952 3001 2014 δυνατέ,
3018 1952 3121 2020 τῆς
3146 1949 3425 2021 ἐνεργείας
3440 1946 3604 2001 αὑτοῦ
3626 1940 3767 1998 εἶναι
3790 1942 3989 2011 ϐνομα

2386 2043 2573 2113 νόμιζε
2594 2060 2608 2073 ο
2644 2044 2738 2096 καὶ
2760 2042 2828 2096 τά
2861 2041 2991 2107 τόξα
3022 2044 3117 2096 καὶ
3148 2042 3216 2095 τὰ
3241 2040 3393 2111 βέλη.
3428 2039 3642 2106 Ὠσπερ
3670 2036 3779 2104 γάρ
3813 2031 3987 2101 ὀργί-

2386 2134 2575 2199 ζεσθαι
2598 2134 2688 2188 τὸν
2712 2136 2896 2207 Θεὸνὴ
2924 2135 3115 2208 Γραφὴ
3145 2134 3316 2202 λέγει,
3352 2133 3414 2186 ού
3444 2132 3614 2195 πάθος
3641 2128 3787 2197 αὑτῷ
3810 2125 3858 2199 [ί
3872 2123 3985 2198 68]

2386 2227 2785 2297 περιάπτουσα,
2818 2226 2955 2279 ἀλλά
2992 2227 3079 2279 διὰ
3103 2226 3202 2295 τῆς
3232 2224 3431 2290 λέξεως
3448 2222 3653 2289 ταύτης
3678 2219 3776 2289 τὴν
3804 2219 3900 2272 ὲνέ
3912 2235 3986 2289 ρ-

2386 2333 2541 2385 γειαν
2570 2316 2734 2369 αὑτοῦ
2760 2318 2859 2383 τὴν
2886 2317 3215 2387 κολαστικὴν
3244 2316 3590 2388 παριστῶσα,
3619 2314 3713 2367 καί⁵
3732 2312 3840 2366 τῶν
3866 2328 3987 2363 τια-

2388 2406 2631 2476 χυτέρων
2671 2408 3064 2477 καθαπτομένη
3086 2425 3101 2439 ·
3140 2407 3283 2461 οὕτω
3315 2407 3415 2461 καὶ·
3438 2406 3508 2459 τὰ
3544 2405 3683 2459 ὅπλα
3729 2404 3986 2473 λέγουσα

2389 2496 2553 2550 τοῦτο
2582 2497 2753 2567 δηλοῖ.
2801 2499 3019 2569 Ἐπειδὴ
3050 2498 3161 2571 7&9
3190 2501 3346 2569 ἡμεῖς
3374 2498 3435 2551 οὐ
3462 2498 3531 2551 δι’
3562 2496 3793 2562 ἑαυτῶν,
3831 2493 3985 2549 ἀλλά

2387 2588 2454 2641 δι’
2494 2588 2697 2660 ἐτέρων
2739 2589 2988 2659 ὀργάνων
3017 2589 3430 2661 τιμωρούμεθα,
3468 2588 3637 2643 θέλων
3669 2588 3839 2655 δεῖξαι
3870 2585 3987 2657 τὴν

2387 2681 2770 2753 τιμωρητικὴν
2800 2680 2969 2735 αὐτοῦ
2992 2680 3242 2752 δύναμιν,
3273 2681 3361 2734 διὰ
3382 2681 3491 2734 τῶν
3519 2679 3814 2751 γνωρίμων
3835 2680 3985 2749 ἡμῖν

2388 2772 2669 2842 ὀνομάτων
2700 2771 2993 2842 ἐδήλωσεν,
3022 2773 3122 2842 οὐχ
3143 2773 3234 2825 ἵνα
3265 2772 3407 2826 ὅπλα
3440 2773 3569 2843 περὶ
3600 2771 3732 2824 Θεὸν
3761 2770 3987 2839 νοήσω-

2393 2882 2513 2934 μεν,
2560 2866 2676 2917 ἀλλ’
2719 2867 2808 2920 ἵνα
2866 2864 3347 2936 ἐμφαντικώτερον
3382 2864 3482 2936 τὴν
3529 2864 3750 2917 κόλασιν
3803 2859 3984 2915 αὑτοῦ

2390 2957 2734 3027 ἀκούσωμεν.
2787 2956 2946 3010 ’Λλλά
2976 2957 3185 3021 πολλοὶ,
3222 2956 3411 3026 φησὶν,
3451 2954 3701 3008 ἐντεῦθεν
3736 2951 3951 3022 ἐϐλάϐη
3974 2980 3987 2991 ·

2393 3064 2512 3101 σαν.
2555 3049 2695 3101 Ἀλλ’
2717 3050 2837 3119 εἰκῆ
2855 3049 2950 3102 καὶ
2974 3048 3151 3119 μάτην
3168 3048 3262 3101 xal
3280 3047 3384 3100 ὑπὸ
3408 3046 3509 3116 τῆς
3532 3045 3739 3109 οἰκείας
3761 3044 3979 3107 ἀνοίας·

2395 3138 2631 3209 μάλιστα
2665 3142 2763 3211 μέν
2790 3142 2899 3212 γάρ
2927 3140 3217 3204 ἀκούοντες
3242 3139 3398 3202 Θεὸν,
3432 3139 3665 3208 ὤφειλον
3706 3136 3983 3199 συνιέναι,

2392 3231 2474 3283 ὅτι
2514 3230 2921 3303 τροπικιῖηερον
2951 3233 3167 3302 εῐρηται
3190 3250 3204 3261 ·
3240 3231 3359 3289 νυν)
3396 3230 3452 3284 δέ
3482 3231 3544 3283 ού
3586 3230 3675 3283 διὰ
3711 3229 3983 3299 ῥημάτων

2394 3321 2598 3390 ἐτέρων
2625 3322 2825 3385 αὐτοὺς
2848 3320 3138 3375 παιδεῦσαι
3158 3319 3219 3373 τὸ
3242 3318 3448 3381 ἀπαθὲς
3476 3317 3571 3371 τοῦ
3602 3316 3736 3369 Θεοῦ
3765 3315 3984 3392 ἠμέλη-

2396 3428 2487 3464 σεν
2533 3414 2566 3483 ὴ
2616 3412 2830 3482 Γραφή.
2855 3393 2866 3399 ’
2889 3413 3155 3464 ’Ἄκουσον
3180 3410 3309 3479 γοῦν
3355 3407 3592 3479 ἀλλαχοῦ
3639 3408 3755 3472 πῶς
3805 3406 3982 3462 αὑτοῦ

2393 3501 2634 3555 δείκνυσι
2664 3500 2762 3571 τὴν
2794 3502 3047 3554 εὐκολίαν
3085 3504 3183 3571 τῆς
3228 3501 3524 3571 τιμωρίας,
3560 3500 3766 3568 λέγων·
3815 3502 3985 3554 Ἀνα-

2395 3592 2595 3659 στήτω
2624 3596 2656 3646 ό
2681 3593 2848 3657 Θεὸς,
2877 3591 3526 3662 διασκορπισθήτωσαν
3547 3594 3602 3644 οι
3631 3592 3830 3660 ἐχθροί
3863 3594 3979 3647 αὐ-

2397 3682 2521 3736 τοῦ.
2552 3682 2644 3751 Μὴ
2688 3682 2848 3753 χρεία
2880 3682 3096 3749 ὄπλων;
3126 3683 3200 3753 μὴ
3249 3682 3411 3753 χρεία
3440 3682 3747 3753 ῥομφαίας;
3789 3684 3985 3754 ’Λρκεί

2406 3770 2584 3839 μόνον,
2618 3772 2805 3839 φησὶν,
2847 3773 2879 3841 ἡ
2915 3770 3234 3834 ἀνάστασις.
3280 3770 3442 3823 Ἀλλά
3483 3772 3577 3823 καὶ
3617 3772 3778 3824 τοῦτο
3811 3772 3981 3826 πάλιν

2404 3859 2578 3929 παχύ·
2614 3860 2693 3912 διὸ
2723 3860 2991 3931 πολλαχοῦ
3032 3860 3208 3929 λέγει’
3262 3861 3315 3913 ’0
3348 3860 3688 3916 ἐπιϐλέπων
3718 3864 3816 3917 ἐπὶ
3859 3863 3983 3933 τὴν

2399 3951 2535 4022 τῆν,
2572 3951 2669 4005 καί
2702 3950 2890 4004 ποιῶν
2912 3951 3107 4019 αὐτὴν
3138 3951 3390 4020 τρέμειν.
3441 3952 3551 4004 Καὶ
3594 3953 3788 4006 πάλιν·
3828 3954 3981 4008 Ἀπὸ

2399 4042 2724 4110 προσώπου
2749 4040 2936 4095 αὐτοῦ
2963 4041 3267 4110 ἐσαλεύθη
3294 4044 3333 4111 ἠ
3368 4041 3467 4111 τῆ.
3506 4028 3667 4096 ’Δλλὰ
3696 4045 3791 4097 καὶ
3818 4046 3985 4100 τοῦτο

2398 4132 2566 4201 παχύ.
2602 4133 2869 4185 ’Ἄκουσον
2897 4132 2957 4185 τὸ
2982 4132 3313 4203 ὑψηλότερον
3333 4149 3345 4162 ·
3366 4134 3589 4200 Πάντα,
3617 4135 3731 4189 ὅσα
3757 4137 3982 4207 ἠθέλη-

2398 4240 2533 4287 σεν,
2566 4223 2857 4290 ἐποίησεν
2879 4240 2891 4252 ·
2925 4224 3085 4293 ἀρκεί
3117 4224 3225 4294 γὰρ
3259 4223 3407 4294 αὐτῷ
3441 4225 3502 4295 τὸ
3530 4225 3753 4297 θελῆσαι
3794 4228 3976 4298 μόνον.

2399 4314 2599 4365 Σκόπει
2627 4314 2684 4364 δὲ
2719 4313 2835 4374 πῶς
2862 4314 2955 4366 καὶ
2978 4315 3036 4365 ἐν
3060 4314 3244 4377 αὐτοῖς
3262 4317 3375 4377 τοῖς
3406 4318 3737 4389 παχυτέροις
3764 4319 3981 4382 τούτοις

2397 4403 2637 4456 δείκνυσι
2653 4404 2713 4456 τὸ
2732 4404 2976 4467 ἀνενδεὲς
2992 4404 3085 4457 τοῦ
3107 4404 3265 4461 Θεοῦ.
3288 4405 3361 4457 Ού
3383 4405 3494 4476 7&9
3517 4406 3782 4479 πρότερον
3798 4410 3981 4465 ὃπλων

2399 4500 2828 4571 ἐμνημόνευσεν,
2864 4500 2967 4565 ἕως
3005 4502 3093 4553 ὅτε
3121 4500 3346 4555 δυνατὸν
3374 4501 3536 4555 αὑτὸν
3578 4503 3837 4556 ἐκάλεον
3882 4506 3979 4560 καὶ

2399 4596 2561 4651 πάλιν
2603 4597 2902 4661 καταλέξας
2939 4596 3007 4649 τὰ
3035 4597 3197 4663 ὅπλα,
3230 4597 3357 4668 ὅλην
3389 4598 3486 4668 τὴν
3526 4597 3683 4668 νίκην
3723 4602 3787 4670 τῇ
3826 4600 3981 4671 δεξιᾷ

2401 4694 2567 4747 αὐτοῦ
2605 4694 2913 4763 ἐλογίσατο,
2962 4696 3236 4762 τουτέστι,
3272 4697 3337 4765 τῇ
3378 4694 3536 4763 φύσει
3570 4696 3733 4749 αὑτοῦ
3788 4699 3882 4751 καὶ
3912 4702 3979 4770 τῇ

2400 4789 2626 4862 δυνάμει
2661 4790 2851 4844 αὑτοῦ.
2902 4792 3080 4861 Ὅπερ
3126 4791 3220 4844 καὶ
3266 4790 3425 4853 ἀλλος
3472 4795 3753 4862 προφήτης
3801 4793 3979 4864 δηλῶν

2401 4885 2585 4959 ἔλεγεν
2604 4905 2618 4918 ο
2662 4887 2733 4942 Ἢ
2763 4887 2920 4958 ἀρχὴ
2954 4887 3141 4942 αὑτοῦ
3162 4888 3260 4941 ὲπί
3293 4887 3399 4942 τοῦ
3429 4887 3591 4957 ὤμου
3619 4891 3807 4945 αὐτοῦ
3826 4909 3838 4921 ·
3879 4895 3978 4966 οὐχ

2404 4982 2490 5038 ἵνα
2514 4977 2665 5055 ὦμον
2702 4985 2904 5056 νοήσῃς
2929 4985 3039 5057 (μὴ
3067 4985 3327 5055 γένοιτο),
3360 4987 3476 5039 ἀλλ’
3508 4987 3595 5051 ἵνα
3623 4988 3771 5060 εἰδῇς
3805 4992 3888 5045 ὃτι
3917 4993 3978 5049 οὐ

2403 5078 2569 5133 δεῖται
2599 5080 2801 5151 ἐτέρων
2829 5080 2959 5143 Θεὸς
2989 5081 3325 5151 συμμαχίας.
3350 5081 3669 5149 Περίζωσαι
3692 5083 3807 5153 τὴν
3829 5086 3980 5156 ῥομ-

2403 5176 2589 5242 φαίαν
2606 5192 2723 5230 σου
2752 5176 2851 5229 ἐπὶ
2874 5178 2981 5229 τὸν
3002 5176 3200 5245 μηρόν
3224 5191 3361 5242 σου,
3395 5177 3637 5243 δυνατέ,
3676 5178 3750 5248 τῇ
3774 5172 3979 5248 ὡραιό-

2404 5271 2536 5339 τητί
2567 5286 2683 5325 σου
2707 5271 2805 5325 καί
2842 5271 2922 5337 τῷ
2946 5272 3157 5327 κάλλει
3181 5287 3321 5353 σοι).
3348 5274 3414 5326 Τί
3428 5270 3521 5328 οὖν
3543 5275 3773 5329 ἐνταῦθα
3801 5276 3975 5346 λέγεις

2405 5367 2503 5422 Διά
2533 5367 2645 5421 τῶν
2672 5368 3001 5439 παχυτέρων
3029 5370 3311 5440 ὀνομάτων
3342 5371 3546 5425 τούτων
3572 5375 3669 5443 τὴν
3701 5374 3978 5446 ἐνέργειαν

2406 5460 2572 5515 αὑτοῦ
2619 5463 2880 5527 δείκνυσι,
2916 5465 2982 5517 δι’
3030 5460 3098 5529 ἦς
3130 5466 3231 5537 τὴν
3260 5467 3588 5537 οἰκουμένην
3628 5470 3978 5539 κατώρθωσε,

2404 5559 2470 5612 δι’
2502 5555 2570 5631 ἦς
2602 5560 2695 5615 τὸν
2742 5560 2981 5631 πόλεμον
3010 5562 3192 5628 ἐλυσε,
3235 5564 3330 5618 καὶ
3368 5565 3429 5618 τὸ
3456 5566 3717 5637 τρόπαιον
3764 5567 3975 5637 ἔστησε.

2407 5658 2517 5710 Kal
2548 5658 2657 5731 7&9
2690 5659 2924 5731 πόλεμος
2967 5657 3037 5732 ἦν
3071 5661 3324 5731 χαλεπὸς,
3373 5662 3628 5736 πολέμων
3672 5666 3927 5721 ἁπάντων
3952 5667 3980 5720 ὁ

2413 5755 2769 5829 πικρότατος,
2817 5759 2878 5812 ού
2917 5759 3206 5831 βαρϐάρων
3257 5761 3656 5834 πολεμούντων,
3695 5763 3828 5819 ἀλλὰ
3874 5766 3971 5818 τῶν
