4154 6426
188 408 276 471 na
1154 344 1159 351 ’
1312 379 1669 443 sxrosmo
1707 376 1773 435 IN

1896 375 2140 434 ALMUM
2178 375 2365 432 XLIV.

185 524 386 585 modum
412 518 565 577 enim
587 513 827 586 seipsum
856 504 1178 570 bumiliavit,
1211 510 1271 556 ut
1298 510 1352 554 te
1375 496 1682 586 exultaret,
1709 499 1765 547 et

185 582 411 675 mortuus
436 621 529 670 est
552 651 569 675 ,
610 582 754 663 ut'te
780 600 1031 658 redderet
1071 590 1430 651 immortalem
1460 604 1475 640 :
1504 587 1576 640 ita
1603 582 1764 640 etiam

185 709 338 767 lactus
358 715 443 763 est
468 698 817 757 maledictum
837 733 854 759 ,
885 699 943 745 ut
961 699 1017 745 tu
1041 683 1342 757 implereris
1369 675 1761 767 benedictione.

182 762 519 873 Quid'potest
542 788 772 849 conferri
814 799 938 842 cum
970 782 1070 836 hac
1094 773 1473 873 benedictione
1491 811 1536 873 ,ἡ
1550 762 1768 873 quando

184 856 269 968 Se}
308 856 744 945 niaiedicnonem
794 873 1031 968 largitur.
1060 864 1489 968 benedictionem
1510 856 1768 968 1.3.32“?

182 945 310 1044 Sim
333 981 451 1051 ipse
478 989 622 1047 opus
641 967 826 1027 habuit
842 961 1234 1027 benedictione,
1264 954 1361 1012 sed
1379 966 1500 1051 eam
1530 947 1626 1051 inn
1651 945 1764 1051 dat.

184 1032 635 1145 Mcl—modum
665 1062 809 1119 enim
838 1054 1053 1130 quando
1079 1051 1202 1108 dico
1228 1062 1350 1145 eum
1396 1043 1561 1098 fuisse
1587 1032 1767 1145 humi-

184 1134 374 1227 liatum,
400 1176 518 1218 non
546 1158 670 1214 dico
694 1151 1041 1209 mutationem
1069 1184 1086 1210 ,
1113 1140 1208 1199 sed
1236 1139 1488 1227 humanas
1504 1134 1769 1198 suscepta:

184 1223 375 1318 naturai
416 1248 805 1307 demissiciiem
845 1258 860 1295 :
898 1239 972 1293 ita
1013 1235 1174 1291 etiam
1198 1225 1412 1318 quando
1438 1223 1627 1318 dixero
1645 1229 1769 1273 eum

184 1315 290 1404 esse
318 1341 666 1399 benedictum
687 1375 704 1401 ,
750 1347 854 1387 non
882 1329 988 1384 hoc
1006 1324 1157 1388 dico,
1182 1317 1405 1392 quodei
1433 1312 1594 1369 fuerit
1635 1321 1771 1404 opus

183 1400 556 1496 benedictione
578 1472 593 1496 ,
777 1434 962 1480 rursus
991 1414 1217 1473 ostendo
1235 1408 1617 1496 demissionem
1668 1400 1771 1454 bu-

184 1494 343 1587 iusua:
364 1494 640 1593 suscepta
664 1524 889 1573 naturae.
922 1506 1209 1566 Benedicta
1252 1500 1351 1556 fuit
1375 1511 1506 1568 ergo
1539 1494 1772 1548 humana

185 1715 308 1770 ritur
329 1708 586 1781 amplius,
619 1715 718 1759 nec
742 1707 825 1756 est
854 1692 1137 1751 maledicto
1162 1683 1429 1781 obnoxius
1461 1698 1476 1735 :
1508 1680 1617 1781 imo
1645 1687 1775 1781 vero

186 1764 678 1869 nee—ante.quidem
704 1795 822 1847 erat
848 1782 1112 1840 obnoxius
1134 1818 1150 1843 ,
1198 1775 1295 1831 sed
1337 1770 1574 1869 suscepit
1610 1764 1779 1869 male-

188 1857 408 1957 dictum,
457 1857 525 1944 ut
549 1896 602 1942 te
619 1882 687 1939 ab
710 1895 779 1937 eo
807 1876 1061 1933 liberaret
1088 1868 1279 1941 (Rom.
1305 1865 1361 1921 6.
1388 1864 1479 1957 9).
1506 1860 1563 1916 4.
1593 1857 1780 1957 decin—

314 1948 499 2058 gla'dio
522 1989 608 2035 tuo
629 1989 784 2045 super
809 1970 975 2041 femur
998 1974 1142 2061 tuum
1158 2000 1180 2061 τ
1187 1956 1571 2061 potentissime.
1601 1948 1777 2014 Alius,

359 2089 534 2131 ensem
559 2080 702 2124 tuum
726 2076 878 2133 super
902 2063 1088 2132 feritur.
1116 2053 1306 2149 Alius,
1334 2046 1669 2149 Circumpone
1690 2054 1778 2149 re.-

192 2129 304 2224 l'utia
590 2170 731 2215 tuum
754 2129 913 2224 super
941 2153 1126 2222 rentur.
1159 2145 1213 2201 5.
1263 2139 1448 2215 Specie
1474 2146 1561 2191 tua
1591 2143 1639 2239 et
1666 2129 1781 2240 pul-

192 2228 473 2317 chritudine
511 2264 617 2309 tua.
650 2248 833 2315 Alius,
891 2240 1123 2298 Laudem
1164 2245 1305 2291 tuam
1349 2240 1396 2285 et
1428 2228 1782 2283 auctoritatem

194 2364 344 2410 tuam.
396 2349 554 2407 Alius
576 2386 593 2413 ,
638 2341 816 2400 Gloria
852 2345 899 2394 et
939 2335 1119 2391 decore
1143 2340 1248 2385 tuo.
1275 2326 1531 2395 Quanam
1557 2331 1642 2376 est
1666 2317 1784 2413 hinc

196 2408 413 2502 mutatio
434 2483 452 2509 ,
484 2448 538 2496 et
554 2408 798 2509 quaenam
814 2426 1109 2499 verborum
1136 2415 1455 2477 translatio?
1474 2412 1623 2509 CIIII:
1636 2408 1781 2509 enim

194 2538 258 2596 de
273 2501 497 2594 doctore
520 2501 830 2601 loqueretur
843 2523 973 2595 (hoc
989 2516 1136 2575 enim
1155 2512 1260 2570 sibi
1278 2510 1390 2567 vult
1408 2506 1559 2601 illud,
1579 2501 1786 2571 Diﬂ'usa

198 2640 266 2687 est
279 2629 448 2702 gratia
471 2626 527 2681 in
548 2600 694 2679 labiis
712 2618 810 2674 tuis
831 2616 873 2686 ),
894 2619 1161 2669 armatum
1183 2618 1364 2676 regem
1386 2600 1543 2702 nobis
1563 2604 1785 2702 repente

198 2689 449 2780 describit
466 2759 484 2787 ,
530 2729 632 2773 nec
659 2714 734 2769 ita
758 2720 819 2766 ut
843 2710 1020 2765 locum
1050 2709 1231 2760 teneat
1255 2694 1587 2787 prophetiae,
1604 2689 1699 2746 sed
1726 2697 1786 2744 ut

203 2815 368 2873 locum
412 2783 841 2883 supplicationis.
881 2798 999 2856 Non
1046 2794 1181 2851 dixit
1217 2789 1364 2883 enim
1402 2803 1418 2842 :
1464 2783 1788 2883 Accingetur

201 2907 367 2981 gladio
390 2874 537 2968 suo}.
557 2897 653 2957 sed
681 2903 832 2968 rogat
849 2932 864 2959 ,
910 2900 963 2948 et
999 2886 1147 2954 dicit,
1178 2882 1452 2981 accingere
1473 2874 1647 2981 gladio
1676 2881 1783 2981 tuo.

204 2962 399 3056 scinde
441 2962 565 3050 huic
601 2962 770 3047 etiam
806 2989 1091 3040 armatura:
1132 2973 1393 3032 admiscet
1433 2962 1787 3056 pulchritudi-

205 3051 547 3158 nemrnnuc
573 3079 789 3153 quidem
813 3071 995 3147 gravis
1016 3075 1304 3124 armaturze
1331 3051 1788 3158 militem-signiﬁ-

206 3149 365 3243 cans',
409 3190 554 3234 nunc
576 3149 707 3228 sero
732 3175 1015 3225 venustum
1045 3158 1316 3215 hominem
1348 3167 1413 3209 ac
1439 3149 1788 3243 speciosum:

208 3237 383 3348 Specie
404 3270 550 3328 enim
569 3307 587 3333 ,
611 3263 815 3335 inquit,
846 3267 952 3321 tua,
982 3263 1029 3310 et
1050 3247 1431 3348 pulchritudine
1450 3253 1559 3297 tua.
1590 3237 1792 3295 Deinde

210 3339 531 3438 sagittarium
564 3375 579 3413 :
614 3357 670 3413 6.
700 3351 915 3424 Sagitta:
936 3346 1102 3411 enim,
1134 3339 1327 3438 inquit,
1359 3346 1459 3438 tua:
1486 3340 1668 3430 oculis,
1700 3344 1794 3438 p.0-

211 3417 490 3513 Kﬁistime.
521 3450 590 3506 Et
609 3417 798 3503 rursus
817 3441 1072 3495 victorem
1099 3443 1156 3490 et
1180 3417 1625 3498 triumphatorém
1652 3438 1665 3475 :
1695 3417 1792 3473 Po-

362 3545 552 3616 inquit,
582 3538 672 3595 sub
698 3545 745 3590 te
780 3531 960 3587 cadent
994 3528 1049 3581 in
1088 3518 1601 3620 corde-inimicorum
1636 3510 1791 3620 regis:

215 3603 462 3700 iinmdeni
492 3603 675 3690 rursus
700 3623 905 3683 inducit
931 3616 1215 3689 unguentis
1236 3611 1558 3700 delibutum,
1592 3603 1685 3674 qui
1713 3608 1798 3700 est

214 3692 558 3803 Eii;qu
603 3725 889 3777 armatura:
905 3753 923 3779 .
946 3719 1001 3769 et
1026 3723 1122 3766 rex
1138 3748 1155 3775 ,
1187 3712 1244 3761 et
1266 3699 1573 3802 sagittarius
1595 3737 1612 3764 ,
1642 3704 1697 3749 et
1716 3692 1798 3799 vi-

466 3816 684 3891 Hyrrha
703 3811 871 3877 enim,
899 3803 1091 3878 inquit,
1111 3810 1158 3855 et
1176 3805 1339 3870 gutta,
1362 3802 1409 3849 et
1433 3791 1572 3848 casia
1595 3805 1627 3843 a
1650 3787 1801 3844 vesti.

218 3919 383 3974 mentis
411 3916 531 3972 tuis.
920 3976 923 3977 ν

283 4009 337 4065 5.
361 4005 501 4078 Quid
521 4015 651 4074 ergo
672 4008 957 4056 commune
982 3991 1121 4047 inter
1144 4000 1204 4078 se
1224 3981 1597 4078 habentarma
1622 3982 1678 4031 et
1702 3989 1801 4029 un-

219 4070 427 4171 guenta,
458 4070 637 4152 unctio
655 4100 710 4147 et
746 4084 973 4160 gladius,
1003 4077 1245 4136 doctrina
1271 4084 1328 4130 et
1364 4070 1611 4171 bellum:
1642 4078 1802 4121 arcus

221 4160 272 4245 et
289 4160 622 4262 pulchritudo
652 4179 825 4236 illaec
842 4174 1150 4232 enimsunt
1177 4166 1328 4238 signa
1351 4163 1521 4237 pacis,
1538 4160 1646 4262 illa
1670 4170 1803 4262 vero

224 4251 383 4357 prsidii
410 4290 468 4339 et
491 4281 767 4336 instructae
791 4268 947 4328 aciei.
980 4265 1112 4335 Quis
1137 4274 1268 4357 ergo
1397 4253 1557 4357 simul
1576 4262 1631 4309 et
1655 4251 1805 4323 pacis

225 4348 441 4442 iuncus,
469 4379 529 4429 et
554 4368 633 4425 rei
667 4361 889 4422 militari
914 4354 1163 4416 deditus?
1178 4352 1300 4424 quis
1315 4348 1536 4442 disﬁllat
1565 4357 1807 4442 unguen-

228 4476 328 4524 tum
350 4508 368 4534 ,
413 4435 470 4523 et
505 4461 670 4518 armis
694 4466 779 4515 est
806 4449 1081 4513 munitus?
1126 4448 1246 4520 quis
1266 4441 1512 4517 procedit
1535 4455 1607 4534 ex
1619 4435 1806 4534 domi-

230 4557 317 4615 bus
348 4531 459 4632 te)
476 4551 756 4617 eburneis,
780 4557 836 4604 ot
859 4546 1043 4601 hostes
1071 4539 1246 4597 fundit
1274 4531 1718 4632 innumerabiles,
1753 4536 1809 4586 ct

228 4624 505 4709 maximam
545 4654 779 4716 stragem
822 4636 987 4696 facit?
1031 4629 1317 4703 Quomodo
1352 4628 1625 4686 solvemus
1670 4624 1811 4716 hanc

230 4739 583 4797 difﬁcultatem
603 4735 629 4789 τ
670 4715 730 4791 Si
758 4741 906 4788 reete
942 4728 1177 4784 sciamus
1216 4723 1335 4780 haec
1358 4733 1572 4791 quoque
1611 4715 1717 4772 dici
1743 4715 1812 4771 de

232 4829 403 4889 Patre.
425 4829 562 4886 Nam
588 4828 703 4899 ipse
722 4835 935 4896 quoque
955 4817 1213 4889 propheta
1236 4827 1361 4869 eum
1390 4808 1520 4867 alibi
1542 4813 1812 4899 armatum

235 4922 536 4989 introducit,
557 4929 615 4976 ut
632 4915 847 4989 quando
865 4910 1034 4969 dicit:
1059 4906 1179 4963 Nisi
1198 4904 1421 4962 conuersi
1448 4900 1663 4973 fueritis,
1695 4898 1812 4989 gld-

234 5016 369 5073 dium
400 4987 553 5071 suum
593 4987 805 5064 vibrabit
829 5020 849 5059 :
887 5016 1061 5058 meum
1092 5014 1238 5054 suum
1262 4994 1501 5059 tetendit,
1531 5000 1581 5046 et
1617 4987 1816 5062 parauit

236 5109 418 5181 ipsus,
466 5114 515 5161 et
542 5104 597 5158 in
619 5117 680 5156 eo
708 5095 905 5169 pararit
928 5107 1051 5149 vasa
1077 5090 1255 5146 mortis
1284 5084 1466 5173 (Prol.
1496 5085 1552 5141 Ἰ.
1576 5078 1817 5181 1?).Alit

237 5170 415 5258 rursus
439 5187 564 5253 alibi
596 5209 612 5249 :
638 5190 829 5247 Induet
852 5186 1109 5242 limacem
1135 5170 1392 5256 justitiam
1412 5178 1433 5252 (
1451 5177 1583 5248 Sap.
1606 5175 1661 5232 5.
1685 5172 1753 5231 ω
1774 5171 1818 5244 ).

239 5287 369 5349 \‘idc
391 5297 572 5345 autem
597 5279 844 5341 eamdem
881 5289 1096 5349 quoque
1120 5272 1514 5330 auctoritatem.
1546 5262 1821 5335 Quemad-

240 5383 451 5443 modum
477 5380 620 5439 cnim
648 5374 759 5434 illic
782 5371 940 5441 dicit,
965 5366 1209 5426 Gladium
1251 5380 1400 5422 suum
1438 5361 1653 5421 uibrabit
1670 5400 1686 5427 ,
1716 5373 1823 5416 non

963 5619 1273 5678 w.gt‘orro
1295 5611 1344 5661 in
1369 5620 1560 5678 vgeem,
1586 5619 1654 5670 με,

3376 374 3478 432 190

1870 489 1941 545 ab
1964 488 2073 544 alio
2092 488 2297 559 jussus,
2322 485 2421 545 sed
2447 485 2563 559 ipse
2588 499 2656 543 ex
2684 484 2865 557 seipso
2898 502 2913 540 :
2942 485 3019 541 ita
3042 483 3131 541 hic
3156 485 3342 554 etiam,
3375 488 3480 544 Sa-

1871 580 2014 652 gitta
2040 579 2261 651 potentis
2286 586 2472 644 acuta,
2502 576 2683 650 pepuli
2705 576 2799 633 sub
2830 586 2879 631 te
2903 576 3088 632 cadent
3115 577 3170 632 in
3195 577 3348 633 corde
3374 578 3479 633 ini-

1872 672 2120 727 micorum
2153 671 2307 742 regis.
2347 669 2552 726 Deinde
2575 668 2870 727 ostendens
2903 683 3029 725 eum
3068 669 3250 725 omnia
3281 685 3353 726 ex
3382 684 3478 730 sua

1872 768 2190 825 auctoritate
2211 767 2408 835 facere,
2433 766 2564 824 dicit
2590 786 2605 824 :
2633 766 2858 823 Deducet
2883 776 2931 822 te
2954 768 3252 823 mirabiliter
3270 768 3480 822 dextera

1874 869 1985 921 tuo.
2014 858 2133 915 Non
2157 859 2405 927 aliunde,
2432 858 2645 931 inquit,
2676 858 3045 931 Operationem
3077 859 3345 931 suscipis,
3384 857 3478 913 sed

1874 948 1991 1020 ipse
2018 950 2110 1005 tibi
2137 948 2237 1020 ipsi
2263 950 2489 1007 sufﬁcis.
2510 930 2660 1005 iAudi
2682 930 2861 1005 autem
2889 949 3066 1020 ipsum
3088 964 3303 1021 quoque
3332 930 3482 1019 pacis

1875 1038 2045 1094 Deum
2072 1038 2340 1096 dicentem
2368 1038 2646 1111 discipulis
2678 1057 2693 1095 :
2724 1038 2850 1094 Nan
2875 1041 2989 1095 ueni
3009 1057 3185 1111 pacem
3211 1041 3267 1095 in
3292 1049 3483 1095 terram

1874 1130 2105 1198 mittere,
2156 1132 2244 1185 sed
2274 1131 2502 1203 gladium
2554 1129 2779 1203 (Matth.
2821 1130 2910 1187 to.
2954 1131 3082 1203 si).
3134 1132 3199 1187 Et
3239 1146 3427 1188 rursus
3464 1151 3485 1190 ι
3553 1119 3560 1128 ’

1874 1219 2057 1293 Ignem
2081 1210 2192 1276 veni
2220 1223 2415 1277 mittere
2432 1223 2487 1277 in
2516 1231 2724 1291 terram,
2745 1232 2792 1278 et
2818 1223 2942 1294 quid
2968 1221 3083 1278 volo
3104 1224 3201 1279 nisi
3225 1220 3278 1278 ut
3302 1240 3485 1279 occen-

1876 1311 2028 1365 datur
2053 1311 2072 1380 (
2094 1310 2220 1366 Luc.
2251 1302 2338 1368 12.
2369 1311 2515 1385 49)?
2554 1312 2650 1368 ilic
2682 1321 2860 1368 autem
2889 1312 2956 1368 de
2984 1312 3173 1368 eodem
3221 1294 3479 1384 loquens,

1876 1404 2147 1474 quomodo
2170 1404 2241 1461 sit
2264 1412 2516 1461 venturus
2539 1404 2669 1461 dicit
2701 1423 2714 1460 :
2749 1404 3028 1461 Descendet
3054 1406 3186 1462 sicut
3226 1407 3398 1469 pluvia
3430 1408 3489 1461 in

1877 1495 2055 1563 uellus,
2102 1506 2149 1551 et
2197 1505 2453 1567 tamquam
2491 1492 2642 1568 'gutta
2682 1512 2795 1568 qua:
2832 1496 3049 1550 distillat
3097 1512 3250 1566 super
3295 1505 3483 1551 terram

1883 1589 1903 1659 (
1926 1588 2073 1644 Psol.
2104 1590 2194 1646 71.
2221 1589 2312 1662 6).
2345 1590 2471 1646 llaec
2494 1590 2637 1656 dico,
2664 1600 2719 1645 ut
2748 1589 2934 1645 attenti
2960 1589 3078 1644 sitis
3099 1599 3155 1645 et
3178 1589 3485 1659 vigilantes,

1879 1691 1935 1737 et
1955 1696 2074 1752 qua:
2095 1696 2160 1756 ex
2191 1680 2517 1737 dictionibus
2546 1679 2918 1751 signiﬁcantur
2946 1678 3230 1749 diligenter
3261 1693 3487 1735 sumen-

1883 1781 1986 1840 tes,
2016 1774 2240 1828 solvatis
2266 1773 2407 1844 apud
2429 1787 2525 1829 vos
2553 1771 2961 1828 dubitationem.
2996 1770 3122 1828 Hine
3146 1770 3290 1827 enim
3314 1774 3485 1826 nomi-

1883 1881 1950 1920 na
1981 1866 2282 1937 signiﬁcant
2305 1865 2423 1937 ejus
2443 1865 2811 1936 OperatiOues.
2861 1862 2937 1918 ita
2980 1877 3112 1935 ergo
3152 1862 3241 1919 hic
3275 1877 3495 1935 quoque

1883 1972 2004 2013 cum
2030 1957 2267 2013 audieris
2293 1973 2310 2011 :
2344 1958 2619 2027 Accingere
2640 1954 2815 2027 gladio
2837 1962 2925 2009 tuo
2952 1970 3105 2024 super
3128 1953 3295 2024 femur
3323 1963 3489 2020 tuum,

1885 2050 2228 2123 potentissime
2251 2092 2265 2116 ,
2310 2048 2558 2105 existima
2583 2062 2705 2104 esse
2730 2060 2927 2102 nomen
2957 2046 3077 2117 ejus
3112 2045 3444 2116 operationis
3475 2048 3500 2103 ε’

1886 2142 1959 2197 ita
2014 2142 2177 2197 etiam
2202 2155 2362 2195 arcus
2416 2147 2473 2195 et
2524 2138 2766 2210 sagittas.
2819 2134 3286 2205 Quemadmodum
3346 2137 3491 2193 enirn

1886 2227 2161 2301 Scriptura
2185 2229 2316 2286 dicit
2342 2230 2509 2285 Deum
2530 2229 2710 2296 irasci,
2743 2243 2851 2283 non
2878 2228 3341 2299 perturbationem
3372 2230 3492 2285 ani-

1892 2323 1965 2379 mi
1987 2323 2035 2380 ci
2060 2323 2317 2388 tribuens,
2350 2321 2449 2377 sed
2479 2337 2574 2394 per
2600 2321 2738 2377 hanc
2756 2320 3072 2389 dictionem,
3101 2319 3348 2376 ultricem
3373 2321 3495 2392 ejus

1887 2418 2256 2488 operationem
2282 2402 2573 2473 ostendens
2592 2457 2607 2481 ,
2638 2426 2694 2472 et
2720 2431 2841 2486 qua:
2870 2425 2996 2471 sunt
3033 2416 3302 2472 crassiora
3329 2416 3495 2471 attin-

1888 2523 2024 2581 gens
2052 2527 2065 2564 :
2096 2509 2167 2564 ita
2186 2508 2417 2580 idipsuui
2439 2507 2706 2580 signiﬁcat
2729 2522 2855 2563 cum
2879 2521 3031 2563 arma
3053 2518 3337 2563 memorat.
3361 2508 3497 2576 Quia

1889 2604 2035 2658 enim
2060 2615 2168 2657 non
2195 2615 2293 2672 per
2317 2600 2565 2671 nosipsos
2584 2641 2599 2666 ,
2631 2598 2725 2655 sed
2758 2612 2855 2669 per
2878 2598 2981 2654 alia
3010 2597 3365 2653 instrumenta
3396 2615 3500 2669 pu-

1895 2694 2097 2761 nimur,
2123 2694 2314 2749 volens
2336 2693 2454 2764 ejus
2479 2690 2737 2763 puniendi
2760 2689 3047 2746 ostendere
3076 2689 3379 2745 facultatem
3401 2722 3429 2756 ,ι
3446 2689 3499 2745 id

1892 2803 1989 2861 per
2010 2786 2229 2844 nomina
2249 2785 2404 2843 nobis
2423 2793 2550 2841 nota
2570 2782 2908 2857 signiﬁcavit,
2928 2798 3034 2839 non
3066 2791 3125 2839 ut
3140 2797 3291 2839 arma
3314 2784 3364 2837 in
3391 2782 3501 2839 Deo

1891 2882 2229 2953 cogitemus,
2262 2879 2359 2937 sed
2382 2888 2443 2935 ut
2468 2877 2855 2949 signiﬁcantius
2897 2884 2954 2934 et
2992 2891 3118 2932 cum
3166 2875 3360 2947 majori
3386 2891 3502 2931 em-

1894 2974 2049 3046 phasi
2070 2974 2192 3046 ejus
2220 2972 2477 3029 ultionem
2505 2969 2807 3027 audiamus.
2840 2969 2910 3025 At
2935 2958 3113 3037 multi,
3159 2966 3368 3039 inquies
3391 3006 3407 3033 ,
3434 2982 3513 3025 ex.

1896 3069 2002 3125 hoc
2029 3070 2148 3124 loco
2174 3066 2288 3123 lassi
2315 3075 2441 3121 sunt
2464 3081 2479 3119 :
2506 3064 2603 3121 sed
2632 3073 2856 3131 temere,
2884 3070 2942 3118 et
2960 3076 2990 3116 a
3014 3061 3231 3133 propria
3253 3060 3502 3117 inscitia:

1896 3176 2021 3218 cum
2051 3160 2195 3217 enim
2229 3160 2397 3215 Deum
2418 3156 2688 3223 audirent,
2719 3154 2990 3211 debebant
3013 3151 3321 3223 intelligere
3342 3150 3397 3206 id
3423 3150 3507 3207 di-

1905 3264 2053 3311 ctum
2076 3268 2203 3310 esse
2234 3252 2439 3323 tropice
2460 3260 2515 3308 et
2545 3251 2768 3322 ﬁgurate
2792 3264 2806 3302 :
2836 3262 2980 3304 nunc
2998 3259 3130 3303 vero
3156 3260 3381 3316 necper
3400 3245 3517 3303 alia,

1897 3343 2117 3416 quidem
2164 3344 2327 3403 verba
2368 3342 2604 3414 neglexit
2645 3338 2923 3410 Scriptura
2967 3351 3065 3393 eos
3108 3335 3307 3393 docere
3336 3335 3507 3409 Deum

1900 3458 2022 3501 esse
2059 3438 2431 3511 impatibilem.
2485 3431 2624 3489 Audi
2673 3446 2803 3504 ergo
2839 3428 3114 3502 quomodo
3154 3428 3281 3484 alibi
3316 3427 3501 3495 docet,

1901 3549 2061 3606 quam
2092 3533 2162 3587 sit
2182 3533 2231 3586 ei
2257 3528 2418 3584 facile
2444 3539 2661 3582 sumere
2683 3522 3029 3594 Supplicium,
3049 3520 3236 3575 dicens
3264 3535 3277 3572 :
3308 3517 3532 3574 Βίτων...

1901 3639 1988 3699 gat
2019 3625 2157 3680 Deus
2182 3664 2198 3691 ,
2232 3633 2280 3677 et
2320 3620 2632 3690 dissipentur
2666 3613 2862 3669 inimici
2888 3614 3000 3687 ejus
3047 3610 3235 3683 (Psal.
3277 3612 3368 3668 6'7.
3413 3611 3508 3683 2),

1902 3716 2171 3790 Numquid
2198 3730 2334 3787 opus
2374 3722 2458 3769 est
2492 3709 2694 3767 armis?
2738 3707 2996 3779 numquid
3024 3704 3239 3778 gladio?
3263 3704 3472 3762 Sufﬁcit
3494 3746 3511 3774 ,

1904 3813 2096 3884 inquit,
2124 3810 2301 3866 solum
2328 3808 2375 3863 si
2401 3803 2788 3863 exsurrexerit.
2820 3799 2929 3857 Sed
2955 3799 3058 3855 hoc
3081 3813 3297 3870 quoque
3322 3813 3522 3856 rursus.

1904 3920 1990 3971 est
2029 3921 2314 3972 crassum;
2362 3917 2417 3962 et
2434 3904 2557 3961 ideo
2598 3916 2744 3972 saepe
2782 3900 2950 3956 dicit:
2987 3888 3089 3966 Qui
3125 3897 3332 3970 respicit
3358 3912 3520 3966 super.

1907 4013 2097 4058 terram
2120 4040 2136 4068 ,
2172 4008 2220 4056 et
2246 3997 2368 4071 facit
2389 4013 2500 4051 eam
2521 4007 2730 4050 tremere
2758 3989 2947 4064 (Psal.
2979 3991 3100 4047 103.
3128 3988 3260 4061 52).
3294 3987 3364 4044 Et
3390 4003 3513 4042 rur-

1907 4110 2001 4152 sus
2032 4112 2047 4149 :
2079 4095 2121 4148 A
2150 4092 2282 4165 facie
2316 4091 2429 4162 ejus
2472 4095 2723 4143 commota
2763 4092 2837 4139 est
2873 4092 3009 4137 terra
3046 4079 3233 4151 (Psal.
3264 4079 3392 4135 115.
3419 4079 3450 4133 7
3471 4078 3531 4147 ).,

1909 4187 2071 4260 Atqui
2094 4185 2197 4240 hoc
2222 4196 2438 4256 quoque
2464 4193 2709 4238 crassum
2733 4186 2837 4233 est.
2885 4174 3027 4231 Audi
3072 4188 3204 4246 ergo
3249 4186 3437 4229 rursus
3463 4173 3513 4226 id

1909 4279 2055 4352 quod
2083 4288 2167 4335 est
2192 4275 2479 4342 sublimius
2508 4290 2521 4329 :
2553 4271 2760 4337 Ouinia,
2788 4282 3119 4342 quacumque
3156 4267 3315 4321 voluit
3339 4307 3356 4332 ,
3400 4266 3519 4336 fecit

1917 4373 2108 4449 (Psal.
2141 4371 2267 4428 154.
2298 4366 2369 4442 6)
2396 4385 2410 4423 :
2437 4367 2489 4424 ei
2513 4366 2658 4422 enim
2679 4363 2855 4421 solum
2882 4359 3120 4417 voluisse
3139 4358 3356 4415 sufﬁcit.
3386 4357 3524 4413 Vide

1913 4477 2094 4524 autem
2139 4461 2412 4537 quomodo
2456 4461 2513 4516 in
2555 4458 2642 4515 bis
2676 4457 2841 4513 etiam
2883 4453 3239 4511 crassioribus
3282 4450 3524 4507 ostendit

1916 4562 2084 4617 Deum
2116 4557 2314 4613 nullius
2340 4552 2418 4609 rei
2447 4564 2629 4623 egere.
2673 4546 2860 4619 Neque
2896 4544 3041 4602 enim
3070 4547 3222 4615 prius
3246 4556 3520 4598 armorum

1916 4650 2181 4716 meminit,
2212 4662 2374 4721 quam
2412 4660 2537 4703 eum
2565 4650 2842 4715 potentem
2889 4637 3204 4703 vocaverit;
3254 4645 3311 4692 et
3336 4650 3533 4691 rursus

1917 4762 2040 4802 cum
2064 4758 2212 4801 arma
2232 4744 2624 4805 enumerasset,
2647 4747 2863 4790 omnem
2885 4731 3165 4788 victoriam
3182 4729 3301 4799 ejus
3320 4727 3538 4783 dextras

1917 4837 2241 4908 adscripsit,
2269 4832 2375 4889 hoc
2396 4838 2517 4895 est,
2567 4827 2686 4899 ejus
2712 4834 2923 4881 natura:
2960 4833 3015 4879 et
3052 4820 3330 4892 potentiae.
3370 4817 3544 4885 Quod-

1920 4931 2057 4987 alius
2084 4939 2299 5000 quoque
2322 4920 2585 4994 propheta
2608 4916 2936 4988 signiﬁcans,
2965 4911 3217 4969 dicebat:
3253 4909 3543 4978 Principm

1926 5033 2007 5078 tus
2032 5021 2141 5091 ejus
2164 5032 2317 5087 super
2347 5015 2615 5069 humerum
2642 5009 2752 5082 ejus
2778 5004 2951 5079 (1εαὶ.
2974 5004 3029 5062 9.
3059 5002 3128 5075 6)
3164 5018 3181 5061 :
3215 5016 3322 5058 non
3342 5011 3399 5057 ut
3424 5000 3531 5056 hu-

1923 5130 2134 5174 merum
2163 5110 2449 5180 intelligas,
2476 5105 2651 5162 absit:
2676 5102 2772 5160 sed
2798 5111 2857 5158 ut
2876 5101 3016 5157 scias
3044 5099 3209 5154 Deum
3240 5111 3348 5152 non
3370 5094 3543 5166 egere.

1927 5212 2156 5267 aliorum
2174 5204 2394 5261 auxilio.
2418 5199 2694 5270 Accingere
2706 5194 2881 5268 gladio
2903 5202 2988 5248 tuo
3006 5206 3162 5262 super
3182 5189 3347 5259 femur
3368 5196 3531 5253 luunt,

1901 5298 2302 5375 potentissime,
2332 5292 2499 5364 specie
2523 5299 2612 5345 tua
2631 5296 2678 5343 et
2707 5282 3090 5359 pulchritudine
3128 5289 3238 5335 tua.
3270 5277 3410 5375 Quid
3448 5277 3551 5375 hic.

1931 5367 2091 5466 igitur
2117 5387 2284 5445 dicit?
2313 5385 2417 5441 Per
2443 5382 2559 5437 hate
2595 5378 2862 5435 crassiora
2902 5372 3121 5429 nomina
3147 5368 3383 5426 ostendit
3419 5367 3548 5438 ejus

1932 5460 2341 5558 operationem,
2374 5491 2471 5549 per
2497 5486 2658 5544 quam
2698 5470 2884 5526 orbem
2916 5478 3181 5522 terrarum
3220 5460 3394 5526 rexit,
3444 5474 3539 5529 per

1655 5604 1832 5665 mbae
1935 5551 2097 5652 quam
2127 5574 2324 5631 bellum
2355 5565 2620 5665 confecit,
2649 5571 2705 5619 et
2732 5570 2994 5665 tropmum
3016 5554 3209 5665 erexit.
3240 5551 3559 5665 Erat

295 5641 374 5693 (⁸)
404 5641 456 5676 ω
474 5641 661 5681 πω,
684 5641 850 5682 σφων
866 5641 941 5668 ιιι
963 5641 1273 5686 μίαν-ἰὐηυ
1296 5641 1344 5661 ιιι
1376 5641 1560 5670 vwvsu,
1586 5641 1705 5670 μείης,
1722 5641 1789 5655 ua.

242 5698 373 5763 notat
391 5685 533 5747 savii.
557 5697 572 5735 :
603 5700 630 5730 ι
652 5695 759 5746 μοι.
781 5679 918 5729 varie
949 5683 1231 5763 exponitur.
1258 5691 1279 5720 ο
1308 5671 1457 5759 assii.
1476 5683 1595 5733 esset,
1617 5666 1789 5782 anper

244 5764 473 5782 mmme...
502 5747 695 5782 simul-
720 5748 775 5782 οι
800 5741 870 5782 sic
893 5738 1145 5782 nidvmns.
1180 5737 1479 5782 .tthanasms.
1512 5739 1641 5782 tcmn
1727 5743 1789 5782 nu

1936 5641 2137 5729 bellum
2163 5660 2537 5738 gravissimum
2562 5699 2578 5725 ,
2613 5662 2670 5711 et
2697 5654 2937 5710 omnium
2967 5646 3231 5704 bellorum
3262 5641 3549 5703 acerbissie

2018 5781 2023 5782 '
2049 5780 2078 5782 "
2166 5762 2215 5782 ’“
2256 5772 2353 5782 ‘“"
2384 5769 2489 5782 ἰλ-
2516 5747 2727 5782 λιι-τινι·ιῖ
2752 5745 2950 5782 imil-Im
2981 5741 3235 5782 norninant
3258 5776 3273 5782 _
3304 5735 3399 5782 sm!
3433 5732 3542 5782 dm.

241 5712 1641 5814 ’ξε·ῑ›ιῑι’ῑιῖςιῖξῖλίιιξιηῑξῑδέ,τῑῖιῖφ

424 5800 709 5864 castraretur
729 5800 955 5865 (uirilius,
971 5800 1146 5859 turres.

1727 5742 1832 5782 ma-

1939 5780 2087 5826 ntum
2105 5804 2121 5825 .
2166 5732 2220 5821 in
2252 5772 2358 5832 quo
2384 5769 2491 5813 non
2516 5747 2730 5811 barbari
2752 5745 2951 5809 bellum
2980 5741 3275 5814 gerebant,
3304 5735 3399 5795 sed
3433 5732 3542 5795 due-
