4070 6434
694 411 792 469 191

687 538 876 581 mones
903 520 1187 579 tendebant
1206 517 1425 573 insidias
1445 557 1461 581 ,
1491 526 1561 573 et
1585 513 1839 569 universo
1856 509 1974 566 orbi
2003 520 2261 564 terrarum

685 613 974 671 sﬂ'erebaut
1001 611 1237 671 exitium.
1269 608 1526 673 Quocirca
1556 604 1744 671 Esaias
1772 615 1982 673 quoque
2014 598 2263 655 dicebat:

687 704 755 759 Et
795 703 1002 776 fortium
1043 701 1225 754 diuidet
1264 697 1428 768 spolia
1470 693 1634 766 (Isai.
1666 694 1756 749 53.
1801 690 1924 760 12).
1975 689 2041 743 Et
2083 702 2270 742 rursus

683 795 811 849 alibi
839 810 855 848 :
886 793 1109 864 Spiritus
1135 789 1341 845 Domini
1368 805 1517 859 super
1557 801 1676 851 me;
1720 800 1819 853 qua
1846 782 1909 836 de
1934 795 2094 835 causa
2123 779 2268 833 unxit

684 901 784 949 me,
810 885 879 939 ad
896 882 1341 955 evangelisandum
1368 879 1675 951 pauperibus
1698 876 1829 930 misit
1852 889 1929 927 me
1952 914 1966 938 ,
1992 873 2060 925 ad
2082 870 2269 941 praedi-

681 974 900 1030 caudam
932 975 1139 1045 captiuis
1158 973 1497 1027 remissionem
1529 967 1643 1041 (Ib.
1668 967 1758 1023 61.
1784 963 1870 1037 1).
1908 962 2263 1031 Quamobrem

683 1068 880 1137 Paulus
909 1066 1101 1135 ubique
1127 1065 1179 1118 ln
1211 1062 1469 1134 principio
1501 1059 1857 1129 Epistolarum
1898 1057 2141 1109 scribens
2179 1052 2265 1106 di-

680 1158 838 1214 cabat
854 1173 879 1211 «ε
908 1154 1085 1210 Gratia
1109 1154 1245 1207 vobis
1265 1162 1311 1206 et
1332 1167 1435 1221 pas:
1460 1167 1491 1202 a
1522 1149 1630 1204 Deo
1654 1157 1797 1217 patre
1824 1154 2015 1200 nostra.
2051 1144 2117 1199 Et
2142 1158 2264 1197 rur-

683 1263 776 1312 sus
805 1263 822 1302 :
851 1245 974 1319 Ipse
995 1246 1126 1301 enim
1149 1253 1218 1299 est
1244 1258 1344 1310 pax
1362 1251 1533 1295 nostra
1556 1281 1572 1306 ,
1619 1239 1705 1307 qui
1734 1238 1849 1307 fecit
1875 1245 2083 1305 utraque
2108 1248 2264 1287 uirum

687 1327 913 1407 (Ephes.
936 1338 991 1392 2.
1020 1337 1085 1391 Ην
1103 1336 1143 1405 ).
1172 1333 1250 1389 Ne
1268 1342 1445 1388 autem
1473 1331 1597 1387 dum
1627 1330 1777 1384 audis
1797 1370 1813 1393 ,
1858 1329 2127 1398 Accingere
2148 1324 2265 1396 gla-

683 1428 771 1481 dio
800 1436 906 1491 tuo,
931 1441 1112 1482 castam
1143 1423 1405 1493 intelligas
1425 1421 1704 1484 sensilem,
1736 1419 1857 1473 audi
1886 1430 2265 1488 qum-sequun-

685 1528 787 1572 tur.
819 1515 952 1573 Cum
979 1518 1121 1576 enim
1150 1516 1391 1579 dixisset,
1416 1508 1682 1584 Accing’cre
1708 1510 1880 1583 gladio
1904 1519 2011 1573 tuo,
2043 1507 2266 1577 subjun-

686 1608 779 1669 sit,
812 1608 865 1665 5.
898 1606 1080 1677 Specie
1099 1616 1206 1672 tua,
1238 1615 1285 1659 et
1313 1602 1687 1674 pulchritudine
1711 1613 1797 1655 tua
1826 1617 1843 1654 :
1880 1603 1979 1653 hoc
2008 1608 2123 1663 est,
2151 1598 2265 1667 gla-

683 1699 835 1763 dius,
863 1699 1067 1768 species
1105 1696 1251 1765 ejus,
1297 1692 1651 1764 pulchritudo,
1692 1691 1856 1762 gluria
1879 1731 1893 1753 ,
1938 1689 2222 1744 auctoritas
2247 1727 2264 1753 ,

683 1790 936 1860 majestas
991 1798 1044 1842 et
1073 1786 1479 1857 magniﬁcentia.
1528 1784 1734 1839 Nullius
1761 1784 1903 1837 enim
1945 1783 2032 1835 illa
2066 1780 2267 1849 indiget

682 1878 977 1936 substantia
1003 1877 1069 1931 ad
1093 1892 1153 1930 ca
1183 1888 1329 1931 recte
1359 1875 1590 1947 gerenda
1615 1916 1631 1939 ,
1667 1890 1786 1945 qua:
1834 1873 2030 1926 fuerint
2071 1887 2264 1941 propo-

682 1969 783 2024 sita
821 1986 834 2019 :
867 1977 949 2023 est
992 1969 1132 2023 enim
1158 1968 1349 2021 nullius
1379 1966 1574 2035 indiga.
1608 1963 1742 2022 Eum
1780 1979 1910 2032 ergo
1948 1948 2266 2017 adhortatur

683 2057 961 2128 propheta,
992 2071 1086 2127 pro
1112 2057 1361 2110 universo
1386 2056 1514 2110 orbe
1535 2063 1795 2113 terrarum
1823 2069 1944 2110 eum
1967 2053 2032 2107 ad
2062 2052 2261 2108 bellum

680 2150 932 2208 edocens.
958 2149 1157 2205 Deinde
1182 2164 1211 2202 a
1234 2148 1546 2202 sublimibus
1568 2148 1861 2201 orationem
1894 2160 2076 2199 rursus
2096 2144 2263 2199 dedu-

680 2240 753 2296 cit
790 2239 856 2295 ad
878 2240 1159 2295 crassiora.
1207 2239 1338 2293 Cum
1382 2237 1524 2293 enim
1554 2237 1774 2294 dixisset
1812 2236 2045 2306 gladium
2087 2246 2143 2291 et
2185 2234 2264 2290 fe-

679 2345 820 2393 mur,
851 2328 1126 2383 adscendit
1150 2328 1215 2383 ad
1256 2328 1487 2398 speciem
1515 2337 1569 2381 et
1596 2325 2039 2396 pulchritudinem
2066 2343 2079 2377 :
2110 2333 2165 2379 et
2193 2324 2260 2378 il-

680 2419 789 2479 linc
815 2436 998 2479 rursus
1019 2420 1293 2477 descendit
1316 2420 1383 2475 ad
1414 2434 1475 2476 ea
1495 2435 1615 2490 qua:
1644 2428 1766 2475 sunt
1793 2420 1961 2487 magis
1980 2433 2257 2487 corporea,

678 2524 732 2570 et
759 2514 887 2570 dicit
914 2532 929 2568 :
957 2513 1200 2576 Intende,
1245 2529 1481 2584 prospere
1500 2514 1710 2581 procede
1734 2521 1781 2567 et
1800 2526 1976 2583 regna.
2006 2509 2137 2565 Cum
2166 2524 2262 2563 au-

680 2613 786 2661 tem
826 2604 991 2669 dixit,
1036 2602 1288 2665 Intende,
1338 2617 1519 2658 arcum
1556 2603 1868 2673 significavit
1895 2612 1945 2658 et
1992 2602 2255 2673 sagittam.

680 2693 878 2750 Deinde
905 2694 1192 2748 ostendens
1222 2706 1551 2747 rursuseum
1573 2694 1736 2747 armis
1776 2708 1879 2747 non
1902 2707 2078 2763 egere,
2126 2694 2257 2747 sub-

674 2786 849 2858 junxit
872 2827 885 2851 ,
929 2786 1181 2855 Prospere
1208 2784 1455 2855 procede,
1504 2795 1554 2838 et
1581 2800 1755 2854 regna.
1794 2784 1942 2839 Alius
1966 2792 2140 2838 autem
2174 2786 2255 2838 in-

679 2890 886 2947 terpres
910 2877 998 2931 hic
1026 2877 1177 2943 dicit,
1212 2876 1477 2931 Promo've.
1507 2875 1747 2947 Regnum
1780 2888 1952 2931 autem
1977 2877 2063 2932 hic
2091 2876 2253 2942 dicit,

675 2968 815 3038 quod
846 2984 965 3023 cum
996 2966 1322 3030 advenisset,
1367 2966 1753 3022 administravit
1781 2969 2034 3022 extremis
2056 2977 2257 3036 tempo-

675 3061 822 3115 ribus
844 3101 858 3123 ,
890 3058 1140 3130 quodque
1180 3067 1262 3114 est
1288 3056 1577 3112 secundum
1611 3058 1873 3127 propriam
1915 3060 2174 3114 rationem
2201 3068 2257 3114 et

674 3151 973 3207 scientiam.

744 3241 796 3296 6.
828 3240 953 3296 Hmc
977 3249 1151 3299 autem
1180 3240 1337 3296 verba
1361 3239 1595 3295 indicant
1615 3239 1884 3310 propheta:
1907 3239 2250 3305 desiderium,

674 3333 901 3391 videntis
926 3332 1036 3401 jam
1067 3347 1185 3402 qua:
1215 3341 1367 3386 erant
1395 3332 1462 3386 ab
1491 3345 1557 3385 eo
1586 3332 1842 3397 facienda,
1865 3342 1919 3387 et
1943 3333 2251 3387 universum

674 3424 859 3478 orbem
888 3433 1042 3477 terrae
1068 3421 1350 3477 deductum
1377 3421 1441 3475 ad
1464 3422 1735 3476 veritatem
1761 3438 1775 3475 :
1805 3432 1858 3478 et
1885 3422 2002 3477 ideo
2030 3432 2181 3492 tropo
2201 3434 2255 3478 et

673 3516 836 3588 lignra
870 3515 1174 3583 imperantis
1196 3528 1320 3567 usus
1345 3521 1445 3577 est.
1479 3513 1884 3568 Consueverunt
1907 3515 2046 3569 enim
2080 3514 2248 3568 mino-

671 3622 777 3673 res,
808 3606 1019 3676 quando
1044 3616 1167 3661 sunt
1190 3606 1299 3659 acri
1327 3605 1583 3674 majorum
1615 3606 1921 3660 inﬂammati
1948 3608 2142 3669 studio,
2173 3609 2254 3663 his

670 3700 743 3753 uti
771 3698 1106 3753 dictionibus.
1149 3696 1368 3768 Propter
1403 3699 1677 3764 veritatem,
1709 3708 1756 3752 et
1797 3700 2250 3766 mansuetudinem,

668 3800 714 3845 et
733 3790 997 3857 iustitiam.
1032 3788 1297 3844 Adverhio
1323 3788 1559 3841 veritatis.
1592 3790 1773 3844 utitur.
1802 3787 1962 3844 Vides
1989 3790 2253 3858 quomodo

668 3885 895 3953 seipsam
926 3883 1301 3951 interpretatur
1320 3880 1611 3949 Scriptura,
1644 3891 1698 3935 et
1722 3881 1953 3935 ostendit
1979 3882 2249 3936 victoriam

668 3976 869 4032 versari
902 3976 952 4029 in
977 3973 1340 4043 intelligentia,
1369 3984 1423 4028 et
1451 3987 1570 4027 esse
1594 3971 1961 4041 spiritualem?
1982 3973 2081 4041 Qui
2109 3975 2249 4029 enim

667 4070 911 4125 meminit
954 4083 1243 4131 armorum,
1282 4066 1462 4136 gladii,
1509 4073 1562 4120 et
1588 4080 1824 4133 arcuum,
1861 4066 2128 4137 quomodo
2168 4068 2254 4122 hic

666 4160 911 4217 meminit
936 4157 1388 4213 mansuetudinis?
1407 4158 1540 4226 Quid
1564 4160 1703 4211 enim
1731 4172 2015 4213 commune
2040 4160 2176 4214 inter
2195 4175 2253 4215 se

670 4251 867 4305 habent
909 4249 1103 4303 bellum
1142 4257 1197 4303 et
1234 4249 1604 4314 mansuetudo,
1646 4248 1901 4304 modestia
1951 4260 2004 4304 et
2045 4252 2252 4319 pugna?

669 4340 999 4395 Permultum
1030 4337 1241 4408 quidem
1280 4348 1446 4401 certe,
1496 4338 1540 4391 si
1586 4338 1705 4406 quis
1736 4346 1880 4392 recte
1920 4340 2249 4408 cxpenderit.

669 4431 799 4487 Nam
829 4441 878 4486 et
912 4429 1073 4484 David
1113 4438 1168 4484 et
1202 4428 1375 4483 Moses
1408 4439 1558 4483 erant
1598 4430 1754 4484 mites
1782 4447 1794 4483 :
1834 4439 1887 4485 et
1925 4431 2043 4486 ideo
2068 4431 2133 4486 de
2164 4432 2254 4487 illo

668 4523 885 4595 quidem
910 4522 1036 4577 dicit
1061 4521 1333 4589 Scriptura
1365 4537 1378 4572 :
1416 4520 1689 4585 Memento,
1723 4519 1960 4585 Domine,
1990 4521 2175 4585 David,
2208 4532 2254 4577 et

670 4613 832 4667 amnis
866 4611 1260 4665 mansuetudinis
1285 4612 1391 4681 ejus
1422 4607 1592 4679 (Περι.
1629 4612 1748 4666 151.
1782 4610 1867 4681 Ι);
1895 4611 1961 4665 de
1988 4611 2132 4668 Mose
2156 4628 2254 4667 au-

672 4711 779 4757 tem
815 4718 827 4753 :
866 4701 988 4754 Erat
1040 4700 1206 4755 ποίεε
1252 4702 1541 4755 mitissimus
1592 4701 1817 4755 omnium
1863 4702 2121 4756 hominum
2170 4704 2255 4772 qui

669 4803 812 4850 erant
838 4808 987 4860 super
1014 4803 1194 4847 terram
1229 4791 1415 4865 (Num.
1447 4794 1534 4847 12.
1566 4790 1622 4860 5)
1655 4812 1669 4846 :
1701 4805 1875 4849 tamen
1907 4795 2150 4850 videntur
2194 4797 2251 4862 ii,

669 4883 759 4953 qui
784 4894 936 4936 erant
956 4884 1187 4937 omnium
1217 4884 1503 4950 mitissimi,
1525 4883 1763 4938 omnium
1786 4886 2023 4941 maxime
2049 4887 2250 4943 ulcisci.

670 4972 774 5028 Sed
801 4972 845 5027 si
873 4973 1047 5039 vultis,
1079 4974 1317 5029 dicamus
1346 4976 1490 5045 prius
1521 4974 1589 5029 de
1615 4990 1797 5029 eorum
1826 4978 2248 5033 mansuetudine.

670 5061 801 5118 Cum
842 5062 929 5118 hic
966 5064 1149 5119 beatus
1192 5066 1422 5133 cepisset
1465 5079 1606 5135 saepe
1650 5064 1883 5131 Saulem,
1928 5076 1980 5121 et
2019 5078 2163 5122 esset
2201 5069 2251 5123 in

667 5153 789 5223 ejus
814 5164 1072 5223 potestate
1098 5172 1217 5210 eum
1252 5155 1320 5210 de
1349 5156 1524 5212 medio
1569 5156 1777 5223 tollere,
1806 5172 2018 5213 manum
2050 5159 2102 5214 in
2132 5176 2251 5215 eum

671 5258 777 5299 non
822 5244 1039 5299 immisit
1077 5246 1153 5315 (l.
1186 5245 1311 5315 Reg.
1346 5245 1435 5300 24.
1481 5246 1563 5301 il.
1605 5255 1649 5300 et
1683 5245 1860 5315 26.7.
1886 5248 2020 5319 sqq.)
2054 5266 2067 5302 :
2097 5252 2253 5321 quin-

670 5332 831 5389 etiam
859 5348 980 5389 cum
1017 5334 1103 5388 alii
1133 5335 1305 5405 ipsum
1333 5336 1633 5402 incitarent,
1667 5338 1714 5391 ei
1750 5341 2003 5408 pepercit,
2037 5350 2090 5394 et
2122 5341 2251 5394 iram

669 5425 942 5492 repressit.
973 5423 1092 5481 Jam
1118 5440 1250 5482 vero
1286 5441 1405 5481 cum
1437 5426 1610 5483 Semei
1640 5444 1760 5483 eum
1786 5431 2101 5485 contumelia
2133 5432 2252 5485 afli-

670 5520 837 5579 ceret,
876 5520 932 5568 et
968 5514 1082 5584 ejus
1106 5515 1540 5589 calamitatitunc
1581 5517 1859 5573 insultaret
1884 5562 1899 5586 ,
1950 5521 2254 5589 vellentque

673 5600 836 5657 duces
865 5604 1109 5668 transire,
1149 5616 1203 5660 et
1232 5605 1548 5661 maledicum
1572 5605 1841 5662 hominem
1870 5610 2076 5679 probris
2105 5610 2251 5680 ejus-

675 5693 815 5752 modi
864 5693 1207 5753 inseetantem
1248 5698 1589 5765 interimere,
1618 5701 1789 5768 qualia
1844 5701 2045 5771 profert
2093 5704 2249 5757 verba

664 5782 807 5836 omni
838 5787 1087 5855 sapientia
1115 5789 1267 5862 plena
1288 5789 1365 5861 (2.
1397 5789 1522 5863 Reg.
1558 5792 1639 5848 16.
1668 5793 1721 5849 5.
1753 5796 1924 5865 sqq.)?
1946 5794 2092 5852 Illum
2119 5813 2248 5867 quo-

1465 394 1521 455 S.
1559 394 1841 454 JOANNlS
1876 388 2350 450 CllﬂYSOB'I‘Olﬂ
2389 383 2711 444 ARCUIEP.
2750 379 3289 439 GONSTANIINOP.

3876 374 4005 431 ὓθῇ

2375 516 2481 573 que
2509 497 2826 571 parricidam
2852 506 2909 553 et
2934 495 3355 551 incontinentem
3382 491 3799 556 adulescentem,
3826 503 3997 563 quo-

2371 593 2532 648 modo
2581 593 2693 648 suis
2721 588 3058 645 commendat
3080 587 3325 649 ducibus,
3354 585 3578 641 dicens:
3610 582 3814 638 Ras-cite
3841 582 4000 636 mihi

2370 685 2530 754 filiolo
2556 682 2795 739 Absaloui
2819 681 2893 753 (2.
2927 681 3054 751 Reg.
3080 679 3168 734 18.
3186 678 3241 747 5)
3258 678 3283 730 1
3307 676 3529 744 Quando
3549 684 3725 729 autem
3748 674 3799 730 in
3824 674 3999 744 prin-

2369 778 2510 845 cipio
2551 774 2871 845 loquebatur-
2891 788 3013 827 cnm
3055 771 3309 826 fratribus
3348 771 3399 825 ei
3434 768 3793 824 inridentibus
3834 782 3993 837 pro-

2370 873 2489 933 pter
2511 866 2739 920 futuram
2766 864 3065 929 victoriam,
3087 863 3259 933 cogita
3284 875 3444 930 quam
3473 869 3748 915 mansuete
3777 858 3987 929 loqui-

2371 967 2492 1023 tur,
2535 958 2762 1013 dicens:
2810 956 3071 1026 Numquid
3110 971 3209 1009 non
3251 954 3453 1008 uerbum
3474 962 3547 1007 est
3578 952 3597 1023 (
3626 952 3677 1007 l.
3711 951 3837 1024 Reg.
3880 951 3989 1005 17.

2368 1046 2506 1117 29)?
2534 1048 2669 1115 Quid
2696 1062 2822 1103 vero
2845 1046 3058 1102 Moses?
3086 1045 3191 1100 Pro
3218 1044 3284 1100 iis
3310 1043 3398 1114 qui
3426 1057 3549 1118 eum
3578 1042 3842 1112 lapidibus
3866 1055 3990 1111 pe-

2371 1139 2585 1204 tierant,
2618 1152 2716 1208 pro
2743 1138 2806 1192 iis
2834 1137 2927 1209 qui
2954 1152 3100 1203 eum,
3124 1145 3377 1207 quantum
3405 1136 3458 1189 in
3482 1136 3561 1190 eis
3588 1132 3822 1198 erat,.de
3852 1148 3995 1191 mc—

2368 1232 2458 1287 dio
2494 1233 2854 1296 sustulerant,
2907 1230 3029 1285 audi
3074 1228 3200 1301 quid
3248 1228 3391 1284 dicat
3438 1225 3649 1300 (Exod.
3698 1226 3786 1284 17.
3840 1227 3986 1295 4.);

2336 1370 2339 1373 .
2370 1324 2431 1379 Si
2461 1335 2719 1394 peccatum
2754 1325 2955 1394 quidem
2981 1322 3053 1376 eis
3081 1321 3289 1375 dimittis
3317 1361 3333 1385 ,
3366 1320 3563 1373 dimitte
3590 1334 3611 1372 :
3647 1320 3724 1373 sin
3756 1317 3943 1373 minus
3963 1358 3983 1381 ,

2368 1431 2448 1467 me
2470 1431 2666 1485 quoque
2693 1414 2805 1469 dele
2830 1414 2894 1468 de
2917 1412 3229 1482 libro.qaem.
3250 1410 3495 1479 scripsisti
3526 1407 3717 1480 (Exod.
3743 1408 3835 1464 52.
3870 1408 3945 1463 51
3967 1447 3983 1460 .

2370 1506 2482 1577 52).
2514 1506 2646 1561 Cum
2677 1506 2766 1560 alii
2798 1520 2987 1561 rursus
3008 1518 3129 1559 eum
3158 1512 3433 1556 moverent
3456 1499 3523 1555 ad
3540 1500 3982 1561 u-mulationem.

2369 1609 2423 1652 et
2452 1598 2731 1654 incitarent
2767 1596 2833 1651 ad
2864 1598 3017 1660 imm,
3045 1595 3263 1664 pulchra
3294 1593 3381 1647 illa
3415 1603 3468 1647 et
3494 1592 3772 1661 sapientia:
3800 1592 3979 1662 plena

2370 1688 2529 1743 verba
2560 1688 2808 1758 loquutus
2849 1702 2881 1741 c
2913 1695 2952 1752 l,
2987 1684 3172 1739 dicens
3202 1700 3217 1737 :
3253 1682 3379 1749 Quis
3407 1683 3488 1736 det
3528 1692 3685 1735 totum
3714 1682 3984 1753 pupulum

2369 1777 2577 1832 Domini
2605 1779 2876 1848 prophetas
2904 1792 3010 1831 esse
3036 1773 3223 1846 (Nam.
3256 1774 3343 1829 il.
3368 1772 3502 1843 εον
3526 1773 3631 1827 Pro
3655 1786 3843 1829 sorore
3868 1788 3984 1826 au-

2371 1880 2475 1924 tem
2519 1885 2723 1936 rursus,
2762 1885 2881 1940 qua:
2922 1883 3043 1925 eum
3090 1866 3387 1923 maledictis
3431 1866 3753 1930 incesserat,
3798 1882 3979 1936 quam

2367 1963 2674 2031 suppliciter
2701 1962 2985 2031 precaturi
3013 1960 3090 2014 Ex
3119 1959 3301 2015 multis
3329 1973 3545 2029 quoque
3570 1958 3689 2013 aliis
3717 1958 3854 2014 locis
3884 1961 3981 2013 vi-

2365 2052 2477 2107 deri
2511 2062 2683 2122 potest
2718 2052 2835 2123 ejus
2878 2048 3248 2115 mansuetudo,
3294 2049 3503 2117 quando
3546 2049 3710 2103 etiam
3743 2064 3775 2103 e
3818 2060 3977 2106 terra

2366 2142 2585 2211 ejectus,
2615 2152 2671 2198 et
2717 2143 2769 2197 in
2818 2141 3154 2198 Palaestinam
3210 2138 3417 2211 ingredi
3467 2139 3783 2209 prohibitus,
3835 2155 3975 2196 eum

2364 2235 2510 2289 Omni
2562 2236 2814 2290 comitate
2861 2244 2916 2290 et
2963 2231 3367 2287 mansuetudine
3414 2230 3628 2285 Juda‘os
3672 2229 3979 2298 alloquitur

2366 2326 2549 2399 (Num.
2579 2326 2661 2381 12.
2700 2327 2809 2394 13).
2841 2323 2945 2381 Sed
2975 2334 3152 2379 tamen
3174 2323 3260 2379 hic
3279 2322 3443 2383 mitis,
3478 2330 3534 2376 ut
3563 2320 3788 2383 Dathan.
3828 2324 3975 2382 Λιιξ-

2364 2432 2461 2471 run
2490 2426 2542 2469 et
2570 2417 2731 2481 Core,
2762 2430 2883 2470 cum
2917 2415 2967 2468 in
2998 2412 3351 2469 sacerdotium
3384 2411 3720 2472 invasissent.
3752 2427 3780 2464 a
3817 2421 3973 2467 terra

2364 2507 2794 2572 absorberentur,
2832 2515 2885 2561 et
2916 2506 3003 2559 alii
3026 2512 3400 2566 exurerentur,
3431 2501 3569 2573 quod
3601 2503 3773 2572 ignem
3821 2502 3971 2558 alie-

2364 2612 2488 2651 mun
2532 2586 2867 2662 obtulissent,
2902 2611 3111 2666 acquum
3139 2595 3460 2650 existimavit
3496 2593 3683 2665 (Num.
3729 2593 3815 2649 16.
3873 2598 3967 2651 15.

2361 2685 2517 2757 sqq.).
2552 2685 2711 2741 David
2736 2702 2944 2757 quoque
2968 2686 3055 2741 ille
3082 2693 3391 2740 mansuetus
3410 2696 3459 2741 et
3487 2684 3698 2740 Gnliath
3723 2703 3735 2754 ί
3756 2698 3973 2739 rostr..-

2360 2778 2457 2841 vit,
2490 2787 2539 2830 et
2566 2779 2856 2831 exercitum
2881 2776 3097 2847 fugavit,
3125 2787 3178 2833 et
3207 2776 3387 2831 retulit
3417 2776 3689 2831 victoriam
3719 2776 3796 2847 (i.
3826 2777 3965 2849 Reg.

2362 2871 2474 2935 l7).
2502 2868 2615 2926 Hoc
2639 2878 2720 2925 est
2745 2869 2885 2927 enim
2914 2868 2995 2925 vel
3021 2869 3249 2922 maxime
3271 2868 3551 2930 mansueti,
3582 2881 3708 2922 Suas
3738 2869 3967 2938 quidem

2360 2963 2580 3032 injurias
2606 2964 2892 3028 remittere,
2928 2978 3021 3019 eos
3049 2970 3224 3017 autem
3246 2959 3437 3034 quibus
3466 2960 3523 3014 lit
3555 2960 3742 3029 injuria
3764 2961 3966 3016 defen-

2358 3054 2535 3109 dere:
2582 3055 3026 3125 quemadmodum
3074 3054 3315 3110 (Zlninns
3361 3067 3574 3125 quoque
3620 3051 3761 3106 fecit.
3815 3052 3965 3107 Cum

2357 3148 2500 3201 enim
2531 3147 2581 3201 in
2623 3162 2835 3202 crucem
2875 3147 3222 3212 ascendisset,
3259 3146 3466 3202 dicebat
3499 3165 3513 3200 :
3544 3144 3719 3210 l’atcr,
3751 3144 3969 3214 ignosce

2357 3240 2468 3305 eis;
2494 3240 2716 3293 nesciunt
2754 3241 2885 3294 enim
2929 3240 3049 3309 quid
3089 3240 3279 3310 faciunt
3304 3238 3451 3309 (Luc.
3483 3241 3575 3296 25.
3616 3240 3730 3306 51).
3764 3237 3829 3295 Et
3855 3236 3959 3296 Je-

2357 3331 2586 3385 rusalem
2629 3346 2809 3387 rursus
2845 3331 3069 3398 deﬂens,
3110 3332 3323 3388 dicebat
3356 3351 3369 3386 :
3402 3331 3609 3398 Quotia
3650 3334 3789 3388 solui
3820 3350 3957 3394 con,-

2356 3438 2563 3493 gregare
2585 3422 2719 3490 ﬁlios
2763 3433 2967 3484 vestros,
2998 3435 3043 3477 et
3073 3424 3304 3477 noluistis
3332 3439 3484 3478 :ecre
3510 3426 3816 3496 relinquetur
3851 3425 3960 3481 do-

2356 3528 2467 3564 mus
2500 3523 2661 3565 vestra
2700 3512 2893 3567 deserta
2926 3512 3135 3582 (Matth.
3169 3512 3257 3567 25.
3301 3514 3387 3569 57.
3580 3514 3645 3568 Et
3677 3530 3797 3568 cum
3847 3516 3920 3569 im
3942 3548 3957 3555 -

2358 3612 2541 3673 pactus
2568 3615 2710 3659 esset
2739 3605 2786 3658 ei
2815 3605 3092 3673 colaphus.
3122 3621 3225 3659 non
3250 3604 3531 3675 colaphum
3557 3618 3739 3663 contra
3772 3611 3955 3678 impc-

2356 3696 2451 3763 git,
2483 3694 2575 3749 sed
2614 3695 2661 3748 ei
2698 3694 2786 3763 qui
2833 3695 3124 3763 impegerat
3162 3711 3221 3749 se
3270 3707 3487 3751 excibat
3529 3695 3705 3769 (Joan.
3741 3697 3806 3753 i8
3858 3699 3958 3754 29..

2362 3782 2454 3853 25)
2479 3802 2493 3849 ;
2526 3795 2578 3838 ct
2606 3800 2724 3837 cum
2765 3785 3126 3854 appellaretur
3155 3785 3535 3847 darmoniacus.
3569 3788 3759 3856 ejicieh
3779 3797 3813 3841 .t
3840 3789 3963 3844 dm-

2358 3891 2543 3931 munes
2572 3875 2779 3945 (Matth.
2813 3877 2865 3931 9.
2894 3877 2981 3931 52.
3010 3876 3141 3946 sqq.)
3169 3894 3182 3936 :
3210 3888 3260 3933 et
3286 3894 3408 3933 cum
3429 3888 3705 3934 vocaretur
3734 3880 3953 3948 planus,

2361 3981 2413 4022 et
2444 3969 2656 4038 impius,
2696 3977 2748 4022 et
2791 3970 2880 4024 Dei
2922 3969 3285 4037 adversarius,
3320 3972 3371 4025 in
3405 3987 3623 4042 regnum
3662 3988 3756 4027 eos
3792 3987 3957 4027 su'un

2356 4061 2599 4115 ducebat.
2649 4059 2929 4131 Discipulis
2971 4078 3182 4131 quoque
3228 4062 3478 4133 pm-crpit
3518 4072 3575 4117 ut
3612 4063 3812 4134 ubique
3853 4066 3959 4119 lla-

2355 4152 2494 4221 gvlla
2536 4153 2880 4213 sustinerent,
2915 4154 3373 4221 persequutioncm
3407 4163 3731 4223 paterentur.
3765 4159 3959 4224 expc-l-

2358 4244 2609 4305 lerentur,
2630 4242 3037 4312 interioremque
3053 4243 3225 4299 locum
3242 4244 3533 4314 deligerent
3554 4244 3732 4319 (Joan.
3755 4247 3807 4299 7.
3835 4247 3955 4316 12).

2360 4332 2458 4399 Qui
2487 4334 2626 4386 enim
2668 4334 2769 4387 vult
2810 4336 2862 4386 in
2904 4335 3039 4387 vobis
3070 4350 3176 4389 esse
3202 4336 3417 4403 primus,
3466 4336 3658 4406 inquit,
3687 4338 3751 4391 sit
3793 4350 3959 4393 πειστ-

2356 4425 2579 4479 minister
2621 4424 2845 4493 (Matth.
2888 4424 2977 4480 20.
3010 4424 3139 4493 26).
3190 4427 3549 4483 l‘omesticum
3597 4439 3773 4484 autem
3818 4433 3957 4483 Sub-

2352 4516 2527 4585 junxit
2567 4520 2900 4588 exemplum,
2940 4519 3129 4576 dicens
3164 4538 3177 4575 :
3208 4520 3351 4577 Sicut
3393 4520 3561 4577 Filius
3590 4522 3808 4577 hominis
3847 4541 3958 4579 non

2357 4610 2486 4663 venit
2525 4612 2818 4675 ministrari,
2867 4614 2956 4667 sed
2984 4613 3291 4679 ministrare,
3318 4623 3364 4669 et
3393 4615 3519 4669 άεηνθ
3551 4618 3775 4669 animant
3803 4632 3959 4672 suam

2355 4701 2742 4779 redemptionem
2780 4721 2871 4773 pro
2897 4705 3068 4760 multis
3094 4703 3254 4773 (Ibid.
3284 4722 3331 4760 υ.
3355 4705 3469 4778 28).
3513 4708 3663 4775 Quod
3691 4708 3734 4762 si
3766 4711 3959 4777 expel-

2358 4794 2417 4849 lit
2444 4795 2735 4860 dmmones,
2763 4806 2959 4850 etcum
2990 4795 3201 4852 diabolo
3232 4799 3423 4853 bellum
3455 4800 3595 4870 gerit
3620 4806 3676 4854 et
3703 4815 3956 4856 errorem

2359 4885 2489 4937 tollit
2515 4884 2583 4940 de
2610 4886 2804 4951 medio,
2838 4885 2940 4941 hoc
2966 4902 3176 4958 quoque
3198 4900 3281 4945 est
3306 4891 3551 4946 maxima!
3583 4894 3949 4947 mansuetum.

2357 4976 2461 5040 nis,
2490 4994 2647 5032 mune
2672 4980 2883 5047 quidem
2923 4980 3106 5034 vitium
3134 4982 3350 5036 abolere
3370 5024 3386 5045 ,
3411 4998 3506 5037 eos
3545 4993 3723 5038 autem
3763 4983 3851 5054 qui
3884 4988 3957 5039 ab

2358 5069 2447 5123 illo
2487 5069 2789 5126 detinentur
2832 5072 3094 5140 liberare,
3135 5074 3446 5129 insidiantes
3489 5075 3761 5132 daemones
3798 5094 3954 5133 τουτο

2356 5176 2498 5227 cere,
2530 5172 2583 5216 et
2607 5163 2694 5231 qui
2719 5162 2786 5216 ab
2815 5164 2891 5217 eis
2923 5164 3130 5233 probris
3157 5162 3332 5221 all'ecti
3360 5165 3577 5234 fuerint,
3606 5183 3635 5222 a
3663 5169 3815 5223 malis
3844 5185 3955 5225 ert-

2358 5266 2501 5318 ῃιινρ.
2532 5252 2666 5319 Quid
2693 5265 2773 5309 est
2803 5264 3003 5319 autem,
3035 5254 3251 5326 PrOpter
3275 5258 3553 5326 veritatem,
3583 5268 3631 5313 et
3662 5272 3956 5316 mansuetu-

2356 5345 2542 5409 dinem,
2585 5356 2630 5399 et
2665 5346 2960 5416 justitiam?
3004 5348 3144 5402 Dixit
3185 5349 3405 5417 bellum,
3452 5352 3586 5407 dixit
3634 5353 3955 5412 instructam

2355 5438 2542 5500 aciem,
2566 5441 2799 5494 Ostendit
2826 5449 3085 5494 armatum
3114 5442 3367 5510 militem;
3395 5444 3524 5500 dicit
3542 5445 3798 5518 deinceps
3826 5464 3951 5518 quae

2358 5529 2573 5597 pulchra
2589 5539 2639 5586 et
2660 5531 2912 5601 praeclara
2930 5533 2982 5587 in
3001 5549 3165 5606 regno
3183 5550 3284 5591 suo
3297 5539 3538 5606 gesserit,
3553 5553 3722 5609 genus
3743 5545 3951 5610 trnpaai,

2357 5620 2711 5679 conditionem
2738 5634 3047 5699 etnaturam
3067 5629 3322 5685 victoriae.
3351 5631 3454 5687 Alii
3472 5632 3615 5688 enim
3643 5649 3831 5688 omnes
3852 5635 3952 5688 llu-

2359 5712 2526 5767 mines
2544 5725 2846 5783 regnantes,
2875 5717 2955 5771 vcl
2980 5732 3073 5787 pro
3086 5718 3385 5776 civitatibus
3408 5720 3489 5774 vcl
3534 5738 3631 5792 pro
3654 5725 3951 5794 upilms,vel

2366 5818 2459 5871 pro
2476 5801 2768 5866 inimicitiis
2788 5846 2799 5869 .
2822 5808 2903 5865 vel
2923 5824 3017 5880 pro
3033 5825 3163 5865 vano
3188 5812 3349 5883 gloria
3376 5812 3567 5870 bellum
3598 5825 3783 5887 gerunt
3807 5836 3816 5870 :
3844 5816 3953 5888 ipse
