4154 6432
203 381 310 442 193

193 512 387 554 autem
416 507 628 568 propter
657 493 861 550 nullout
890 502 1095 553 eorum,
1122 484 1214 539 sed
1245 490 1461 552 propter
1488 476 1789 568 veritatem,

197 603 261 646 ut
282 565 641 661 eam—plantat
672 585 729 639 in
761 593 940 646 terra;
969 586 1024 634 et
1059 587 1275 646 propter
1314 565 1796 661 mansuetudinem,

196 692 262 736 ut
297 680 395 750 qui
418 656 540 733 sunt
568 675 701 731 feris
741 670 1101 733 immaniores,
1145 670 1450 718 mansuetos
1484 656 1716 750 efliciat:
1742 660 1799 750 et

199 741 432 839 propter
455 766 736 836 justitiam,
771 768 831 815 ut
858 760 910 815 in
936 771 1071 830 quos
1097 750 1429 826 tyrannidem
1448 752 1671 803 exercet
1698 741 1797 839 ini-

197 834 408 930 insitas,
445 834 540 911 eos
576 855 751 925 iustos
787 851 960 914 faciat,
1002 848 1233 917 primum
1259 841 1472 912 quidem
1499 852 1565 891 ex
1601 834 1792 930 gratia,

198 928 409 1005 deinde
426 962 492 1003 ex
522 957 667 1001 recte
693 944 861 999 factis.
890 939 956 995 Et
975 938 1182 993 deducet
1204 944 1252 988 te
1275 930 1568 987 mirabiliter
1595 928 1800 980 dextera

201 1053 318 1094 tua.
357 1039 529 1101 Alius,
548 1036 615 1091 Et
640 1032 941 1089 illuminabit
963 1038 1010 1084 te
1028 1043 1177 1104 super
1202 1022 1442 1079 terribilia
1466 1019 1670 1073 dextera
1688 1026 1796 1070 tua.

200 1134 391 1196 Alius,
423 1129 493 1184 Et
516 1127 737 1183 ostendet
761 1123 848 1179 tibi
872 1120 1113 1177 terribilia
1140 1119 1345 1171 dextera
1368 1124 1455 1168 tua
1480 1114 1521 1165 ⁸.

276 1222 337 1277 7.
374 1219 560 1275 Vidisti
585 1213 851 1287 quomodo
877 1225 1062 1266 rursus
1084 1207 1239 1263 nobis
1256 1204 1466 1275 aperuit
1487 1200 1800 1272 dignitatem

202 1313 329 1383 eius
360 1310 451 1381 qui
478 1309 591 1364 haec
613 1306 865 1378 praeclara
886 1301 1050 1359 facit?
1068 1300 1215 1356 Sicut
1240 1298 1380 1353 enim
1408 1309 1531 1349 cum
1555 1292 1801 1363 superius

202 1403 442 1459 dixisset
484 1413 647 1464 arma,
682 1404 736 1453 et
772 1393 1026 1466 gladium,
1070 1390 1310 1447 ascendit
1347 1387 1414 1442 ad
1460 1384 1692 1455 speciem
1738 1396 1803 1436 ac

205 1492 683 1567 pulchritudinem,
727 1496 782 1544 et
807 1485 874 1541 ad
915 1486 1257 1552 incorporeas
1294 1475 1672 1545 intelligentias
1696 1473 1803 1567 ide-‘-

203 1563 373 1644 duxit
405 1582 697 1639 auditorem
727 1596 742 1633 :
771 1578 845 1638 ita
870 1590 990 1632 cum
1020 1586 1205 1629 rursus
1242 1568 1607 1627 descendisset
1643 1566 1709 1619 ad
1749 1563 1801 1618 id

204 1677 363 1751 quod
388 1684 474 1731 est
500 1673 760 1738 crassius,
789 1682 982 1738 nempe
1008 1680 1165 1721 arcus
1191 1672 1247 1719 et
1281 1662 1520 1732 sagittas,
1547 1658 1800 1751 paulatim

206 1748 408 1825 rursus
434 1761 927 1837 erigitauditorem,
960 1756 1081 1812 belli
1108 1767 1295 1809 causas
1322 1751 1581 1813 referens.
1609 1748 1805 1804 verita-

209 1870 350 1923 tem,
395 1852 874 1917 mansuetudinem,
909 1847 1202 1919 justitiam;
1243 1843 1436 1899 deinde
1463 1855 1647 1895 rursus
1687 1852 1805 1893 mo-

208 1952 350 2005 dum
386 1959 597 2018 quoque
629 1941 882 1998 victoriae.
915 1937 1169 2007 Quisnam
1194 1944 1369 1990 autem
1401 1939 1485 1987 cst
1512 1929 1590 1985 is?
1617 1927 1682 1983 Et
1710 1927 1803 1982 de-

210 2044 370 2097 ducet
413 2049 482 2105 te,
508 2037 695 2106 inquit,
727 2030 1022 2087 mirabiliter
1062 2029 1271 2082 dextera
1293 2035 1402 2079 tua.
1429 2021 1582 2091 Quod
1624 2029 1801 2074 autem

211 2134 373 2194 dicit,
396 2130 497 2185 tale
524 2136 642 2184 est:
681 2125 796 2195 Ipsa
826 2121 1027 2191 sibiipsi
1054 2130 1244 2174 natura
1269 2117 1484 2182 sufﬁcit,
1528 2115 1638 2184 ipsa
1669 2110 1804 2167 sibi-

214 2226 325 2298 ipsi
344 2221 541 2280 sufllcit
564 2218 795 2291 potentia
814 2214 881 2270 ad
906 2211 1190 2270 videndum
1210 2225 1327 2281 qua:
1354 2215 1482 2264 sunt
1506 2204 1729 2277 agenda,
1752 2212 1808 2257 et

215 2318 385 2372 tinem
414 2313 493 2370 eis
519 2308 914 2381 imponendum.

298 2403 473 2473 Opera
492 2400 678 2457 Christi
712 2396 972 2452 terribilia.
993 2424 1067 2436 —
1084 2393 1250 2449 Recte
1276 2399 1455 2446 autem
1482 2387 1615 2445 dixit
1637 2386 1771 2441 alius
1786 2426 1804 2452 ,

223 2492 489 2550 Terribilis
528 2492 733 2546 dextera
767 2500 852 2543 tua
875 2502 896 2542 :
935 2496 1062 2543 sunt
1097 2484 1239 2540 enim
1275 2481 1430 2538 valde
1463 2478 1717 2537 terribilia
1753 2484 1809 2531 et

223 2586 451 2641 horrore
478 2582 632 2653 plena
659 2595 776 2650 qua:
815 2578 1009 2649 gessit,
1038 2591 1184 2631 mors
1211 2573 1384 2630 deleta
1416 2581 1527 2635 est,
1557 2567 1809 2638 perfracti

223 2685 352 2731 simi
372 2672 548 2739 inferi,
579 2670 854 2741 paradisus
881 2667 977 2723 fuit
997 2676 1234 2737 apertus,
1260 2664 1447 2719 caelum
1476 2661 1676 2732 patuit,
1706 2659 1809 2715 ob-

231 2775 435 2822 structa
481 2771 607 2818 sunt
654 2775 751 2817 ora
796 2757 1145 2820 dmmonibus,
1177 2755 1379 2810 inferna
1418 2766 1539 2807 eum
1564 2748 1812 2819 supernis

224 2854 512 2913 commixta
537 2861 681 2919 sunt,
713 2850 853 2906 Dens
883 2852 1041 2903 homo
1069 2848 1237 2902 factus
1272 2853 1374 2909 est,
1406 2843 1567 2898 homo
1590 2840 1729 2895 sedit
1756 2838 1811 2893 in

226 2947 365 3002 solio
392 2945 572 3016 regio;
599 2951 785 3013 aperta
811 2950 894 2996 est
922 2953 1044 3009 spes
1068 2934 1493 3001 resurrectionis,
1534 2933 1811 2986 immorta-

230 3039 313 3093 les
353 3035 805 3106 exspectationes,
851 3029 1194 3086 ineﬂabilium
1236 3027 1499 3083 bonorum
1528 3037 1656 3078 usus
1698 3021 1814 3076 fru-

228 3139 370 3196 ctus,
400 3137 456 3182 et
490 3127 595 3181 alia
637 3137 980 3194 qumcumque
1010 3136 1105 3192 per
1146 3133 1301 3174 suum
1347 3117 1632 3173 adventum
1677 3126 1815 3182 pra:-

231 3220 377 3275 clarc
403 3217 581 3288 gessit.
612 3213 681 3268 Et
706 3212 824 3267 ideo
847 3212 999 3275 dixit.
1033 3209 1255 3264 Dcducet
1275 3216 1320 3260 te
1343 3206 1410 3260 ad
1432 3206 1675 3260 terribilia
1704 3204 1811 3257 inec

231 3309 438 3363 dextera
473 3316 597 3367 tua,
629 3302 913 3358 ostendens
949 3300 1149 3371 sibiipsi
1195 3296 1440 3354 sufficere
1481 3304 1723 3350 naturam
1763 3301 1818 3349 et

230 3394 525 3467 potentiam
547 3392 612 3447 ad
642 3408 702 3447 ca
730 3390 1042 3447 invenienda
1076 3396 1133 3444 et
1162 3386 1500 3459 perﬁcienda,
1549 3400 1669 3455 qua:
1697 3384 1813 3439 fue-

234 3494 355 3541 rant
384 3484 673 3554 proposita.
712 3481 1053 3550 Septuaginta
1081 3489 1257 3534 autem
1284 3477 1486 3539 dicunt,
1518 3474 1741 3530 Deducet
1770 3482 1819 3529 te

233 3576 528 3630 mirabiliter
570 3575 777 3628 dextera
817 3583 942 3634 tua;
989 3570 1091 3634 hoc
1134 3578 1239 3635 est,
1264 3584 1368 3647 non
1417 3569 1591 3623 solum
1635 3567 1817 3622 mirari

234 3675 446 3738 otiortet
468 3665 611 3737 quod
656 3680 742 3719 res
781 3663 1029 3734 pulchras
1054 3671 1108 3718 et
1134 3653 1415 3733 praeclaras
1452 3660 1695 3730 gesserit,
1724 3658 1820 3714 sed

234 3756 378 3827 quod
401 3770 492 3811 eas
521 3762 717 3825 praeter
742 3753 1013 3807 hominum
1039 3750 1490 3820 exspectationem
1519 3757 1574 3803 et
1611 3747 1820 3817 Opinio-

236 3860 359 3903 nem
383 3847 630 3916 gesserit.
662 3844 765 3898 Per
792 3852 1017 3897 mortem
1043 3843 1185 3898 enim
1216 3856 1362 3897 mors
1386 3840 1560 3896 deleta
1588 3847 1689 3902 est,
1724 3853 1819 3909 per

237 3937 576 3993 maledictum
616 3934 949 3989 maledictum
987 3934 1250 3988 sublatum
1281 3939 1383 3997 est,
1412 3941 1466 3985 et
1502 3930 1625 3985 data
1660 3929 1821 3984 bene-

237 4027 433 4091 dictio;
462 4042 559 4097 per
600 4040 749 4080 esum
790 4040 957 4095 nuper
992 4024 1147 4094 ejecti
1187 4022 1474 4088 fueramus,
1527 4037 1623 4092 per
1665 4036 1820 4078 esum

238 4132 422 4172 rursus
451 4117 734 4171 introducti
765 4114 979 4170 fuimus.
1010 4113 1170 4184 Virgo
1198 4128 1296 4168 nos
1323 4113 1569 4182 paradiso
1593 4113 1817 4183 expulit,

240 4222 337 4279 per
381 4208 637 4278 virginem
682 4207 840 4260 vitam
890 4214 1142 4261 attentam
1184 4205 1504 4259 invenimus.
1553 4204 1655 4258 Per
1701 4218 1821 4273 qua:

239 4297 573 4353 condemnati
596 4310 799 4361 sumus,
827 4311 919 4365 per
943 4311 1005 4350 ca
1033 4295 1228 4350 fuimus
1253 4295 1511 4350 coronati.
1541 4294 1667 4349 Haec
1694 4309 1822 4367 ergo

237 4393 418 4446 animo
442 4394 650 4459 agitans
669 4388 943 4459 propheta,
976 4386 1186 4443 diccbat
1210 4404 1223 4440 :
1254 4386 1482 4442 Deducet
1507 4396 1554 4440 te
1578 4385 1823 4439 mirabili-

241 4493 315 4537 ter
338 4483 544 4535 dextera
565 4489 671 4533 tua.
699 4480 959 4549 Numquid
983 4495 1115 4548 opus
1134 4490 1216 4535 est
1241 4477 1439 4533 armis?
1460 4493 1586 4533 num
1607 4476 1822 4548 gladio?

243 4587 368 4626 num
412 4585 540 4626 arcu
572 4580 626 4625 et
665 4569 902 4640 sagittis?
931 4569 1115 4625 Vidisti
1153 4569 1421 4638 quomodo
1458 4569 1570 4638 ipsa
1610 4575 1818 4634 natura,

242 4665 352 4734 ipsa
382 4661 633 4731 potentia,
661 4669 747 4715 est
786 4659 985 4729 sibiipsi
1016 4657 1327 4714 sufﬁciens?
1352 4659 1459 4714 Sed
1499 4658 1619 4713 vide
1661 4673 1781 4713 eum
1800 4696 1817 4724 ,

243 4765 511 4823 tamquam
550 4753 855 4807 saltatorem
897 4752 1189 4819 Oplilltllm,
1214 4766 1400 4806 rursus
1443 4766 1474 4805 a
1509 4751 1826 4807 sublimibus

242 4842 566 4898 descendere
595 4842 661 4896 ad
686 4842 966 4895 crassiora.
994 4842 1046 4896 6.
1080 4841 1294 4913 Sagitta:
1322 4852 1444 4908 tute,
1486 4843 1678 4912 inquit,
1701 4857 1827 4895 acu-

242 4946 326 4999 te,
359 4933 710 5003 potentissime.
746 4931 937 5000 Pepuli
975 4933 1065 4985 sub
1090 4942 1135 4986 te
1175 4932 1377 4999 cadent,
1404 4935 1458 4986 in
1487 4932 1637 4987 corde
1653 4932 1823 4988 inimi.

244 5038 418 5078 eorum
447 5022 599 5092 regis.
631 5022 799 5086 Alius,
834 5021 899 5074 lu
927 5022 1075 5075 corde
1098 5021 1287 5074 inimici
1315 5023 1464 5091 regis.

313 5110 530 5182 Sagitta
571 5111 702 5164 verbi
744 5111 816 5164 vis
853 5111 1064 5180 eﬁ'icax;
1090 5111 1278 5165 Christi
1301 5112 1664 5165 ceteruitas.-—
1686 5111 1822 5167 Vide

243 5217 434 5258 rursus
456 5203 669 5271 quando
686 5201 926 5256 meminit
949 5203 1280 5271 sagittarum,
1298 5203 1567 5273 quomodo
1588 5204 1827 5274 potentis

245 5292 469 5347 verbum
496 5291 722 5360 accepit,
752 5298 812 5345 ut
841 5290 979 5346 scias
998 5306 1121 5346 eum
1154 5307 1259 5347 non
1289 5308 1447 5364 egere
1475 5295 1703 5363 sagittis,
1732 5295 1827 5350 sed

242 5387 419 5457 ipsum
439 5383 641 5454 sibiipsi
657 5382 922 5439 sufficere.
950 5383 1077 5439 Hazc
1095 5392 1179 5440 est
1200 5393 1375 5440 autem
1392 5386 1560 5441 series
1579 5404 1591 5440 :
1613 5387 1831 5459 Sagitta:

244 5486 347 5528 tua
371 5482 550 5535 actum,
585 5484 779 5543 petens,
807 5475 861 5527 in
881 5475 1033 5529 corde
1058 5477 1377 5529 inimicorum
1398 5479 1551 5548 regis.
1576 5478 1707 5534 illud
1733 5495 1823 5532 att-

246 5578 374 5628 tem,
408 5562 596 5630 Populi
619 5563 712 5617 sub
738 5574 786 5617 te
818 5565 1026 5631 cadent,
1052 5566 1103 5619 in
1130 5566 1309 5620 medio
1338 5565 1710 5637 interponitur.
1736 5570 1833 5625 llic

242 5670 372 5726 ergo
393 5653 523 5709 mihi
541 5669 660 5709 esse
678 5655 881 5711 videtur
899 5655 1096 5726 duplex
1120 5656 1414 5726 expositio:
1436 5659 1521 5715 vel
1542 5661 1685 5716 enim
1706 5661 1834 5719 dicit

310 5772 329 5801 ι
360 5774 450 5820 ιιίε
467 5768 628 5833 adjicit
643 5776 764 5833 περ.
783 5782 926 5836 unus,
953 5770 1096 5833 Altus,
1127 5788 1150 5819 ι
1170 5777 1217 5824 et
1231 5774 1497 5837 trepidans.
1521 5792 1545 5822 ι

1312 354 1672 419 ΕΧΡΟΞΙΪΙΟ
1710 354 1774 410 IN
1804 350 2132 413 PSALMUM
2172 349 2334 408 ιιιν

3401 352 3500 411 196

1910 469 2186 526 Iudaicam
2227 466 2587 539 captivitatem
2613 476 2669 523 et
2695 467 2929 523 civitatis
2952 465 3288 522 eversionem
3311 476 3367 523 et
3402 483 3502 525 cx-

1905 560 2126 628 cidium,
2157 561 2244 616 vel
2282 574 2378 631 per
2415 573 2688 630 anagogen
2716 560 2829 613 vim
2872 559 3023 614 verbi
3064 568 3222 614 vocat
3256 567 3499 629 sagittas.

1904 652 2192 721 Quibusvis
2214 651 2358 708 enim
2379 652 2586 722 sagittis
2603 652 2840 707 velocius
2864 652 3098 722 pervasit
3120 651 3306 706 orbem
3330 659 3503 707 terra-

1905 759 2048 809 rum,
2090 750 2145 797 et
2184 757 2394 808 eorum,
2423 742 2513 813 qui
2544 742 2694 813 prius
2731 751 2888 797 erant
2931 741 3155 806 inimici,
3184 756 3279 796 cor
3307 740 3501 813 tetigit,

1905 848 2012 888 non
2043 841 2102 887 ut
2129 831 2474 899 interficeret,
2505 831 2600 887 sed
2654 840 2710 886 ut
2752 831 2819 886 ad
2864 846 2925 886 se
2971 830 3269 886 attraheret
3304 846 3319 885 :
3359 831 3501 902 quod

1905 924 2065 979 etiam
2086 924 2137 978 in
2158 923 2324 979 Paulo
2344 921 2545 979 evenit.
2568 927 2689 979 Non
2706 924 2848 978 enim
2864 922 3195 979 aberraverit
3214 923 3499 993 quispiam,

1905 1015 1950 1069 si
1970 1013 2167 1070 dixerit
2186 1012 2317 1069 illud
2332 1013 2554 1069 verbum
2575 1013 2841 1083 sagittam,
2871 1013 3013 1083 quod
3032 1028 3063 1068 e
3078 1012 3225 1069 czelis
3246 1012 3503 1069 emissum

1907 1105 2078 1174 tetigit
2103 1118 2209 1159 cor'
2237 1105 2371 1173 ejus.
2403 1104 2494 1174 qui
2521 1104 2671 1174 prius
2711 1116 2827 1161 erat
2878 1105 3146 1172 inimicus,
3187 1112 3245 1160 et
3271 1105 3504 1160 amicum

1907 1192 2158 1251 reddidit.
2188 1191 2381 1264 Papuli
2407 1192 2501 1249 sub
2523 1203 2570 1247 te
2590 1193 2791 1249 cadent.
2823 1193 3012 1249 Vidisti
3039 1210 3199 1265 quam
3221 1202 3366 1251 recte
3382 1195 3505 1251 bel-

1904 1286 2014 1342 lum
2032 1294 2236 1356 gestum
2254 1285 2360 1341 sit?
2378 1286 2651 1357 quomodo
2676 1286 3005 1343 reconciliati
3022 1288 3333 1363 fuerintqui
3355 1288 3503 1357 prius

1907 1386 2063 1432 erant
2090 1376 2367 1432 seditiosi?
2413 1377 2685 1448 quomodo
2723 1378 2909 1433 docti?
2953 1378 3226 1448 quomodo
3268 1376 3503 1434 initiati?

1908 1467 2028 1537 lpse
2056 1469 2199 1523 enim
2250 1482 2428 1537 casus,
2474 1477 2531 1525 et
2556 1469 2697 1540 quod
2726 1469 2833 1523 sint
2874 1469 2974 1524 sub
3003 1469 3117 1535 illo,
3147 1479 3231 1525 est
3253 1469 3505 1524 omnibus

1909 1560 2309 1643 fundamentum
2334 1570 2388 1617 et
2414 1561 2565 1639 radix
2584 1561 2897 1616 altitudinis.
2925 1561 3058 1616 Cum
3084 1564 3226 1616 enim
3244 1547 3343 1617 eos
3368 1561 3503 1616 libe-

1906 1652 2079 1711 raSset
2105 1656 2176 1712 ab
2200 1656 2521 1727 arrogantia,
2553 1664 2608 1711 et
2634 1655 2703 1710 ab
2728 1657 2870 1710 inani
2899 1656 3037 1709 fastu
3062 1662 3119 1711 et
3142 1654 3336 1725 gloria,
3364 1663 3418 1710 et
3438 1654 3505 1709 ab

1906 1760 2091 1801 errore
2105 1744 2429 1814 daemonum,
2448 1759 2543 1801 eos
2564 1746 2767 1823 sibiipsi
2794 1744 3050 1800 subdidit.
3075 1744 3151 1798 lta
3176 1745 3337 1800 etiam
3360 1745 3501 1800 alius

1907 1836 2166 1906 propheta
2197 1852 2321 1892 eum
2368 1837 2603 1893 ostendit
2644 1846 3003 1905 cruentatum,
3055 1853 3177 1894 eum
3224 1839 3303 1892 sic
3338 1837 3503 1892 dicit:

1911 1926 2037 1992 Quis
2066 1927 2148 1981 hic
2166 1936 2260 1994 est,
2288 1927 2375 1995 qui
2398 1928 2534 1982 venit
2559 1944 2623 1982 ea:
2646 1926 2855 1983 Edoni?
2883 1927 3074 1984 rubedo
3102 1929 3506 1983 uestimentorum

1908 2018 2018 2088 ejus
2043 2032 2107 2071 ea:
2128 2015 2291 2071 Bosor
2314 2017 2468 2088 (lsai.
2492 2018 2585 2075 63.
2610 2016 2700 2089 l)?
2723 2016 2995 2089 Nusquam
3020 2019 3129 2073 illic
3152 2033 3324 2087 arma,
3347 2032 3511 2073 arcus

1909 2117 1964 2163 et
1989 2109 2216 2178 sagittaz,
2247 2108 2342 2165 sed
2375 2117 2573 2165 vestes.
2623 2108 2859 2165 Verbum
2900 2110 3116 2180 quidem
3162 2109 3323 2180 paulo
3360 2124 3507 2165 eraso

1909 2199 2041 2265 sius,
2073 2198 2168 2255 sed
2195 2198 2299 2255 hoc
2324 2208 2502 2256 tamen
2531 2199 2812 2259 subtilius:
2833 2212 2888 2256 et
2922 2208 3101 2256 tamen
3144 2202 3256 2258 illic
3292 2216 3510 2274 quoque

1910 2289 1962 2344 in
1989 2304 2052 2344 ea
2080 2290 2437 2347 crassitudine
2464 2291 2621 2360 erigit
2650 2277 2850 2346 sensim
2889 2292 3187 2347 orationem
3211 2292 3279 2347 ad
3308 2306 3398 2348 res
3422 2294 3505 2347 itt-

1912 2394 2221 2449 corporeas.
2260 2381 2523 2449 Quoniam
2566 2382 2710 2437 enim
2755 2391 2907 2454 rogat
2951 2383 3211 2453 prepbeta
3242 2383 3507 2442 undenam

1911 2471 2088 2526 rubrae
2122 2480 2321 2536 vestes,
2370 2471 2536 2528 dicit:
2566 2470 2815 2527 Torcular
2840 2474 3030 2530 calt-aui
3055 2476 3196 2531 solus
3224 2473 3388 2545 (Ibid.
3418 2474 3513 2532 65.

1911 2559 1966 2614 2.
1995 2562 2075 2629 ὅ),
2107 2561 2401 2618 ostendens
2428 2562 2671 2619 victorias
2696 2563 3029 2633 facilitatem,
3059 2574 3117 2622 et
3139 2566 3281 2638 quod
3304 2568 3511 2623 nullum

1916 2650 2160 2707 habuerit
2177 2653 2268 2723 qui
2283 2652 2330 2707 ei
2353 2666 2507 2723 opem
2531 2653 2718 2722 ferret,
2740 2654 2834 2711 sed
2861 2657 2975 2726 ipse
2995 2656 3200 2728 sibiipsi
3220 2657 3510 2715 suﬂ'eecrit.

1914 2742 2375 2810 Quemadmodum
2401 2746 2547 2801 enim
2581 2745 2670 2803 hic
2705 2747 2851 2815 dicit,
2885 2747 3114 2804 Deducet
3139 2760 3188 2805 te
3215 2752 3516 2806 mirabiliter

1914 2836 2122 2891 dextera
2148 2844 2273 2891 tua:
2305 2837 2375 2892 ita
2406 2839 2568 2893 etiam
2597 2839 2731 2908 illic,
2757 2838 3009 2895 Torcular
3042 2842 3236 2897 calcari
3262 2843 3420 2899 solus.
3447 2844 3517 2900 Ut

1919 2927 2064 2982 enim
2093 2927 2251 2983 facile
2270 2936 2356 2984 est
2381 2928 2454 2995 ei,
2483 2932 2574 3000 qui
2600 2929 2893 3001 ingreditur
2913 2932 3166 2999 torcular,
3190 2932 3401 2989 (sulcare
3422 2934 3517 2988 bo—

1919 3027 2064 3075 tros:
2093 3020 2164 3073 ita
2194 3019 2355 3075 etiam
2386 3021 2516 3085 Deo,
2550 3019 2728 3076 facere
2754 3037 2875 3091 quas
2904 3022 3152 3091 voluerit,
3195 3025 3306 3079 imo
3337 3041 3404 3081 ne
3433 3026 3513 3080 sic

1918 3109 2153 3180 quidem,
2182 3110 2277 3166 sed
2298 3110 2457 3181 longe
2480 3111 2708 3167 facilius.
2741 3112 2794 3165 7.
2825 3112 3065 3169 Turonas
3094 3124 3231 3179 tuus,
3274 3114 3434 3178 Deus,
3461 3117 3516 3170 in

1918 3203 2164 3258 sarculum
2182 3203 2374 3257 saeculi.
2406 3201 2563 3274 Virga
2585 3203 2892 3271 directionis,
2911 3205 3054 3275 uirga
3072 3205 3214 3276 regni
3230 3207 3322 3260 tui.
3346 3207 3401 3262 8.
3427 3206 3519 3261 Di-

1920 3293 2083 3348 lexisti
2110 3293 2387 3364 justitiam,
2428 3305 2477 3348 et
2515 3294 2668 3349 odisti
2693 3295 3030 3364 iniquitatem.
3059 3296 3341 3369 Propterea
3366 3302 3518 3355 unxit

1921 3391 1970 3438 te
2009 3383 2165 3451 Deus,
2214 3383 2357 3438 Deus
2385 3395 2501 3439 tuus
2539 3387 2650 3442 oleo
2675 3387 2885 3454 ltetitiaa,
2914 3405 3021 3459 prae
3049 3391 3367 3446 consortibus
3395 3393 3515 3447 tuis.

1920 3472 2092 3540 Alius,
2118 3471 2354 3528 Thronus
2378 3483 2517 3541 tuus,
2544 3473 2708 3542 Deus,
2734 3486 2973 3545 teternus,
3000 3489 3048 3532 et
3077 3480 3231 3534 ultra.
3261 3479 3519 3537 Hebre-us

1921 3572 2100 3619 autem
2126 3563 2256 3619 dicit
2285 3565 2436 3633 illud,
2469 3565 2626 3632 Deus,
2671 3566 2813 3622 Deus
2842 3578 2980 3637 tuus,
3012 3569 3207 3632 Elointr.
3241 3571 3442 3627 Eloach
3475 3574 3517 3627 ¹.

1922 3656 2059 3724 Quid
2101 3656 2189 3712 hic
2225 3657 2421 3713 dixerit
2444 3658 2715 3715 .Judteus?
2742 3660 2820 3716 De
2846 3676 3079 3732 quonam
3122 3664 3265 3720 enim
3293 3664 3410 3719 hanc
3433 3665 3520 3719 ili-

1923 3747 2316 3815 cuntur?.Quid
2341 3764 2471 3804 vero
2501 3750 2821 3807 bmretieus?
2850 3754 2908 3809 Si
2936 3754 3136 3810 dixerit
3163 3758 3305 3812 enim
3327 3757 3432 3813 diri
3454 3758 3524 3815 de

1923 3836 2102 3906 Patre,
2129 3837 2367 3895 Tltronus
2393 3850 2532 3908 tuus,
2574 3842 2731 3909 Deus,
2774 3846 2830 3898 in
2874 3848 3118 3901 steculum
3157 3850 3525 3920 sa'culi:quo-

1922 3929 2085 3983 modo
2112 3929 2159 3984 εἰ
2186 3933 2487 3999 conveniet,
2505 3933 2647 4003 quod
2668 3935 2923 4005 deinceps
2939 3938 3213 4007 sequitur:
3243 3938 3524 4013 Propterea

1866 4100 1867 4103 η
1924 4020 2071 4074 unxit
2102 4029 2149 4074 te
2176 4019 2335 4087 Deus,
2363 4022 2506 4078 Deus
2535 4034 2653 4078 tuus
2670 4024 2696 4078 .’
2713 4024 2900 4096 Neque
2915 4028 3058 4082 enim
3084 4029 3243 4085 Pater
3266 4040 3351 4086 est
3369 4029 3525 4087 Chri-

1924 4119 2059 4176 stus,
2090 4126 2262 4182 neque
2303 4114 2420 4183 ipse
2462 4123 2654 4170 unctus
2691 4123 2793 4173 est.
2841 4116 2997 4173 Unde
3026 4120 3233 4176 clarum
3272 4133 3355 4178 est
3396 4138 3524 4179 eum

1926 4202 2073 4273 loqui
2098 4203 2167 4259 de
2193 4203 2497 4276 Unigenito,
2527 4206 2593 4262 de
2618 4224 2724 4279 quo
2748 4208 2895 4279 prius
2920 4227 3133 4282 quoque
3161 4212 3365 4269 dictum
3400 4224 3523 4281 est;

1925 4292 1994 4348 de
2018 4309 2123 4364 quo
2150 4296 2284 4352 dixit
2311 4298 2469 4354 etiam
2496 4298 2660 4355 Isaias
2692 4318 2706 4355 :
2738 4300 2807 4356 Et
2832 4302 2949 4373 ejus
2973 4305 3124 4377 regni
3144 4319 3252 4361 non
3275 4303 3381 4362 erit
3407 4303 3534 4362 linis

1925 4384 2080 4455 (Ιεαὶ.
2104 4388 2157 4444 9.
2186 4390 2265 4460 7).
2676 4394 2677 4397 ‘

1998 4479 2051 4534 8.
2093 4479 2196 4536 Sed
2220 4481 2352 4537 illud
2380 4482 2656 4553 qumsierit
2690 4482 2916 4542 fortasse
2943 4488 3231 4558 quispiam,
3260 4505 3359 4547 cur
3383 4508 3526 4548 nunc

1930 4570 2165 4641 loquitur
2183 4572 2251 4629 de
2276 4573 2572 4643 divinitate,
2606 4592 2725 4631 cum
2753 4578 2821 4634 de
2844 4578 3092 4635 humanas
3110 4593 3315 4638 natura:
3342 4598 3527 4640 susce-

1933 4665 2115 4733 ptione
2140 4675 2295 4721 antea
2324 4668 2486 4723 verba
2513 4668 2730 4725 fecerit?
2757 4670 3021 4738 Quoniam
3051 4673 3281 4744 idipsum
3310 4693 3527 4747 quoque

1928 4752 2055 4809 facit
2080 4754 2379 4813 Matthzeus.
2409 4760 2451 4813 A
2472 4775 2635 4816 carne
2662 4762 2804 4815 enim
2828 4762 3036 4833 incipit,
3054 4774 3109 4820 et
3127 4767 3196 4820 ita
3221 4769 3522 4824 exorditur:

1930 4844 2088 4899 Liber
2110 4851 2448 4918 generationis
2473 4850 2601 4906 Jesu
2628 4851 2818 4908 Christi
2844 4854 3060 4928 (Matth.
3080 4858 3133 4913 1.
3160 4860 3239 4930 1).
3271 4860 3529 4919 Similiter

1929 4936 2093 4989 etiam
2123 4936 2295 4993 Lucas
2322 4947 2377 4994 et
2403 4940 2645 4997 Marcus:
2668 4942 2907 5000 Joannes
2951 4956 3129 5002 autem
3169 4950 3319 5007 solus
3346 4952 3523 5009 aliter.

1930 5026 2063 5081 Cum
2108 5031 2253 5084 enim
2296 5032 2445 5102 prius
2487 5034 2711 5091 dixisset
2739 5036 2806 5092 de
2834 5038 3137 5110 divinitate,
3180 5042 3249 5098 In
3277 5046 3530 5118 principio

1931 5129 2039 5173 erat
2073 5120 2308 5190 Verbum,
2337 5133 2384 5178 et
2421 5122 2639 5181 Verbum
2665 5137 2774 5183 erat
2794 5133 2935 5199 apud
2960 5125 3151 5199 Deum,
3182 5145 3230 5191 et
3254 5136 3393 5195 Deus
3422 5151 3532 5195 erat

1944 5207 2160 5265 Verbum
2198 5212 2378 5283 (Joan.
2408 5216 2462 5270 l.
2493 5216 2572 5286 l),
2603 5226 2658 5273 et
2699 5220 2768 5275 de
2804 5236 2867 5276 ea
2899 5224 3125 5279 multum
3157 5226 3525 5295 disseruisset,

1936 5311 2061 5357 tunc
2080 5305 2247 5360 dixit:
2280 5305 2348 5359 Et
2387 5306 2604 5364 Verbum
2630 5327 2749 5366 caro
2776 5315 2969 5384 factum
2997 5326 3087 5382 est,
3122 5326 3169 5373 et
3209 5320 3451 5375 habitavit
3480 5341 3532 5377 ιη

1935 5394 2099 5448 nobis.
2140 5394 2295 5462 Quod
2337 5396 2383 5450 si
2413 5412 2571 5454 secus
2614 5415 2680 5456 ac
2724 5406 2908 5459 caeteri
2952 5404 3214 5479 evangelii
3243 5412 3534 5481 scriptione

1938 5498 2065 5539 usus
2091 5496 2197 5554 est,
2220 5486 2298 5542 sic
2312 5502 2526 5560 quoque
2551 5506 2798 5564 magnam
2828 5495 2967 5552 inter
2994 5498 3138 5568 ipsos
3159 5502 3505 5559 ostenditcon
3526 5530 3547 5542 ο

1938 5576 2264 5630 sensiouem.
2290 5578 2356 5632 Et
2382 5582 2676 5651 quomodo,
2708 5585 2938 5655 inquies,
2986 5588 3145 5645 fuerit
3183 5592 3377 5647 rationi
3403 5610 3536 5648 con-

1937 5674 2274 5735 sentaneum,
2298 5679 2356 5724 ut
2384 5671 2455 5727 sit
2475 5673 2530 5726 in
2551 5688 2638 5738 eo,
2665 5676 2807 5745 quod
2830 5688 2911 5732 est
2934 5683 3286 5752 contrarium,
3308 5699 3533 5742 consen-

2006 5777 2022 5809 ι
2060 5783 2163 5829 Duo
2186 5785 2311 5842 πει,
2338 5778 2469 5834 ειοα.
2492 5784 2656 5836 Lectio
2676 5786 2910 5840 ltebraica
2935 5769 3204 5869 εειῚπὺκ
3235 5775 3433 5854 ambit.
