4154 6412
126 434 207 494 197
1204 418 1570 482 EXPOSITIO
1597 416 1663 475 IN
1700 414 2025 474 PSAUlUM
2064 413 2246 473 XLIV.

130 545 273 615 hujus
298 558 528 608 vocans,
565 543 670 599 tuis
698 540 929 613 peccatis
957 539 1059 596 alia
1087 537 1364 607 adjiciens.
1394 533 1509 590 Non
1539 530 1694 589 audis

124 639 419 708 incohatam
454 638 512 694 ei
535 637 839 692 dicentem:
876 632 1030 704 Virga
1052 628 1361 691 directionis,
1387 628 1528 697 virga
1555 625 1699 695 regni

125 729 305 787 tsiiﬁt
329 743 529 785 rursus
554 727 732 782 alius:
760 724 1020 780 Iudicium
1041 724 1172 793 ejus,
1205 720 1394 791 inquit,
1428 730 1692 788 tamquam

124 825 197 876 lss
219 822 366 877 exibit
402 819 566 891 (Osee
615 819 669 875 6.
697 819 732 875 5
754 817 793 884 ).
818 816 968 885 Quod
998 816 1042 871 si
1073 829 1180 869 non
1212 812 1351 867 nosti
1376 811 1555 865 omnia
1577 822 1698 880 qute

124 923 226 967 sunt
249 911 321 965 tui
345 909 595 975 Domini,
625 919 911 979 prepterea
927 920 1052 963 eum
1070 903 1242 978 gloria
1257 899 1431 970 adice,
1445 908 1699 974 propter-

123 1015 176 1054 ea
196 1016 315 1057 enim
359 999 607 1062 maxime
631 998 820 1062 adora,
848 1002 1068 1064 propter
1093 989 1417 1047 inell'abilem
1440 987 1558 1058 ejus
1584 1001 1702 1042 ma-

124 1092 371 1156 iestatem,
407 1094 635 1157 propter
658 1079 1249 1153 incomprehensibiletn
1270 1078 1389 1149 ejus
1416 1076 1701 1148 providen-

126 1185 251 1247 tism,
278 1192 508 1251 propter
532 1179 737 1235 variam
765 1190 829 1233 ac
853 1174 1151 1246 sapientem
1196 1172 1314 1243 ejus
1341 1172 1695 1228 curationem.

128 1269 339 1326 [iussisti
342 1270 627 1342 justitiam,
651 1278 701 1322 et
721 1266 873 1322 odisti
894 1265 1227 1337 iniquitatem.
1250 1262 1539 1332 Postquam
1557 1261 1700 1315 enim

127 1360 350 1429 superius
378 1359 520 1414 dixit
541 1357 795 1427 prteclara
834 1356 952 1426 ejus
982 1354 1142 1421 facta,
1170 1353 1439 1414 victorias,
1472 1360 1694 1420 tropa-a,

104 1438 327 1506 salutem
353 1450 511 1504 orbis
532 1458 823 1513 terrarum,
868 1446 1010 1518 quod
1037 1460 1159 1500 eam
1203 1446 1425 1500 veritate
1455 1444 1699 1514 replevit,

126 1540 246 1608 quod
274 1538 715 1604 mansuetudine,
747 1536 889 1608 quod
928 1535 1155 1606 justitia,
1205 1534 1495 1599 ostendens
1542 1535 1705 1589 luisse

128 1629 296 1685 rationi
337 1638 768 1685 consentaneum
798 1636 855 1682 ut
883 1626 998 1681 lucc
1027 1625 1238 1693 tierent,
1267 1625 1509 1694 loquitur
1545 1623 1703 1682 dein-

126 1733 235 1789 ceps
250 1717 318 1774 de
341 1719 610 1790 dignitate
636 1718 755 1787 ejus
795 1716 885 1787 qui
913 1715 1001 1770 illa
1054 1715 1199 1781 fecit,
1240 1722 1545 1771 monstrans
1579 1729 1704 1771 eum

128 1808 270 1866 fuisse
300 1811 503 1875 Deum,
530 1824 731 1880 regem,
762 1808 869 1864 line
896 1818 1195 1876 carentem,
1224 1808 1590 1878 incorruptum
1612 1808 1701 1879 ju-

128 1903 303 1969 dieem,
352 1903 632 1971 iustorum
676 1909 1009 1969 amatorem,
1038 1900 1193 1955 malis
1220 1900 1508 1967 infensum.
1552 1901 1704 1968 Quo-

129 1994 274 2061 niam,
304 1994 506 2065 inquit,
533 2003 615 2049 est
632 1992 920 2062 ejusmodi,
948 2003 1226 2063 propterea
1249 1992 1372 2047 talia
1394 1992 1544 2049 abeo
1568 1992 1706 2048 facta

130 2094 259 2139 sunt.
296 2085 474 2140 Nemo
516 2099 647 2155 ergo
670 2084 736 2139 de
768 2084 850 2141 his
873 2084 1099 2140 dubitet.
1129 2082 1231 2151 Qui
1277 2082 1420 2138 enim
1448 2098 1513 2139 ea
1557 2084 1703 2152 fecit,

129 2191 182 2229 ea
210 2176 328 2233 fecit
351 2193 483 2234 cum
520 2187 574 2233 et
601 2186 788 2247 posset
822 2185 881 2233 et
916 2175 1097 2231 vellet.
1147 2176 1430 2245 Postquam
1478 2175 1547 2230 de
1573 2176 1708 2231 divi-

133 2270 280 2323 nitate
311 2268 627 2323 sublimiora
672 2266 826 2333 dixit,
868 2268 1155 2323 revertitur
1184 2265 1251 2321 ad
1290 2266 1614 2337 loquendum
1639 2266 1707 2323 de

132 2373 292 2423 carne,
320 2368 381 2415 et
428 2359 509 2414 ait
550 2356 875 2429 :Propterea
924 2358 1074 2414 unxit
1103 2366 1150 2413 te
1178 2356 1337 2422 Deus,
1390 2356 1528 2417 Deus
1568 2368 1703 2413 tuus.

134 2450 266 2505 Alius
289 2451 421 2508 dicit
453 2467 471 2506 :
510 2449 726 2521 Propter
749 2450 844 2504 Itoe
883 2450 1031 2505 unxit
1057 2458 1124 2505 te.
1153 2449 1231 2506 Eo
1257 2449 1396 2519 quod
1421 2450 1471 2503 iu
1494 2449 1560 2504 iis
1586 2464 1707 2520 qua:

133 2540 256 2594 dicta
282 2550 429 2605 sunt,
458 2551 512 2596 te
532 2550 676 2597 recte
706 2541 957 2611 gesseris,
986 2540 1315 2610 iniquitatem
1345 2539 1589 2611 ejeceris,
1619 2540 1710 2616 ju-

136 2628 312 2684 stitiam
351 2631 676 2701 plantaveris
699 2672 714 2696 ,
743 2640 796 2685 et
823 2647 940 2701 qua:
985 2630 1152 2686 fecisti
1177 2629 1392 2687 feceris.
1418 2630 1499 2699 Tn
1528 2641 1706 2689 autem

137 2732 197 2774 ne
231 2723 570 2779 coolurberis
607 2722 736 2778 dum
771 2723 922 2778 audis
976 2722 1089 2777 luec
1137 2722 1279 2777 Patri
1320 2723 1560 2780 attribui.
1589 2723 1706 2780 Non

141 2812 266 2865 snitu
304 2812 356 2867 id
398 2812 525 2867 facit
553 2824 609 2867 ut
639 2828 766 2869 eum
810 2817 980 2880 privet
1022 2822 1165 2868 recte
1192 2812 1345 2869 lactis
1369 2855 1385 2879 ,
1412 2813 1507 2871 sed
1537 2822 1596 2871 ut
1619 2829 1704 2879 ea,

138 2913 241 2968 qua:
261 2911 385 2956 sunt
435 2901 579 2968 Filii,
609 2902 753 2965 Patri
798 2900 1086 2966 adscribat,
1132 2903 1219 2973 qui
1262 2918 1323 2958 ea
1352 2905 1559 2979 etiam;
1584 2894 1707 2975 qua:

138 3000 245 3045 sunt
260 2991 455 3057 Patris,
486 3008 579 3048 sua
607 3007 729 3049 esse
754 2991 882 3049 dicit
909 3012 923 3047 :
956 2991 1141 3048 Omnia
1168 2995 1335 3065 enim,
1370 2996 1561 3067 inquit,
1593 3013 1704 3052 mea

140 3089 214 3133 tu
234 3091 362 3146 sunt,
393 3094 445 3138 et
470 3092 555 3137 tua
579 3100 693 3138 mea
717 3082 895 3155 (Joau.
926 3086 1012 3140 i7.
1044 3084 1109 3140 10
1130 3087 1171 3155 ).
1201 3085 1332 3141 Nam
1363 3088 1431 3143 de
1461 3101 1704 3142 resurre-

140 3172 298 3226 ctione
350 3173 547 3228 l’aulns
586 3173 802 3244 quidem
847 3174 1119 3231 disserens
1152 3175 1323 3233 dicit:
1357 3176 1496 3233 Deus
1535 3182 1705 3248 ipsum

139 3264 374 3317 suscitauit
414 3281 449 3319 α
473 3266 684 3319 mortuis
722 3265 798 3334 (ι.
838 3264 956 3321 Cor.
986 3265 1041 3323 6.
1073 3265 1194 3336 H);
1223 3266 1458 3337 Joannes
1481 3280 1659 3325 autem
1685 3289 1699 3326 :

142 3351 316 3408 Soluite
334 3356 581 3425 templum
610 3356 727 3423 Itoc,
753 3364 800 3410 et
825 3357 878 3410 in
905 3356 1064 3412 tribus
1083 3356 1258 3412 diebus
1285 3359 1514 3414 excitabo
1535 3360 1704 3431 ipsum

142 3439 301 3503 (toan.
323 3445 382 3499 2.
413 3446 484 3501 l9
502 3448 544 3517 ).
575 3445 712 3513 Quid
750 3454 836 3501 est
859 3457 1035 3502 autem
1065 3448 1241 3503 oleum
1281 3448 1479 3505 latitia:
1496 3452 1521 3503 τ
1545 3452 1702 3522 Atqui

141 3533 363 3593 (.ltristus
391 3552 655 3609 nusquam
672 3547 864 3595 unctus
884 3549 966 3595 est
987 3541 1131 3608 oleo,
1155 3541 1249 3597 sed
1271 3541 1471 3612 Spiritu
1492 3555 1699 3601 sancto.

141 3622 199 3680 Et
222 3627 336 3683 ideo
357 3629 579 3700 adjecit,
630 3630 750 3686 Prae
777 3632 1091 3687 consortibus
1118 3634 1217 3689 tuis
1248 3648 1269 3688 :
1299 3633 1401 3689 hoc
1422 3634 1595 3705 ipsum
1624 3636 1701 3691 si-

138 3716 395 3786 gniﬁcans,
431 3721 698 3777 neminem
720 3720 792 3776 ita
822 3730 1039 3777 unctum
1065 3722 1303 3779 fuissent
1331 3724 1447 3794 ipse
1478 3725 1519 3780 ³.
1544 3727 1691 3781 Multi

139 3808 263 3862 enim
307 3808 525 3866 fuerunt
565 3823 689 3871 ante
740 3812 911 3882 ipsum
954 3812 1158 3880 christi,
1192 3812 1243 3869 id
1277 3824 1381 3881 est,
1405 3817 1571 3883 uncti,
1607 3817 1700 3874 sed

140 3914 279 3956 ποιηο
300 3905 380 3960 sic
404 3921 420 3958 :
444 3904 582 3960 sicut
608 3905 769 3963 etiam
798 3909 918 3976 agni
953 3906 1127 3973 multi,
1147 3906 1242 3963 sed
1282 3906 1397 3978 ipse
1420 3908 1646 3963 eximius
1680 3927 1694 3963 :

140 3990 206 4044 sie
221 4002 273 4048 et
300 3995 451 4049 multi
478 3994 594 4060 lilii,
620 3994 714 4051 sed
744 3995 858 4066 ipse
885 3995 1221 4067 Unigenitus.
1248 3996 1382 4053 Sunt
1414 4000 1555 4054 enim
1578 4014 1698 4055 om-

140 4082 211 4134 uia
238 4084 352 4152 ejus
379 4086 597 4154 eximia,
627 4100 733 4142 non
750 4100 812 4144 ea
837 4087 1011 4143 solum
1033 4103 1153 4159 qua:
1178 4089 1447 4159 pertinent
1468 4089 1534 4143 ad
1563 4089 1699 4144 divi-

140 4174 359 4241 nitatem,
386 4175 482 4231 sed
511 4191 573 4231 ea
611 4166 771 4233 etiam
825 4193 943 4249 qua:
978 4178 1046 4233 ad
1074 4178 1457 4235 humanitatem
1493 4196 1508 4233 :
1540 4195 1699 4236 neuio

138 4265 261 4319 enim
307 4280 495 4323 unctus
543 4275 628 4323 est
670 4268 762 4323 tali
806 4268 1018 4338 spiritu.
1049 4268 1107 4324 Si
1151 4269 1204 4323 id
1249 4256 1428 4325 autem
1462 4270 1698 4340 appellat

140 4353 313 4420 idcum,
340 4374 409 4412 ne
437 4357 650 4413 mireris
683 4377 697 4413 :
729 4373 851 4413 nam
878 4373 998 4414 cum
1028 4358 1285 4430 propheta
1328 4359 1418 4426 sit,
1462 4360 1698 4431 loquitur

139 4445 277 4510 paulo
297 4447 576 4502 obscurius
618 4457 673 4503 et
701 4450 868 4519 magis
906 4449 1257 4518 amigmatice.
1294 4449 1461 4506 Recte
1507 4461 1692 4507 autem

140 4532 272 4599 dixit,
318 4536 707 4605 Exsultationis,
749 4546 807 4594 ut
847 4540 1153 4596 ostenderet
1201 4540 1253 4596 id
1301 4556 1424 4598 esse
1472 4542 1690 4598 ltetitire.

139 4620 336 4683 Fructus
360 4631 505 4685 enim
535 4629 760 4700 Spiritus
779 4639 850 4685 est
872 4629 1101 4697 dilectio,
1129 4633 1393 4703 gaudium,
1427 4652 1528 4703 pax
1548 4634 1690 4705 (Cal.

139 4713 182 4767 5.
199 4714 302 4788 22).
333 4719 482 4773 Alius
504 4729 681 4775 autem
714 4717 880 4774 dicit:
906 4719 1031 4775 Oleo
1073 4722 1344 4777 venustatis
1362 4725 1406 4775 ¹.
1439 4723 1693 4780 llebneus

140 4816 267 4871 vero,
291 4809 480 4873 Sason,
528 4809 629 4865 boc
671 4819 754 4865 est
787 4810 1084 4882 elegantim,
1117 4811 1322 4881 gloriae,
1365 4816 1688 4869 ornamenti.

138 4890 404 4953 Siuautem
431 4900 501 4953 sit
545 4899 763 4965 lartitize,
786 4898 838 4953 id
860 4914 1071 4970 quoque
1098 4916 1283 4956 verum
1325 4912 1431 4957 est.
1466 4903 1534 4960 Ut
1561 4894 1691 4974 ergo

138 4996 239 5066 sum
277 4988 522 5043 audivisti
568 4976 1096 5061 gladium,gladium
1143 5006 1247 5047 non
1293 4994 1584 5066 intelligis:
1638 5005 1695 5051 et

80 5056 236 5159 1diem
267 5092 444 5134 arcum
493 5089 547 5134 et
572 5056 816 5150 sagittas,
864 5056 970 5145 non
1016 5097 1176 5137 arcus
1224 5093 1281 5139 et
1317 5056 1553 5157 sagittas,
1595 5088 1689 5143 sed

64 5164 75 5177 ‘
110 5167 233 5233 ‘rjus
250 5172 608 5239 operationem
635 5175 723 5242 qui
752 5176 865 5229 lucc
893 5174 1036 5241 fecit,
1074 5186 1132 5230 ut
1150 5177 1260 5246 jam
1283 5188 1407 5236 ante
1433 5180 1543 5236 dixi
1572 5199 1585 5236 :
1620 5182 1690 5236 ita

138 5273 240 5314 mm
263 5264 437 5317 oleum
462 5263 716 5323 audieris.
746 5278 814 5319 ne
854 5265 1029 5321 oleum
1058 5267 1233 5323 solum
1274 5270 1556 5336 arbitrare,
1595 5274 1689 5329 sed

140 5351 413 5408 unetiounesn
432 5354 686 5425 intellige.
701 5353 891 5409 Oleum
910 5357 1051 5412 enim
1072 5370 1188 5413 erat
1211 5361 1419 5431 signum
1434 5360 1686 5432 Spiritus,

138 5450 387 5497 ouantem
418 5444 723 5515 principalis
742 5454 801 5500 et
828 5450 1125 5503 necessaria
1153 5460 1267 5506 erat
1293 5452 1541 5522 Spiritus.

185 5553 312 5633 ἒὲεφι
328 5566 426 5633 {’0‘
442 5557 912 5633 ενειρηείφιίβεωιε»
1191 5564 1261 5633 ξω
1279 5569 1497 5633 (uastum,
1515 5568 1689 5633 rutae)

139 5620 175 5663 It
319 5616 528 5691 deerant
540 5622 587 5691 to
604 5616 789 5691 udi-et,
808 5616 969 5673 sed'ln
982 5631 1089 5675 uss.
1115 5636 1169 5677 et
1189 5628 1238 5676 in
1259 5616 1403 5680 s‘a'ui.
1418 5616 1682 5681 insana:

184 5679 202 5754 ξ
228 5682 329 5750 Dleo
348 5681 620 5754 matis.
638 5691 748 5733 Haec
771 5686 1109 5754 interpretatio
1130 5694 1207 5738 est
1222 5679 1498 5754 Symmachi.
1518 5679 1681 5754 sum;

134 5737 333 5794 "Nec
348 5748 495 5825 pro
526 5762 539 5798 :
567 5757 681 5807 qna:
704 5759 817 5804 vox,
855 5737 1010 5809 inquit
1045 5737 1685 5817 "sign—illam

138 5830 403 5897 elegantius,
420 5832 644 5898 gloriati,
667 5844 1016 5888 monstratum.

3304 409 3403 464 198

1882 528 2078 583 Clu-isti
2097 534 2260 583 vocati
2279 537 2397 582 sunt
2419 526 2566 581 multi
2589 571 2599 585 .
2621 523 2823 598 quando
2853 534 3035 579 unctus
3055 523 3308 579 Christus.
3335 552 3409 567 -η

1806 618 1944 677 Cum
1973 619 2076 673 hoc
2104 632 2235 690 ergo
2259 618 2329 673 ita
2378 633 2440 674 se
2470 613 2684 683 habent,
2717 631 2787 672 ne
2812 615 2996 669 dubita
3042 630 3167 669 eum
3210 629 3407 672 vocare

1805 708 2080 763 Christum
2113 723 2275 764 :nam
2312 706 2583 762 Abraham
2610 720 2824 777 quoque
2858 704 3231 775 appellabatur
3260 703 3410 759 chri-

1809 807 1949 865 stus,
1979 808 2038 854 et
2074 797 2371 869 prophetae,
2399 797 2494 853 sed
2522 813 2629 852 non
2673 811 2867 851 omnes
2904 796 3028 852 oleo
3058 794 3206 852 uncti
3234 803 3363 850 sunt
3390 814 3408 851 :

1807 890 2260 960 quemadmodum
2275 904 2399 944 cum
2415 888 2545 944 dicit
2568 906 2584 943 :
2614 887 2788 941 Nolite
2800 898 3007 959 tangere
3019 886 3234 942 cltristos
3250 902 3409 950 meos,

1810 988 1857 1035 et
1894 981 1948 1034 in
1970 979 2229 1051 praphetis
2261 978 2387 1033 meis
2413 977 2862 1049 uolitemaliguari
2900 976 3071 1046 (Psal.
3115 977 3237 1033 101.
3274 976 3405 1047 i5).

1809 1069 2036 1137 Quando
2062 1078 2239 1131 autem
2266 1079 2459 1124 unctus
2482 1067 2825 1124 estChristus
2840 1068 2866 1119 τ
2888 1066 3114 1134 Quando
3129 1077 3403 1138 tamquam

1810 1163 1875 1218 in.
1891 1161 2156 1218 columba:
2178 1161 2358 1232 specie
2382 1159 2618 1231 Spiritus
2658 1174 2821 1230 super
2855 1175 2979 1216 eum
3011 1160 3157 1215 venit
3176 1166 3195 1229 ί
3215 1158 3410 1215 Matth.

1810 1253 1864 1308 3.
1898 1252 2023 1323 16).
2051 1251 2343 1307 Consortes
2370 1260 2548 1306 autem
2593 1249 2682 1305 hic
2729 1260 2886 1305 vocat
2925 1265 3117 1305 omnes
3159 1250 3413 1322 spiritua-

1813 1343 1911 1406 les,
1939 1341 2390 1413 quemadmodum
2420 1341 2656 1397 Joannes
2681 1341 2812 1395 dicit
2841 1359 2855 1392 :
2887 1340 3001 1395 Nos
3025 1357 3200 1396 omnes
3220 1357 3285 1396 ea:
3303 1342 3415 1412 ple-

1811 1433 2044 1487 nitudine
2068 1433 2182 1503 ejus
2199 1432 2485 1503 accepimus
2506 1431 2686 1504 (Joan.
2713 1434 2763 1486 1.
2785 1431 2875 1502 l6)
2908 1450 2924 1485 :
2956 1432 3025 1487 de
3047 1432 3164 1502 ipso
3189 1421 3409 1487 autem:

1815 1523 1938 1580 Non
1967 1525 2037 1578 ad
2074 1539 2364 1579 mensuram
2389 1524 2478 1578 dat
2521 1523 2777 1593 Spiritum
2804 1521 2946 1577 Deus
2976 1522 3155 1596 (Joan.
3185 1523 3240 1579 3.
3268 1522 3409 1594 34);

1812 1626 1869 1671 et
1925 1629 2109 1670 rursus
2141 1630 2156 1668 :
2193 1612 2476 1681 Eﬂ'undam
2512 1613 2578 1668 de
2618 1612 2821 1683 Spiritu
2871 1629 2985 1667 meo
3024 1629 3179 1683 super
3213 1628 3412 1670 omnem

1813 1722 2017 1760 carnem
2050 1704 2211 1778 (loel.
2239 1704 2291 1760 2.
2323 1703 2453 1776 28).
2483 1703 2596 1758 lllie
2619 1715 2796 1758 autem
2840 1718 2947 1758 non
2977 1720 3041 1758 ex
3069 1704 3292 1773 Spiritu,
3315 1705 3412 1760 sed

1816 1805 1958 1852 totus
1986 1797 2136 1852 venit
2169 1796 2436 1867 Spiritus;
2462 1804 2517 1851 et
2543 1795 2665 1850 ideo
2685 1794 2842 1860 dixit,
2878 1792 3002 1848 Non
3029 1795 3098 1848 ad
3122 1810 3412 1849 mensuram

1814 1889 1905 1942 dat
1933 1887 2069 1944 Deus
2094 1886 2367 1958 Spiritum.
2393 1885 2449 1942 9.
2481 1884 2701 1956 Myrrha
2723 1925 2741 1952 ,
2769 1895 2817 1939 et
2844 1894 3010 1957 gutta,
3033 1894 3082 1939 et
3099 1886 3241 1939 casia
3259 1904 3292 1939 a
3331 1904 3412 1940 ve-

1813 1981 2063 2036 stimentis
2104 1981 2224 2034 tuis.
2268 1979 2441 2047 Alius,
2470 1977 2538 2033 In
2558 1980 2904 2034 uestimentum
2934 1987 3094 2032 tuum.
3131 1978 3306 2047 Alius,
3339 1980 3410 2035 lu

1814 2089 1989 2127 omnes
2010 2083 2167 2127 νεειεε
2188 2083 2323 2127 tuas.

1890 2163 1977 2219 l0.
2006 2162 2259 2219 Nonnulli
2289 2162 2506 2233 quidem
2527 2162 2711 2220 dicunt
2734 2163 3051 2237 prophetam
3079 2181 3177 2237 per
3201 2166 3318 2224 lucc
3335 2168 3413 2224 si-

1814 2254 2070 2327 gniﬁcare
2098 2255 2460 2327 sepulturam;
2492 2255 2739 2311 nonnulli
2756 2271 2927 2325 -vero,
2956 2256 3193 2313 indicare
3228 2258 3413 2315 diver-

1814 2350 2027 2404 sitatem
2057 2336 2342 2404 unctionis.
2383 2348 2566 2421 Neque
2603 2350 2747 2404 enim
2786 2349 2945 2406 ﬁebat
2970 2351 3098 2406 olim
3138 2351 3319 2407 unctio
3344 2368 3411 2407 sx

1816 2439 1899 2495 his
1933 2441 2236 2511 unguentis,
2268 2440 2362 2495 sed
2407 2455 2477 2496 ex
2509 2440 2649 2495 aliis.
2696 2440 2767 2496 Et
2796 2447 2853 2494 ut
2895 2440 3070 2497 discas
3112 2440 3255 2497 hunc
3290 2457 3412 2497 esse

1815 2532 1975 2586 alium
2005 2531 2219 2586 modum
2247 2531 2531 2597 unctionis,
2563 2544 2659 2602 per
2684 2530 3037 2587 differentiam
3066 2532 3411 2587 materiarum

1813 2622 2127 2693 significavit
2147 2621 2503 2677 differentiam
2528 2621 2877 2692 operationis.
2898 2620 3029 2676 Illud
3046 2631 3248 2688 autem,
3267 2622 3311 2678 Α
3332 2639 3413 2678 oe-

1814 2717 2061 2770 stimentis
2088 2717 2215 2781 tuis,
2246 2714 2481 2771 ostendit
2512 2716 2630 2785 ejns
2656 2730 2871 2786 quoque
2894 2724 3073 2770 Vestes
3101 2715 3265 2771 fuisse
3292 2716 3411 2785 ple-

1816 2824 1914 2865 nas
1940 2810 2130 2880 gratia.
2156 2809 2285 2876 Quae
2312 2809 2491 2880 itaque
2513 2808 2787 2879 sanguinis
2819 2807 3081 2877 proﬂuvio
3108 2808 3410 2873 laborabat,

1815 2903 2091 2974 sanguinis
2121 2903 2266 2958 rivos
2303 2904 2583 2972 repressit,
2615 2918 2737 2958 cum
2773 2903 2937 2958 vestis
2979 2902 3243 2958 ﬁmbriam
3284 2906 3415 2958 attio

1812 2995 1979 3066 gisset
2026 2994 2240 3064 (Matth.
2286 2996 2341 3050 9.
2368 2995 2488 3064 ‘20).
2525 2994 2650 3051 Sive
2691 2996 2793 3050 hoc
2822 3009 2978 3066 ergo,
3012 2996 3125 3051 sive
3170 2995 3298 3050 illud
3340 2999 3410 3053 sit

1815 3085 2209 3156 accipiendum,
2238 3087 2382 3143 nulla
2424 3086 2672 3157 prohibet
2706 3089 2882 3142 ratio:
2914 3096 3041 3142 sunt
3080 3088 3223 3143 enim
3265 3104 3293 3142 a
3322 3105 3409 3145 me

1815 3188 2040 3251 utraque
2067 3181 2412 3238 admittenda.
2454 3181 2606 3237 Sicut
2635 3196 2763 3253 ergo
2794 3181 2946 3254 (nihil
2983 3184 3128 3238 enim
3159 3182 3410 3254 prohibet

1813 3272 2001 3329 eadem
2030 3289 2217 3328 rursus
2246 3272 2472 3345 dicere),
2503 3288 2625 3329 cum
2656 3289 2838 3328 arcum
2867 3283 2923 3331 et
2949 3274 3185 3347 gladium
3220 3274 3406 3341 audis,

1814 3374 1865 3419 et
1895 3378 2015 3433 qua:
2044 3372 2170 3418 sunt
2199 3363 2499 3434 ejusmodi,
2528 3380 2632 3417 non
2660 3380 2722 3417 ea
2748 3365 2903 3419 audis
2937 3366 3177 3421 sensibili
3209 3381 3359 3421 more
3391 3383 3405 3418 :

1814 3455 1884 3510 ita
1915 3470 2017 3511 nec
2053 3470 2176 3510 cum
2212 3455 2485 3528 myrrham
2514 3465 2605 3511 aut
2631 3455 2830 3510 casiam
2858 3456 3158 3520 audiveris,
3186 3474 3247 3512 ea
3279 3474 3407 3513 sen-

1812 3548 2041 3605 sibiliter
2081 3548 2366 3620 intelligas,
2411 3548 2507 3605 sed
2541 3550 2909 3620 sphitnaliter.
2953 3551 3041 3606 10.
3086 3552 3129 3606 Α
3174 3551 3406 3608 domibus

1812 3642 2045 3697 eburneis
2064 3685 2079 3708 ,
2105 3658 2171 3697 et
2195 3643 2375 3714 quibus
2409 3643 2781 3698 delectaverunt
2808 3652 2856 3699 te
2879 3644 3005 3713 ﬁlia:
3036 3662 3210 3716 regunt
3239 3647 3292 3700 in
3314 3646 3409 3701 Ito:

1812 3749 1937 3788 ποτε
1960 3743 2067 3787 tuo.
2101 3734 2251 3789 Alius
2281 3734 2429 3800 dicit,
2463 3736 2504 3788 Α
2531 3736 2731 3804 templis
2761 3736 2992 3790 eburneis
3023 3737 3157 3789 unde
3177 3738 3405 3792 delecta-

1810 3832 1986 3878 verunt
2006 3833 2074 3887 te,
2105 3825 2229 3878 dum
2253 3833 2302 3879 te
2328 3823 2599 3895 honorant.
2632 3825 2804 3890 Alius,
2832 3825 2901 3881 In
2927 3827 3164 3899 gloriosis
3190 3831 3312 3883 tuis.

1881 3912 2065 3968 Eboris
2113 3915 2329 3983 pretium
2365 3914 2507 3984 apud
2547 3916 2801 3987 antiquos.
2862 3947 2913 3957 —
2940 3916 3229 3989 Postquam
3271 3920 3400 3977 dixit

1808 4017 1926 4074 qua:
1956 4012 2102 4058 recte
2126 4004 2323 4075 gessit,
2350 4003 2480 4059 dicit
2509 4005 2669 4060 etiam
2722 4008 2979 4063 honorem
3027 4009 3116 4079 qui
3147 4012 3402 4080 pratclaru

1808 4095 1924 4165 ejus
1956 4092 2093 4149 facta
2118 4104 2480 4166 consequutus
2504 4107 2607 4161 eet,
2639 4112 2832 4167 nempe
2856 4113 2980 4153 eum
3026 4099 3080 4154 in
3128 4103 3403 4170 pretiosis-

1807 4187 1958 4242 simis
1998 4188 2211 4259 templis
2234 4203 2353 4244 esse
2382 4188 2732 4244 adorandum.
2778 4191 3087 4263 Antiquitus
3114 4194 3258 4249 enim
3286 4194 3403 4249 lure

1808 4279 2032 4334 materia
2063 4288 2179 4335 erat
2219 4280 2627 4351 pretiosissima,
2657 4291 2712 4337 et
2735 4298 2930 4354 magno
2970 4285 3148 4340 studio
3172 4290 3401 4358 conqui-

1808 4370 2045 4434 reliatur,
2075 4385 2267 4439 nempe
2310 4370 2566 4427 eburnea.
2606 4372 2760 4429 Unde
2797 4376 2957 4429 etiam
3005 4374 3221 4432 dicebat
3263 4379 3403 4434 alius

1807 4462 2103 4532 propheta:
2142 4461 2233 4517 Vw
2266 4464 2352 4534 qui
2388 4463 2619 4519 dormitis
2657 4464 2711 4518 in
2754 4466 2894 4521 lectis
2922 4466 3151 4521 eburneis
3187 4468 3206 4534 l
3225 4470 3395 4524 Amas.

1804 4554 1859 4609 6.
1888 4556 1963 4625 4).
1999 4556 2061 4609 Et
2087 4569 2273 4610 rursus
2295 4556 2532 4612 ostendit
2566 4557 3001 4627 prmdirationem
3033 4575 3138 4616 non
3166 4578 3393 4632 perven-

1806 4657 1976 4701 turam
2005 4646 2175 4702 solnm
2203 4646 2271 4701 ad
2307 4646 2546 4718 privatos
2565 4690 2582 4716 ,
2612 4648 2709 4704 sed
2746 4665 2909 4721 regna
2936 4653 3099 4706 etiam
3126 4653 3397 4724 subjectu—

1804 4753 1939 4801 ratn,
1970 4738 2217 4808 mdcsque
2245 4737 2318 4792 illi
2348 4738 2655 4809 magniﬁcas
2676 4752 3004 4797 exsu'uctntn
3030 4743 3115 4798 iri.
3140 4744 3268 4802 [hec
3285 4748 3396 4817 jam

1801 4830 2049 4884 videntur
2069 4846 2129 4886 re
2154 4831 2266 4900 ipsa
2287 4830 2422 4886 fieri.
2440 4831 2640 4889 Volens
2667 4835 2812 4891 enim
2834 4838 3091 4907 prephcta
3113 4841 3401 4898 ostendere

1803 4923 1908 4976 vim
1942 4923 2336 5007 prmdicationis
2356 4967 2370 4989 ,
2401 4924 2531 4980 dicit
2554 4926 2823 4996 quomodo
2856 4930 3081 4998 ceperit,
3122 4935 3398 5002 quomodo

1802 5014 2096 5085 subjecerit
2122 5016 2396 5083 mulieres,
2419 5016 2588 5084 viros,
2610 5016 2868 5087 privatos,
2896 5020 3109 5087 divites,
3132 5037 3229 5078 eos
3250 5024 3398 5093 ipsos

1800 5106 1994 5177 quibus
2019 5114 2172 5162 erant
2202 5106 2447 5162 redimita
2475 5109 2648 5179 capita
2679 5108 3097 5177 diadematibns,
3126 5123 3183 5169 et
3206 5129 3395 5171 eorum

1801 5211 2028 5263 uxores,
2077 5206 2132 5251 ut
2183 5198 2380 5268 templa
2430 5199 2539 5256 Deo
2587 5200 2783 5272 ubique
2828 5204 3149 5260 excitarent.
3191 5206 3397 5265 Deinde

1799 5294 2049 5362 quoniam
2079 5293 2334 5364 deinceps
2358 5294 2425 5349 ad
2464 5293 2582 5350 ham
2618 5294 2844 5351 dicenda
2883 5296 3156 5369 digressus
3180 5311 3265 5357 est
3285 5343 3300 5367 ,
3326 5304 3396 5358 de

1798 5382 1883 5438 his
1911 5384 2080 5438 fusius
2112 5383 2293 5439 dicere
2333 5384 2642 5450 exorditur,
2666 5400 2762 5441 eos
2784 5388 2875 5457 qui
2916 5388 3064 5443 illum
3090 5391 3277 5446 colunt
3296 5434 3311 5455 ,
3340 5408 3395 5449 et

1798 5476 1885 5544 qui
1913 5475 1961 5529 ei
1993 5474 2290 5545 supplicant
2318 5474 2650 5532 describens.
2679 5477 2744 5531 Et
2764 5491 2885 5532 cum
2907 5481 3232 5538 ostendisset
3256 5500 3391 5553 quo-

1796 5564 1956 5619 modo
1998 5566 2177 5636 populi
2220 5566 2322 5621 sub
2348 5581 2413 5622 eo
2456 5567 2683 5636 cadunt,
2714 5571 2983 5640 quomodo
3014 5586 3109 5627 cor
3152 5573 3391 5645 ipsorum

1794 5657 1988 5727 tetigit,
2038 5658 2307 5728 quomodo
2337 5660 2582 5716 inimicos
2622 5666 2912 5734 superavit,
2958 5668 3230 5737 quomodo
3258 5683 3384 5724 eum

1790 5746 2009 5802 deduxit
2036 5746 2277 5814 dextera,
2300 5751 2568 5819 quomodo
2588 5754 2887 5823 veritatem,
2920 5758 3382 5815 mansuetudinem

1791 5846 1845 5891 et
1884 5837 2144 5906 justitiam
2195 5840 2487 5907 plantavit:
2536 5859 2721 5899 rursus
2762 5862 2974 5917 quoque
3021 5850 3382 5919 nictaphorica
