4154 6416
808 423 909 481 im

802 537 1043 592 oratione
1069 547 1195 589 usus
1241 539 1344 598 est,
1376 528 1535 584 veluti
1577 529 1628 582 in
1675 526 1900 596 imagine
1943 523 2237 579 Ecclesiam
2277 522 2372 578 de-

800 626 1041 680 scribens
1070 641 1083 676 :
1112 633 1168 677 et
1192 635 1311 691 qua:
1347 628 1531 689 postea
1569 617 1818 670 dixerunt
1847 613 2111 683 apostoli,
2145 611 2232 667 hic
2259 613 2375 679 qui.

803 715 947 777 dem,
976 710 1234 781 Despondi
1267 724 1354 763 eos
1379 708 1467 761 uni
1508 707 1615 759 viro
1644 704 1882 775 rirginent
1918 710 2109 755 castam
2146 699 2377 754 exhibere

805 804 1002 859 Christo
1030 804 1104 876 (ί.
1128 800 1248 859 Cor.
1270 801 1357 856 Η.
1381 797 1468 869 2);
1502 795 1590 851 ille
1614 809 1814 857 autem,
1846 793 1945 858 Qui
1972 793 2118 846 habet
2139 805 2374 861 sponsam

811 892 1314 967 sponsusestann.
1362 892 1416 946 δ.
1443 887 1572 961 29);
1600 888 1733 941 alius
1772 899 1929 948 vero,
1967 882 2150 938 Simile
2188 891 2264 935 est
2289 896 2373 935 re-

801 1001 957 1056 guitut
980 985 1219 1038 cclo'ruut
1258 981 1450 1035 homini
1477 978 1585 1048 regi
1620 976 1705 1047 qui
1744 974 1862 1045 fecit
1904 974 2106 1043 nuptias
2133 971 2241 1039 [ilio
2281 986 2374 1023 suo

804 1078 1015 1149 (Natta.
1044 1076 1136 1131 ἥ.
1162 1074 1219 1146 2)
1256 1092 1269 1127 :
1299 1088 1362 1127 ea
1394 1071 1480 1125 hic
1506 1082 1715 1139 quoque
1742 1065 2000 1137 prmdicit,
2036 1063 2375 1117 introducens

801 1167 961 1223 simul
989 1180 1238 1237 sponsam
1266 1172 1319 1217 et
1338 1161 1574 1231 reginam
1605 1172 1619 1209 :
1649 1166 1702 1211 et
1729 1155 1848 1210 ideo
1874 1154 2022 1217 dicit,
2051 1150 2258 1205 Adstitit
2293 1166 2375 1204 re-

800 1259 973 1330 ginas
996 1256 1186 1311 dentis
1212 1252 1327 1307 luis.
1379 1250 1547 1313 Alius,
1581 1246 1823 1303 Stabilita
1866 1253 1970 1309 est,
2014 1243 2116 1295 hoc
2162 1250 2244 1296 est
2278 1238 2371 1295 lir-

688 1342 691 1343 ⁷
802 1350 960 1403 miter
987 1345 1153 1408 stetit,
1179 1343 1327 1397 stetit
1346 1336 1707 1394 immobiliter.
1734 1334 1885 1402 Quod
1911 1332 2033 1387 alibi
2064 1331 2192 1385 dicit
2221 1331 2378 1384 Chri-

804 1450 919 1495 stus
960 1458 973 1493 :
1026 1437 1197 1491 Ptrtte
1240 1433 1389 1502 inferi
1433 1448 1533 1484 non
1580 1426 1916 1499 prteoalebuut
1956 1425 2219 1478 adversum
2264 1436 2375 1475 cant

805 1529 1017 1602 (Matth.
1054 1528 1139 1583 l6.
1187 1524 1298 1594 l8).
1334 1521 1523 1576 Vidisti
1569 1520 1825 1587 insignem
1869 1512 2166 1570 honorem?
2198 1510 2375 1564 vidisti

806 1598 1065 1675 sunnuam
1087 1610 1437 1686 dignitame
1458 1624 1575 1665 eam
1599 1624 1717 1680 qua:
1742 1604 2069 1669 conculcata,
2096 1610 2150 1656 et
2175 1614 2294 1669 qua:
2322 1598 2375 1653 in

805 1708 1042 1765 intimum
1063 1706 1239 1761 locum
1265 1701 1542 1758 deturbata
1566 1698 1759 1761 fuerat,
1782 1695 1835 1750 in
1856 1702 2107 1765 quantam
2127 1687 2380 1744 extulerit

802 1798 1156 1861 altitudinem,
1189 1804 1247 1849 ut
1274 1794 1323 1849 ei
1350 1787 1664 1846 assisteret?
1690 1783 2004 1855 cognovisti,
2033 1779 2099 1835 ad
2125 1787 2375 1849 quantam

806 1914 819 1941 ι
839 1907 868 1945 a
897 1907 1015 1960 quae
1050 1897 1168 1943 erat
1192 1887 1431 1955 captiva,
1458 1882 1682 1937 alienata
1710 1874 1980 1939 meretrix,
2021 1871 2283 1927 scelerata
2321 1878 2376 1923 et

803 1977 1126 2035 exsecranda
1145 2020 1160 2042 ,
1190 1975 1495 2045 dignitatem
1522 1964 1855 2024 ascenderit?
1880 1964 2009 2019 Cum
2040 1962 2376 2015 ministrato-

786 2073 902 2127 riis
929 2067 1275 2141 potestatibus
1303 2062 1522 2117 adstitit.
1553 2059 1715 2114 Filius
1740 2056 1953 2126 quippe,
1982 2062 2039 2106 ut
2065 2053 2153 2120 qui
2184 2051 2253 2141 sit
2284 2048 2379 2105 bo-

810 2140 942 2217 nnt-e
969 2158 1205 2231 :equalis,
1231 2154 1379 2211 sedet
1399 2170 1427 2206 a
1452 2150 1689 2207 dextris:
1717 2147 1828 2216 ipsa
1854 2160 1979 2199 vero
1998 2142 2159 2197 stetit.
2184 2140 2379 2207 Quam-

802 2255 882 2307 vis
905 2230 1047 2308 enim
1069 2247 1349 2317 sitregina,
1366 2253 1448 2299 est
1474 2253 1645 2296 tamen
1673 2249 1866 2293 eccam
1886 2233 2213 2290 substantiae.
2237 2230 2380 2299 Quo-

804 2340 964 2397 modo
984 2353 1113 2410 ergo
1132 2335 1260 2391 dicit
1280 2334 1505 2389 Paulus:
1525 2325 1935 2384 Couresuscitacit
1950 2332 1995 2376 et
2013 2321 2277 2375 consedere
2292 2335 2381 2373 nos

804 2434 921 2504 fecit
944 2431 995 2484 in
1028 2408 1301 2483 catena...
1320 2425 1372 2477 in
1386 2421 1586 2477 Christo
1603 2417 1726 2472 Iesu
1758 2413 1968 2504 (Epiros.
1999 2413 2057 2471 2.
2074 2411 2129 2481 θ)
2148 2411 2167 2465 1
2184 2408 2290 2504 Sed
2304 2418 2383 2462 at-

803 2497 960 2577 tende
969 2533 1126 2589 quam
1141 2524 1323 2571 exacte
1336 2508 1715 2583 loquatur.Non
1731 2505 1863 2560 dixit
1874 2500 2205 2557 solummodo
2221 2517 2233 2552 :
2249 2497 2386 2554 Con-

802 2608 1111 2666 resuscitasit
1134 2615 1179 2661 et
1198 2603 1462 2658 consedere
1482 2600 1597 2672 [erit
1616 2640 1631 2665 ,
1655 2596 1747 2651 sed
1767 2636 1783 2661 ,
1810 2591 1879 2647 In
1898 2592 2096 2646 Christo
2116 2630 2132 2654 ,
2156 2589 2257 2644 hoc
2277 2597 2379 2651 est,

803 2715 897 2771 per
906 2696 1192 2753 Christum.
1207 2693 1462 2761 Quoniam
1482 2689 1645 2755 enim,
1672 2685 1855 2755 inquit,
1874 2691 2030 2751 caput
2047 2691 2282 2735 nostrum
2299 2689 2383 2733 Cal

798 2803 960 2859 supra
979 2804 997 2843 :
1021 2799 1118 2841 nos
1136 2793 1312 2839 autem
1326 2794 1541 2851 corpus,
1556 2793 1676 2832 cum
1691 2774 1931 2843 superius
1947 2772 2128 2826 sedeat
2141 2778 2380 2825 nostrum

798 2886 981 2948 caput,
1000 2876 1218 2931 honoris
1235 2872 1517 2943 participes
1534 2868 1723 2923 fuimus
1743 2862 1957 2936 (Ephes.
1975 2860 2158 2931 1.22).
2172 2860 2381 2940 etiamsi

802 2968 892 3024 hic
925 2979 1158 3030 stemus,
1189 2962 1255 3017 In
1280 2962 1452 3017 vestitu
1481 2959 1721 3012 deaurato
1744 2997 1760 3021 ,
1787 2952 2093 3008 circumdata
2122 2950 2380 3006 uarietate.

808 3058 982 3123 Alius,
1003 3058 1067 3115 in,
1083 3055 1369 3109 diademate
1379 3050 1494 3104 auri
1518 3048 1580 3101 de
1602 3047 1795 3116 Suplrir
1818 3044 1920 3114 (a).

892 3146 1061 3201 Vestes
1084 3143 1389 3214 spirituales.
1417 3168 1484 3182 —-
1504 3134 1919 3205 Quemamodum
1943 3132 1993 3186 in
2014 3146 2138 3202 rege
2162 3145 2269 3185 non
2290 3145 2382 3186 ar-

802 3255 899 3295 cus
926 3250 981 3294 et
1009 3238 1228 3307 sagittas
1268 3232 1641 3300 intelligimus,
1676 3226 1744 3281 ita
1771 3239 1871 3279 nec
1898 3225 1951 3277 in
1980 3236 2175 3292 sponsa
2205 3233 2381 3276 vestes

805 3332 1065 3400 intelligo;
1093 3327 1188 3384 scd
1211 3340 1304 3397 per
1324 3339 1385 3379 ea
1408 3336 1526 3394 quae
1548 3328 1671 3375 sunt
1695 3315 1983 3379 scnsibilia,
2014 3316 2200 3383 accipe
2224 3328 2379 3368 sensa

803 3438 924 3492 qua:
955 3421 1062 3475 Deo
1105 3416 1442 3472 conveniant.
1484 3411 1561 3466 Ne
1602 3412 1722 3480 quis
1765 3407 1907 3463 enim
1938 3407 2044 3461 tale
2084 3404 2211 3475 quid
2258 3420 2376 3459 sus-

803 3515 1039 3584 picetur,
1067 3506 1337 3578 subjunxit
1365 3522 1379 3558 :
1414 3502 1590 3557 Omnis
1630 3498 1796 3569 gloria
1822 3497 1945 3566 [ilia
1975 3496 2108 3566 regis
2151 3495 2212 3547 ab
2244 3496 2379 3549 intus

806 3612 876 3673 to.
916 3603 1029 3671 li).
1060 3598 1218 3670 Atqui
1255 3604 1431 3652 vestes
1466 3602 1589 3647 sunt
1627 3590 1865 3647 omnium
1908 3587 2137 3642 maxime
2174 3587 2378 3640 extrin-

805 3708 982 3758 secus,
1003 3699 1059 3747 et
1084 3698 1297 3760 propter
1316 3702 1411 3742 eos
1428 3685 1518 3755 qui
1548 3682 1745 3737 vident.
1767 3678 1872 3735 Sed
1904 3680 2005 3733 hoc
2028 3678 2097 3731 ita
2123 3692 2182 3730 se
2205 3678 2379 3736 habet,

804 3782 1021 3855 quando
1049 3789 1173 3835 sunt
1216 3792 1305 3833 res
1344 3787 1617 3844 corporea:
1647 3788 1660 3824 :
1693 3768 1903 3839 quando
1946 3780 2076 3821 vero
2119 3766 2291 3836 agitur
2316 3764 2383 3820 de

811 3853 972 3931 rebus
1014 3868 1411 3940 spiritualibus,
1457 3870 1708 3919 converte
1756 3860 1898 3940 intro
1944 3856 2137 3911 mentis
2177 3853 2379 3908 oculos.

816 3960 963 4021 lianc
988 3937 1190 4017 vestem
1231 3973 1321 4013 res
1355 3953 1555 4019 texuit,
1584 3962 1743 4020 atque
1774 3937 1915 4003 illam
1948 3961 2041 4016 per
2063 3944 2381 4015 baptismum

805 4055 1004 4113 induit.
1054 4051 1308 4119 Quotquot
1331 4046 1497 4109 enim,
1536 4039 1737 4112 inquit,
1768 4040 1820 4092 iu
1859 4033 2111 4092 Christum
2144 4033 2384 4103 baptisati

796 4149 948 4214 estis,
975 4144 1226 4200 Christum
1248 4138 1483 4193 induistis
1510 4130 1654 4203 (Gal.
1684 4129 1739 4186 ‘5.
1763 4126 1877 4201 27).
1907 4128 2074 4183 Antea
2098 4125 2241 4180 enim
2270 4132 2385 4178 erat

800 4238 973 4303 nuda,
992 4234 1160 4304 turpis
1177 4240 1231 4286 et
1251 4228 1548 4289 inhonesta,
1568 4222 1808 4290 exposita
1832 4216 2077 4272 omnibus
2096 4214 2185 4285 qui
2207 4224 2383 4269 trans-

814 4331 958 4383 ilnnt
983 4340 1078 4396 per
1119 4322 1257 4377 viam
1290 4338 1305 4374 :
1335 4332 1400 4372 cx
1448 4330 1554 4386 quo
1576 4322 1753 4368 autem
1791 4310 1933 4364 illam
1962 4314 2161 4361 vestem
2192 4304 2382 4370 induit,

812 4395 997 4473 «vecta
1026 4423 1109 4469 est
1128 4411 1194 4467 ad
1225 4410 1371 4464 illam
1398 4403 1751 4465 altitudinem,
1775 4408 1831 4454 et
1854 4407 1911 4454 ut
1937 4411 1968 4452 a
1993 4395 2197 4453 dextris
2222 4405 2387 4450 staret

814 4512 970 4583 digna
1002 4507 1100 4562 fuit
1125 4503 1322 4558 habita.
1347 4496 1575 4556 Pulchre
1598 4501 1775 4549 autem
1801 4492 1968 4562 ipsam
1993 4503 2207 4560 quoque
2234 4497 2386 4543 vocat

818 4601 1147 4656 varietatem.
1176 4592 1291 4649 Non
1337 4596 1547 4646 constat
1570 4586 1716 4641 enim
1751 4583 1915 4638 vestis
1954 4596 2021 4637 ex
2048 4594 2155 4635 uno
2182 4587 2384 4634 tantum

812 4704 1033 4764 μίκτο.
1060 4686 1177 4743 Ilion
1212 4691 1383 4755 potest
1409 4679 1607 4752 quippe
1632 4673 1839 4764 servari
1858 4688 1926 4764 cx
1952 4674 2117 4743 gratia
2158 4679 2382 4735 tantum,

819 4758 917 4837 sed
943 4778 1049 4836 llde
1074 4789 1284 4849 quoque
1309 4785 1444 4842 opus
1465 4779 1565 4833 est,
1595 4776 1650 4823 et
1675 4775 1795 4837 post
1820 4763 1976 4819 iidem
2001 4758 2388 4849 virtutemne

825 4879 1001 4925 autem
1030 4882 1137 4923 non
1181 4864 1354 4935 agitur
1372 4861 1447 4915 de
1488 4856 1743 4913 vestibus.
1774 4852 1957 4923 Neque
1980 4851 2122 4907 enim
2159 4848 2389 4919 Spiritus

825 4969 1029 5015 tantum
1060 4958 1115 5011 in
1139 4970 1202 5010 ea
1227 4952 1459 5009 studium
1489 4948 1751 5019 ponebat,
1783 4954 1840 4998 ut
1861 4957 2050 4997 ξυιυς
2071 4950 2249 4996 vestes
2275 4954 2388 4995 ηιιιο

829 5050 976 5107 .ieris
1002 5045 1349 5103 describeret.
1377 5042 1432 5098 Si
1461 5040 1604 5095 enim
1631 5037 1882 5092 mulieres
1907 5049 2026 5103 qua:
2050 5046 2108 5087 se
2130 5040 2390 5087 exornant

824 5136 1170 5211 reprehendit
1210 5134 1367 5188 Isaias
1387 5171 1402 5196 ,
1428 5142 1481 5185 et
1506 5129 1702 5197 ubique
1729 5123 1961 5194 expulsae
1990 5132 2113 5175 sunt
2140 5121 2345 5177 delicia:
2372 5140 2387 5177 :

827 5210 1096 5301 quomodo
1140 5224 1229 5279 hic
1274 5231 1515 5277 ornatam
1572 5216 1848 5272 mulierem
1898 5212 2189 5269 laudaverit
2235 5210 2385 5283 (lsai.

817 5328 871 5383 ὖ.
896 5322 1016 5395 16)τ
1038 5316 1503 5385 ll.Audi,ﬁlia,st
1533 5312 1671 5378 uide,
1699 5321 1745 5365 et
1768 5309 2137 5363 iacliaaaurem
2158 5315 2315 5367 tuoin,
2346 5313 2391 5359 et

828 5393 1114 5473 obliviscere
1143 5412 1384 5483 populum
1412 5419 1583 5469 tuum,
1609 5413 1657 5459 et
1682 5403 1886 5457 domum
1908 5400 2067 5471 patris
2089 5397 2181 5450 tui.
2208 5395 2295 5450 l2.
2328 5393 2391 5449 Et

827 5510 1141 5582 concupiscet
1153 5521 1243 5561 rea:
1260 5503 1490 5559 decorent
1511 5506 1673 5552 tuum.
1692 5495 1840 5551 Alius
1850 5494 1945 5558 ait,
1966 5488 2033 5548 Ut
2051 5489 2391 5559 concupiscat.

834 5579 1083 5662 Munium
1115 5597 1315 5667 ὅρηαι
1356 5589 1589 5644 dominus
1610 5598 1747 5639 tuus.
1779 5583 1947 5647 Alius,
1990 5579 2111 5651 Ipse
2151 5580 2282 5633 enim
2320 5589 2393 5632 est

826 5691 1061 5749 dominus
1103 5699 1237 5742 tuus.
1274 5682 1341 5737 Et
1376 5679 1657 5735 adorabunt
1695 5677 1879 5745 ipsum.
1924 5674 2103 5739 Alius,
2136 5670 2198 5726 Et
2235 5669 2394 5725 adora

885 5782 965 5845 le)
994 5786 1062 5832 In
1074 5776 1244 5841 om,
1268 5770 1473 5826 aurifera
1494 5778 1642 5829 terra,
1666 5765 1899 5829 Jcsepbus
1915 5763 1964 5813 Β.

1537 414 1590 468 5.
1626 408 1899 468 J0.\N.\'.S
1935 406 2405 465 οιιιιγδοετοιιι
2442 405 2756 465 AllClllLP.
2796 410 3323 468 CONSTANTlNllP.

3960 424 4075 478 2οο

2481 526 2647 594 ipsum
2670 529 2707 578 '.
2746 528 2826 581 l5.
2864 527 2928 579 Et
2952 528 3060 597 ﬁlia
3101 528 3226 599 Tyri
3262 531 3312 583 in
3353 533 3653 586 muneribus.
3701 534 3874 599 Alius.
3931 536 4077 591 Filia

2476 625 2641 670 autem
2688 618 2832 687 fortis
2859 622 2993 671 dono
3033 620 3177 687 feret.
3245 619 3445 675 Vultum
3471 635 3611 676 tuum
3657 624 4069 694 deprecabuntur

2478 721 2649 760 omnes
2674 708 2851 761 divites
2876 709 3053 777 plebis.

2550 797 2636 851 ll.
2674 796 2901 851 Ecclesia
2928 808 2976 851 et
3000 800 3109 867 ﬁlia
3138 809 3185 854 et
3204 801 3645 869 sparum—Vides
3671 805 3953 875 quomodo
3984 807 4041 859 ni
4061 837 4074 846 -

2477 886 2550 940 ltil
2566 897 2649 941 est
2664 888 2913 943 sensibile
2931 890 3235 958 iquomodo
3256 891 3385 945 nihil
3401 907 3738 963 corporeum,
3757 897 3852 950 sed
3881 896 4079 949 omnia

2476 978 2803 1047 spiritualia?
2839 977 3117 1046 Quomodo
3147 982 3287 1034 enim
3314 997 3506 1049 sponsa
3529 994 3612 1038 est
3637 986 3880 1054 ejusdem
3915 986 4030 1039 lilia
4056 985 4081 1037 ?

2475 1069 2741 1139 quomodo
2758 1078 2932 1123 autem
2961 1069 3064 1125 lilia
3092 1086 3282 1140 sponsa
3304 1071 3329 1126 ἲ
3352 1071 3408 1126 lu
3435 1076 3593 1130 rebus
3618 1077 3829 1144 quidem
3863 1090 4079 1146 empo-

2476 1162 2584 1217 reis
2613 1161 2727 1216 hmo
2756 1176 2859 1216 non
2889 1161 3068 1216 insunt
3096 1203 3113 1229 ,
3141 1163 3234 1217 sed
3265 1163 3368 1219 hoc
3392 1166 3605 1235 quidem
3625 1165 3764 1221 aliud
3794 1207 3810 1232 ,
3838 1178 3903 1222 et
3935 1168 4075 1223 illud

2477 1254 2656 1309 aliud:
2689 1254 2743 1309 in
2772 1254 2881 1310 Deo
2906 1264 3082 1309 autem
3110 1255 3293 1309 insunt
3332 1266 3569 1327 utraque.
3616 1256 3730 1328 Ipse
3756 1259 3907 1314 enim
3943 1275 4073 1315 eam

2478 1345 2812 1409 regeneravit
2838 1358 2934 1414 per
2962 1344 3285 1414 baptismum
3309 1387 3326 1410 ,
3354 1354 3408 1399 et
3439 1346 3550 1415 ipse
3576 1361 3786 1417 quoque
3811 1363 3940 1402 eam
3963 1349 4071 1403 de—

2476 1435 2709 1504 spondit.
2735 1434 2871 1488 Audi
2900 1475 2917 1499 ,
2948 1436 3077 1503 ﬁlia,
3106 1444 3153 1489 et
3177 1435 3307 1489 vide.
3334 1436 3445 1491 Duo
3468 1436 3519 1492 ei
3548 1438 3813 1506 prmbuit:
3841 1448 3905 1493 et
3936 1437 4071 1491 dor--

2477 1526 2691 1591 trinam,
2716 1539 2836 1594 qua:
2862 1539 2956 1595 per
2980 1524 3136 1580 verba
3168 1524 3422 1590 traditur,
3448 1536 3502 1579 et
3526 1526 3697 1580 visum
3717 1568 3731 1587 .
3761 1528 3853 1596 qui
3884 1536 3945 1581 et
3970 1543 4070 1595 per

2479 1616 2729 1669 miracula
2758 1654 2774 1679 ,
2821 1623 2877 1669 et
2915 1630 3011 1685 per
3054 1615 3211 1670 [idem
3255 1615 3580 1686 suscipitur:
3612 1625 3666 1672 et
3693 1616 3807 1671 lucc
3834 1617 4071 1687 quidem

2476 1704 2642 1771 dedit,
2674 1704 2763 1759 illa
2790 1719 2919 1760 vero
2950 1705 3215 1773 pollicitus
3240 1716 3340 1760 est.
3372 1705 3508 1760 Audi
3544 1720 3672 1777 ergo
3700 1706 3864 1760 verba
3894 1721 4021 1761 mea
4052 1747 4071 1770 ,

2479 1797 2598 1851 vide
2620 1812 2734 1851 mea
2758 1796 3030 1861 miracula,
3061 1806 3114 1851 et
3138 1812 3253 1852 mea
3281 1812 3441 1868 opera
3462 1840 3477 1864 ,
3509 1808 3564 1853 et
3589 1813 3734 1853 nicas
3758 1797 3838 1853 ler
3864 1798 4068 1852 admo-

2481 1888 2729 1943 ultiones.
2778 1885 2912 1959 Vide
2958 1898 3135 1943 autem
3177 1887 3332 1957 quale
3372 1887 3463 1943 det
3514 1888 3661 1959 prius
3706 1898 4068 1957 pmeptum.

2485 1979 2787 2035 Obliviscere
2815 1981 3057 2051 populum
3083 1989 3224 2034 tuum
3252 2019 3267 2042 ,
3308 1990 3358 2034 et
3383 1980 3587 2032 domum
3613 1980 3772 2050 patris
3798 1979 3895 2033 tui.
3929 1978 4071 2046 Quia

2480 2072 2622 2126 enim
2643 2085 2761 2125 e.'tm
2782 2070 3064 2139 despondit
3086 2085 3148 2124 e1
3175 2070 3423 2141 gentibus
3450 2110 3465 2134 ,
3497 2068 3600 2124 hoc
3623 2070 3670 2124 ei
3699 2069 3844 2138 prius
3874 2070 4070 2139 pra'tzi-

2483 2165 2580 2235 pit,
2609 2173 2666 2218 ut
2712 2162 2855 2217 illam
2884 2160 3325 2216 consuetudinem
3356 2176 3421 2215 ex
3447 2160 3627 2215 animo
3655 2158 3852 2226 deleat,
3885 2177 3920 2215 e
3949 2175 4069 2212 me-

2483 2255 2649 2310 moria
2668 2255 2887 2321 eximat,
2915 2268 2944 2305 a
2969 2259 3149 2306 mente
3173 2251 3367 2320 ejiciat,
3394 2265 3499 2305 non
3516 2251 3685 2304 solum
3702 2266 3761 2304 ea
3784 2248 4068 2319 fugiendo,

2483 2344 2577 2400 sed
2601 2360 2667 2399 ne
2695 2358 2881 2399 eorum
2920 2343 3135 2413 quidem
3163 2340 3499 2398 recordando
3554 2341 3620 2394 Et
3644 2341 3943 2395 obliviscere
3973 2356 4070 2409 po-

2485 2436 2660 2505 pulum
2679 2446 2838 2500 tuurn,
2865 2445 2912 2490 et
2938 2435 3141 2488 domum
3162 2433 3318 2503 patris
3340 2433 3433 2486 tui.
3464 2431 3685 2498 Quando
3710 2442 3891 2486 autem
3930 2432 4068 2486 dicit

2484 2538 2536 2583 et
2572 2527 2823 2597 populum
2853 2533 2909 2581 et
2935 2523 3150 2579 domum
3178 2566 3193 2590 ,
3238 2523 3483 2593 intelligit
3510 2524 3686 2577 omnia
3708 2538 3827 2592 qua:
3860 2522 3976 2577 illic
4000 2523 4069 2577 ab

2483 2617 2561 2672 eis
2590 2616 2739 2683 liunt,
2764 2625 2820 2670 et
2840 2614 2979 2685 quod
3005 2614 3070 2668 ad
3101 2616 3260 2669 vitam
3286 2654 3301 2679 ,
3331 2623 3385 2667 et
3402 2612 3541 2683 quod
3570 2614 3636 2667 ad
3661 2612 3915 2682 dogmata
3947 2627 4071 2682 per-

2485 2707 2640 2761 tinet.
2689 2704 2755 2759 Et
2794 2704 3113 2773 concupiscet
3161 2719 3252 2756 rea:
3300 2703 3527 2756 decorem
3557 2711 3719 2754 ruunt.
3748 2699 3917 2757 Vides
3944 2717 4071 2757 eum

2485 2813 2592 2851 non
2623 2796 2764 2866 loqui
2788 2795 2857 2851 de
2879 2793 3274 2865 pulchritudine
3297 2794 3534 2864 corporis
3557 2810 3571 2846 :
3603 2793 3647 2849 si
3672 2793 3813 2849 enim
3838 2794 3966 2849 luce
3993 2794 4071 2849 le-

2484 2890 2644 2953 ccris,
2676 2898 2824 2953 tunc,
2857 2887 3042 2957 inquit,
3066 2886 3173 2942 eris
3195 2885 3432 2955 pulchra,
3455 2895 3579 2940 tunc
3599 2901 3691 2940 rex
3722 2887 4069 2958 concupiscet

2483 2984 2731 3038 decorem
2804 2990 2971 3035 tuum.
3024 2978 3151 3034 litec
3208 2978 3351 3034 enim
3406 2993 3512 3032 non
3554 2979 3677 3032 facit
3724 2977 4073 3049 pulchritudo

2484 3088 2761 3144 corporea.
2811 3071 2968 3143 Atqui
3020 3071 3158 3126 inter
3191 3069 3431 3124 inlldeles
3474 3070 3713 3124 videmus
3747 3083 4069 3140 corpoream

2483 3162 2926 3235 pulchritudinem
2963 3202 2980 3227 ,
3025 3169 3081 3217 et
3138 3176 3204 3216 ex
3266 3160 3552 3230 gentilibus
3612 3160 3875 3214 formosas
3948 3174 4068 3213 mu-

2484 3260 2664 3315 lieres.
2688 3256 2795 3313 Sed
2837 3264 2897 3310 ut
2935 3255 3075 3310 scias
3101 3269 3222 3309 eum
3250 3268 3355 3308 non
3398 3252 3539 3321 loqui
3567 3251 3635 3306 de
3666 3251 4070 3321 pulchritudine

2482 3348 2744 3420 corporis.
2772 3361 2888 3402 eam
2918 3343 3049 3400 dicit
3074 3343 3322 3399 constitui
3347 3358 3414 3398 ex
3438 3342 3552 3412 ejus
3578 3340 3883 3396 obedientia
3904 3358 3922 3409 ;
3940 3341 4067 3396 obe-

2483 3438 2679 3495 dientia
2704 3447 2881 3491 autem
2904 3450 3009 3489 non
3034 3434 3302 3489 constituit
3328 3431 3773 3503 pulchritudinem
3794 3432 4065 3501 corporis,

2484 3531 2576 3586 sed
2601 3529 2812 3584 animae.
2843 3526 2900 3582 Si
2928 3526 3070 3580 enim
3099 3525 3212 3579 inec
3231 3564 3246 3588 ,
3279 3523 3450 3594 inquit
3481 3565 3497 3590 ,
3529 3521 3719 3577 feceris
3753 3562 3768 3588 ,
3800 3533 3931 3577 tunc
3961 3522 4069 3577 eris

2488 3610 2706 3692 pulchra
2734 3662 2749 3687 ,
2775 3629 2902 3675 tunc
2925 3619 3035 3692 eris
3057 3630 3256 3685 sponso
3280 3613 3545 3669 amabilis.
3579 3613 3832 3683 Quoniam
3864 3616 3979 3685 ipse
3997 3620 4068 3664 est

2486 3713 2733 3767 Dominus
2752 3723 2881 3765 tuus.
2907 3709 3043 3764 Ecce
3071 3715 3239 3776 pater,
3272 3716 3327 3761 et
3346 3720 3593 3775 sponsus,
3623 3715 3677 3761 et
3699 3706 3954 3761 dominus
3977 3719 4065 3773 ap-

2488 3805 2681 3875 paruit.
2704 3800 2965 3869 Quoniam
2991 3798 3132 3853 enim
3154 3796 3314 3867 jussit
3349 3810 3381 3851 a
3427 3796 3735 3866 parentibus
3761 3795 4019 3851 recedere
4046 3832 4063 3856 .

2486 3892 2665 3965 populi
2706 3888 2945 3947 oblixisci
2964 3930 2980 3954 ,
3007 3886 3446 3944 consuetudinem
3476 3886 3749 3957 expellere
3771 3928 3787 3953 ,
3826 3886 4066 3942 ostendit

2487 3985 2767 4041 maximam
2798 3990 2852 4037 ct
2873 3980 3223 4051 justissimam
3248 3993 3369 4034 esse
3392 3993 3629 4045 causam,
3660 3994 3758 4035 cur
3783 3993 3844 4034 ea
3874 3978 4065 4050 ιιι-πρὶς

2486 4084 2654 4148 pcret,
2682 4086 3031 4144 magnamque
3050 4086 3169 4127 esse
3188 4070 3407 4125 rationis
3422 4070 3883 4140 consalutandum,
3908 4069 4065 4138 idque

2485 4168 2681 4223 debere
2714 4164 2851 4220 ﬁeri.
2878 4162 2936 4219 Si
2964 4162 3106 4217 enim
3132 4162 3272 4217 idem
3303 4169 3453 4230 pater
3483 4170 3620 4225 tuus,
3659 4160 3798 4215 idem
3812 4172 4062 4230 sponsio,

2487 4271 2541 4316 et
2566 4257 2706 4313 idem
2732 4254 3014 4309 dominus:
3045 4267 3255 4323 aequum
3277 4261 3359 4307 est
3382 4260 3440 4307 ut
3474 4252 3543 4305 ab
3580 4252 3682 4309 illis
3722 4253 3977 4307 omnibus
4014 4263 4063 4305 te

2488 4358 2757 4431 scjungas,
2806 4367 2859 4413 et
2885 4358 3108 4428 teipsam
3153 4354 3228 4409 illi
3270 4351 3504 4408 addicas.
3542 4350 3659 4408 Non
3685 4350 3816 4406 dixit
3839 4362 4023 4406 autem
4049 4388 4062 4407 .

2488 4449 2747 4517 Quoniam
2775 4449 2887 4517 ipse
2912 4455 2994 4501 est
3020 4454 3170 4516 pater
3195 4453 3318 4499 tuus
3349 4483 3366 4510 ,
3397 4441 3494 4498 sed
3524 4483 3540 4509 ,
3579 4441 3832 4509 Quoniam
3856 4441 3971 4511 ipse
3991 4446 4062 4493 est

2488 4541 2761 4594 dominus'
2788 4548 2905 4592 tuus
2933 4577 2950 4603 ,
2976 4549 3035 4591 ut
3055 4550 3119 4592 ea
3150 4533 3483 4603 potissimum
3522 4531 3729 4586 ratione
3758 4529 3910 4585 illam
3942 4538 4061 4582 tan-

2488 4630 2881 4702 gat:quoniam
2905 4628 2996 4699 qui
3037 4634 3123 4683 est
3162 4625 3410 4679 dominus
3463 4632 3515 4678 et
3550 4623 3803 4692 magister
3819 4629 3876 4676 et
3919 4628 4062 4691 pater

2492 4732 2632 4787 tuus,
2653 4719 2820 4775 voluit
2834 4733 3045 4789 quoque
3058 4730 3287 4786 sponsus
3300 4711 3415 4769 lleri
3432 4730 3448 4767 :
3470 4713 3576 4767 imo
3595 4725 3720 4767 vero
3735 4708 3865 4767 illud
3895 4713 4064 4782 ipsum

2490 4828 2699 4885 quoque
2722 4810 2921 4867 factum
2950 4822 3071 4865 esse
3107 4806 3403 4873 dominum,
3428 4818 3649 4860 summa:
3673 4812 3729 4860 et
3746 4800 4061 4863 sollicitudie

2491 4904 2577 4959 nis
2607 4911 2663 4959 et
2699 4899 3037 4957 clementia:
3065 4905 3124 4951 ut
3150 4910 3268 4965 qua:
3296 4903 3415 4952 erat
3458 4908 3611 4950 serva
3640 4893 3948 4949 daemonum
3971 4933 3988 4959 ,
4011 4886 4065 4945 et

2493 4990 2907 5050 conculcabatur
2931 4988 2999 5043 ab
3024 5001 3210 5043 errore
3227 5029 3245 5053 ,
3271 5000 3391 5042 eam
3418 5000 3571 5041 suam
3597 4990 3719 5041 esse
3737 4983 3922 5039 vellet.
3951 4980 4059 5038 Non

2493 5088 2662 5141 solum
2684 5090 2865 5138 autem
2886 5078 3132 5135 ancillam
3159 5118 3177 5145 ,
3223 5076 3321 5134 sed
3344 5076 3506 5132 tiliam
3549 5074 3672 5132 fecit
3697 5083 3753 5130 et
3789 5086 4058 5145 sponsam.

2497 5179 2799 5231 (lblirt'scere
2834 5171 3077 5244 populum
3106 5178 3248 5223 tuum
3277 5209 3294 5235 ,
3333 5176 3381 5223 et
3405 5167 3609 5223 domum
3644 5165 3804 5237 panis
3828 5165 3920 5219 tui.
3949 5160 4057 5218 Non

2494 5270 2637 5325 enim
2664 5266 2815 5323 venis
2834 5263 2899 5318 ad
2922 5262 3152 5317 alienum
3176 5259 3478 5331 quempiam
3503 5300 3519 5325 ,
3545 5257 3639 5315 sed
3663 5256 3729 5311 ad
3755 5271 3875 5313 eum
3897 5255 3983 5326 qui
4015 5264 4060 5307 te

2494 5357 2619 5413 fecit
2642 5398 2658 5424 ,
2686 5363 2848 5411 etest
2875 5351 3123 5409 omnibus
3148 5349 3255 5406 illis
3280 5348 3376 5405 tibi
3405 5347 3753 5419 propinquior
3783 5386 3798 5411 ,
3828 5361 3894 5401 ac
3921 5346 3986 5401 de
4014 5354 4057 5395 te

2495 5460 2578 5505 est
2601 5446 2861 5503 sollicitus
2881 5484 2899 5510 ,
2929 5443 3111 5512 tuique
3135 5455 3317 5496 curam
3361 5440 3518 5510 gerit.
3551 5436 3669 5509 Ipse
3695 5436 3836 5493 enim
3864 5446 3943 5493 est
3970 5433 4056 5489 do-

2498 5542 2672 5596 minus
2695 5546 2819 5593 tuus
2839 5545 2895 5591 et
2920 5544 3091 5607 pater,
3112 5542 3167 5589 et
3194 5533 3308 5603 ipse
3333 5530 3511 5586 omnia
3542 5530 3635 5583 tibi
3660 5527 3823 5584 dedit.
3853 5524 3922 5581 Et
3944 5525 4051 5578 odo-

2561 5632 2577 5664 ι
2612 5636 2757 5688 Unus,
2781 5632 2838 5688 ει
2856 5623 3084 5688 adorabis
3103 5622 3281 5688 ipsum.

2500 5679 3192 5804 “gniﬁcat.
3216 5682 3363 5746 addit,
3384 5686 3431 5734 et
3461 5679 3686 5746 utagistcr
3705 5687 3754 5733 ει
3781 5687 3937 5745 pater.
3958 5686 4055 5741 ut
