4070 6430
736 375 842 431 205

734 499 874 544 rant.
898 486 963 544 Et
980 499 1164 556 regum
1188 483 1400 555 quidem
1439 482 1583 554 leges
1610 491 1739 537 ratte
1776 488 1900 536 sunt
1926 489 1981 535 et
2006 477 2194 535 valida
2220 479 2301 533 in-

734 590 814 632 tra
844 590 1029 632 eorum
1059 574 1210 639 fines,
1227 574 1373 645 iussa
1397 582 1575 627 autem
1619 572 1939 641 piscatorum
1968 583 2063 639 per
2085 569 2305 625 univcr-

735 681 853 721 sum
874 666 1059 722 orbem
1102 666 1257 719 terra:
1280 673 1498 719 extensa
1540 660 1686 716 sunt.
1714 660 2009 729 Imperator
2037 659 2305 714 Romano-

733 773 849 812 rum
873 756 1049 812 Persis
1069 770 1173 810 non
1206 762 1382 825 posset
1412 752 1550 806 ferre
1571 750 1717 821 leges
1739 789 1755 815 ,
1786 764 1885 805 nec
1908 750 2189 804 Persarum
2213 764 2306 802 rex

732 843 1090 917 posset~ferre
1131 844 1278 915 leges
1329 842 1618 898 Romanis:
1646 840 1701 895 hi
1743 849 1921 895 autem
1947 839 2210 894 Palaestini
2251 849 2307 894 et

731 938 933 1004 Persis,
954 947 1015 999 et.
1042 936 1315 1001 Romanis,
1346 945 1402 991 et
1428 933 1721 989 Thracibus
1747 941 1804 988 et
1838 930 2093 1003 Scythis,
2120 940 2173 987 et
2218 932 2304 986 ln-

731 1030 846 1094 dis,
871 1037 926 1083 et
968 1026 1186 1092 Mauris,
1212 1034 1270 1081 et
1318 1025 1568 1079 universo
1608 1022 1841 1093 denique
1876 1022 1993 1078 orbi
2044 1031 2311 1077 terrarum-

728 1120 875 1191 leges
895 1118 1157 1175 dederunt
1183 1135 1197 1167 :
1224 1132 1323 1174 nec
1359 1116 1531 1173 solum
1555 1115 1680 1171 dum
1708 1115 1744 1171 ii
1771 1115 2032 1180 viverent,
2059 1102 2234 1168 tit-mai
2251 1125 2306 1168 et

729 1221 861 1267 rata
904 1210 1159 1276 fuerunt,
1210 1207 1304 1266 sed
1362 1208 1446 1264 his
1486 1208 1647 1264 etiam
1708 1208 1931 1262 mortuis
1977 1208 2305 1263 contirmata:

729 1310 896 1357 sunt:
925 1309 980 1358 et
1005 1301 1095 1372 qui
1122 1314 1216 1356 cas
1258 1300 1404 1372 leges
1444 1308 1787 1368 acceperunt,
1818 1298 2041 1356 mallent
2073 1297 2303 1353 animam

736 1391 933 1447 millies
954 1389 1298 1463 profundere,
1329 1404 1488 1461 quam
1508 1390 1577 1445 ab
1597 1388 1699 1444 illis
1722 1388 2045 1444 desciscere.
2075 1388 2163 1444 18.
2190 1386 2303 1441 le-

730 1498 842 1538 Ior
866 1496 951 1537 ero
970 1480 1187 1537 uotiuis
1212 1479 1288 1533 tui
1313 1482 1367 1535 iu
1392 1480 1533 1533 omni
1553 1480 1873 1551 generatione
1896 1486 1941 1532 α
1965 1478 2300 1550 generatione.

736 1572 1009 1642 Propterea
1044 1571 1221 1644 populi
1245 1570 1617 1642 conﬁtebuntur
1655 1572 1744 1625 tibi
1779 1571 1832 1625 iu
1869 1579 2139 1635 clerum,
2166 1578 2212 1624 et
2249 1569 2304 1623 in

727 1666 970 1721 saeuiunt
990 1664 1184 1721 stt-culi.
1214 1663 1387 1728 Alius,
1416 1662 1679 1718 Reooeabo
1708 1662 1763 1717 in
1792 1661 2088 1717 matorium
2121 1676 2303 1716 nomen

730 1769 873 1812 luunt
899 1757 954 1811 in
992 1770 1286 1827 unum“
1310 1752 1643 1825 generatione.
1666 1750 1944 1821 Propterea
1978 1750 2158 1822 populi
2187 1747 2302 1804 lau-

726 1852 917 1905 dabunt
942 1858 993 1901 te
1016 1854 1257 1918 perpetuo
1276 1843 1377 1918 (a).
1403 1844 1574 1909 Alius,
1601 1843 1818 1911 Propter
1841 1842 1935 1897 ltoe
1967 1842 2147 1913 populi
2176 1856 2303 1895 cott-

726 1940 997 2010 ﬁtebuntur
1018 1935 1125 1991 tibi.
1151 1935 1292 1991 Dixit
1318 1932 1733 2003 magnitudinem
1764 1922 2109 2002 principatus,
2128 1944 2159 1984 a
2185 1929 2304 1985 lon-

726 2031 966 2106 gitudine
997 2039 1177 2096 terra,
1203 2043 1236 2084 a
1262 2027 1543 2083 latitudine
1569 2025 1716 2081 orbis
1742 2034 2037 2087 terrarum,
2067 2037 2098 2078 a
2119 2022 2302 2078 multi-

725 2123 913 2181 tudine
954 2122 1190 2194 gentium
1268 2133 1389 2191 qua
1440 2116 1697 2188 subjecta
1754 2122 1898 2173 sunt.
1945 2113 2085 2171 Dicit
2138 2113 2299 2170 etiam

723 2211 938 2270 aliunde
966 2212 1082 2284 ejus
1108 2206 1501 2277 auctoritatem,
1527 2207 1669 2281 quod
1698 2222 1804 2264 non
1832 2206 2006 2263 solum
2047 2204 2303 2263 extende-

725 2314 814 2360 tur
838 2318 935 2374 per
969 2287 1274 2359 universum
1303 2301 1487 2357 orbem
1530 2310 1831 2366 terrarum,
1858 2297 1953 2355 sed
1996 2296 2161 2353 etiam
2202 2310 2301 2367 per

722 2393 1030 2450 universum
1076 2406 1270 2448 avum.
1316 2388 1635 2446 Immortalis
1676 2388 1839 2455 enim,
1869 2387 2059 2458 inquit,
2084 2386 2185 2442 erit
2227 2387 2302 2441 tui

723 2484 1009 2552 memoria,
1034 2481 1301 2553 descripta
1325 2479 1380 2536 in
1408 2480 1560 2536 libris
1586 2480 1805 2543 nostris,
1825 2476 2093 2548 descripta
2121 2478 2176 2533 in
2212 2490 2306 2532 re-

720 2576 824 2632 bus
864 2573 1112 2645 publicis,
1142 2572 1408 2642 descripta
1459 2572 1512 2626 in
1547 2568 1851 2642 preceptis.
1872 2566 2006 2623 Vide
2031 2566 2303 2639 quomodo

719 2681 835 2722 sua:
856 2678 1067 2737 quoque
1095 2662 1388 2735 prophetia:
1420 2659 1660 2731 pmdicit
1702 2658 2127 2730 perpetuitatem.
2166 2655 2300 2711 Cum

720 2756 865 2813 enim
890 2754 1041 2817 dixit,
1074 2752 1270 2808 lentor
1295 2767 1379 2806 ero
1398 2750 1612 2806 uomitus
1648 2749 1723 2803 tui
1745 2749 1800 2804 in
1837 2747 2303 2820 ontuigeueratioue

720 2855 768 2901 et
794 2845 1133 2918 generatione,
1161 2842 1263 2898 hoc
1283 2839 1618 2912 signiﬁcavit.
1646 2837 1761 2895 Etsi
1781 2852 1930 2911 ergo,
1948 2838 2139 2910 inquit.
2158 2852 2304 2893 mur-

722 2951 845 2996 tttus
886 2934 1069 3001 fuero,
1098 2944 1151 2990 te
1196 2941 1373 2989 tamen
1415 2930 1641 2987 cantabo
1667 2930 1751 2985 vel
1805 2929 2061 2985 moriens.
2090 2927 2303 2998 Corpus

719 3030 863 3087 enim
887 3026 1208 3083 dissolvetur
1234 3043 1249 3079 :
1276 3025 1446 3081 literis
1480 3032 1660 3079 autem
1693 3030 1945 3088 manent,
1975 3029 2031 3076 et
2067 3021 2151 3076 lex
2182 3034 2301 3091 per-

723 3131 907 3191 petua.
934 3101 1217 3188 Propterea
1236 3116 1415 3187 populi
1433 3115 1804 3183 conﬁtebuntur
1820 3111 2091 3171 tibiJJude
2113 3127 2298 3184 cmpe-

723 3222 838 3279 rat,
862 3210 990 3267 illuc
1013 3209 1230 3275 desinit,
1244 3221 1435 3279 nempe
1454 3208 1506 3263 in
1525 3206 1820 3262 Christum.
1839 3202 2142 3276 Propterea.
2164 3203 2299 3260 Pro-

722 3314 844 3375 pter
871 3315 1113 3373 qumnam
1134 3301 1158 3355 ἲ
1180 3298 1332 3369 Quod
1358 3308 1437 3354 tot
1461 3308 1516 3353 et
1539 3306 1683 3354 tanta
1709 3304 1857 3353 recte
1880 3296 2134 3367 gesseris,
2156 3294 2297 3366 quod

721 3396 855 3450 tales
897 3392 1167 3464 principes
1190 3389 1532 3447 constitueris
1554 3430 1572 3447 .
1598 3387 1744 3461 quod
1783 3387 1972 3444 vitium
2012 3387 2293 3458 exegeris,

720 3484 864 3555 quod
914 3483 1163 3539 virtutem
1209 3480 1560 3553 plantaveris,
1591 3478 1734 3549 quod
1788 3487 2025 3536 nostram
2048 3489 2293 3533 naturam

719 3573 1089 3645 desponderis,
1118 3571 1259 3643 quod
1281 3572 1397 3627 lucc
1423 3570 1561 3626 bona
1588 3568 1873 3626 inelfabilia
1905 3568 2097 3625 feceris
2125 3585 2139 3623 :
2173 3569 2296 3624 uni-

728 3682 918 3722 versus
959 3664 1104 3721 orbis
1134 3673 1290 3719 teme
1318 3662 1411 3717 tibi
1439 3661 1652 3717 laudem
1677 3658 1889 3723 ederet,
1920 3675 2027 3715 non
2072 3659 2124 3713 in
2153 3658 2299 3714 brevi

722 3769 964 3823 tempore
982 3794 1000 3821 ,
1032 3768 1131 3810 nec
1152 3754 1207 3808 in
1236 3753 1441 3814 decem,
1475 3760 1531 3806 et
1559 3749 1776 3822 viginti,
1807 3757 1863 3805 et
1885 3758 2096 3806 centum
2122 3749 2296 3816 annis,

719 3863 820 3903 nec
842 3846 894 3902 in
923 3854 1072 3917 parte
1093 3844 1237 3901 orbis
1268 3852 1529 3898 terrarum
1548 3882 1565 3909 ,
1594 3841 1687 3896 sed
1713 3850 1854 3897 terra
1877 3841 1933 3896 et
1958 3856 2106 3896 mare
2123 3883 2140 3906 ,
2168 3856 2289 3912 quae

718 3946 803 3993 est
848 3934 1147 3991 habitabilis
1197 3933 1376 4004 regio,
1429 3941 1484 3987 et
1534 3946 1653 4002 quae
1696 3945 1810 3986 non
1834 3931 2166 3997 habitabilis,
2200 3946 2299 4001 per

724 4041 886 4083 omne
907 4040 1080 4082 aevum
1102 4032 1296 4079 canent
1314 4064 1329 4089 ,
1356 4022 1553 4093 gratias
1577 4030 1796 4092 agentes
1822 4036 1918 4090 pro
1936 4022 2091 4079 bonis
2118 4038 2238 4094 qua:
2265 4038 2298 4077 a

732 4130 786 4175 te
812 4125 1150 4187 acceperunt.
1175 4116 1279 4171 Pro
1310 4115 1394 4169 his
1436 4122 1609 4169 autem
1658 4113 1905 4169 omnibus
1948 4128 2048 4171 nos
2087 4130 2299 4185 quoque

728 4209 927 4279 gratias
973 4220 1192 4277 agamus
1236 4204 1465 4275 benigno
1516 4212 1573 4258 et
1619 4202 1869 4259 clementi
1911 4202 2170 4260 Christo:
2202 4220 2301 4275 per

721 4315 880 4373 qustu
895 4340 911 4364 ,
930 4309 1130 4355 etcum
1153 4312 1260 4367 quo
1281 4295 1421 4350 Patri
1444 4295 1610 4365 gloria
1635 4295 1791 4350 simul
1815 4310 1936 4351 cum
1966 4306 2152 4353 sancto
2176 4296 2300 4367 Spi-

722 4393 1003 4456 ritu,nunc
1025 4398 1081 4444 et
1106 4400 1341 4458 semper,
1353 4394 1409 4441 et
1437 4386 1490 4439 in
1516 4386 1709 4441 szecuia
1734 4386 2079 4443 saeculorum.
2104 4388 2295 4443 Amen.

1174 4496 1240 4553 IN
1276 4494 1594 4553 PSALMUM
1637 4494 1793 4550 XLV.

723 4612 776 4668 ί.
817 4610 884 4665 In
908 4610 1061 4679 ﬁnem
1088 4624 1179 4679 pro
1198 4607 1318 4678 ﬁliis
1337 4605 1465 4661 Core
1482 4647 1497 4668 ,
1525 4620 1617 4676 pro
1663 4607 1883 4664 areanis.
1907 4607 2091 4675 Alius,
2131 4607 2298 4663 Victo-

796 4704 939 4759 torite
962 4700 1156 4755 auctori
1184 4698 1407 4770 filiorum
1433 4696 1579 4753 Core.
1604 4698 1753 4754 Alius
1772 4740 1787 4765 ,
1813 4698 1922 4755 Pro
1950 4700 2299 4757 adolescentit's

794 4794 1045 4849 canticum
1073 4788 1171 4863 (ὁ).

723 4908 778 4963 2.
821 4905 959 4962 Deus
1001 4912 1168 4959 noster
1205 4902 1456 4975 refugium
1486 4911 1534 4956 et
1576 4902 1757 4966 virtus,
1777 4902 1982 4974 adjutor
2011 4904 2064 4958 in
2091 4904 2300 4959 tribula-

793 4997 1154 5066 tionibus,un
1176 4996 1467 5049 inuenerunt
1485 5008 1576 5046 nos
1600 4992 1766 5047 nimis.
1794 4992 1962 5060 Alius,
1979 4992 2047 5048 In
2061 4996 2301 5065 afﬂictio-

796 5087 941 5141 nibus
983 5086 1232 5139 inuentus.
1273 5082 1329 5139 3.
1364 5081 1640 5153 Propterea
1689 5096 1790 5135 non
1837 5083 2115 5139 timebimus
2179 5086 2300 5143 dum

796 5178 1077 5235 turbabitur
1094 5186 1249 5242 terra,
1268 5185 1317 5231 et
1330 5179 1697 5245 transferentur
1717 5184 1906 5230 montes
1935 5178 1987 5231 in
2013 5192 2101 5233 cor
2122 5179 2300 5236 maris.

799 5293 855 5349 l.
890 5289 1059 5349 Solita
1081 5289 1248 5346 utitur
1274 5284 1609 5361 philosophia
1639 5285 1897 5357 propheta
1926 5302 1957 5341 a
1984 5286 2147 5343 rebus
2178 5288 2299 5359 qui-

789 5389 863 5454 (a)
1214 5394 1317 5463 _est
1335 5388 1530 5456 Aquila
1554 5397 1610 5441 et
1634 5391 1931 5463 Symmachi,
1968 5401 2025 5463 ut
2048 5394 2230 5463 videas!
2247 5391 2297 5443 in

727 5450 1289 5530 ﬁliiﬁlii-im
1305 5450 1926 5530 .£"P:9-.P‘E§!9!§‘_°9."
1971 5456 2047 5530 .“c
2089 5456 2302 5530 θεῖθηιιν

729 5509 933 5571 ίΜὼὼ,
950 5509 1217 5563 Ιαωιση
1235 5520 1281 5564 te
1302 5510 1356 5564 iu
1382 5509 1565 5566 seculi
1593 5518 1827 5579 perpetuo
1851 5514 2136 5579 (ὓμνὴσθυσί
2156 5532 2214 5566 σι
2234 5517 2301 5574 εἰς

729 5573 882 5623 siin
902 5573 1172 5637 διηνεκῶς)ο
1458 5618 1472 5637 .
1561 5618 1575 5637 .

815 5610 1185 5719 ἓῑ
1213 5649 1296 5719 βαι
1694 5659 1844 5719 Mr
1884 5644 2102 5719 41mm
2125 5650 2297 5719 aqua!

900 5705 1083 5754 tantes
1272 5713 1448 5770 putant
1484 5707 1569 5757 vel
1613 5705 1995 5760 instrumentum
2036 5705 2295 5769 musicum,

732 5766 811 5814 vel
838 5777 1001 5827 genus
1025 5765 1307 5818 cantilena}.

1470 368 1529 426 3.
1568 366 1846 426 JOANNIS
1882 364 2353 422 CllRYSOS’I'Oﬂl
2390 365 2710 422 ARClllEP.
2749 365 3281 423 CONSTANTINOP.
3913 367 4011 439 soy

2414 479 2537 535 dem
2575 479 2640 533 ad
2674 478 2813 534 hanc
2852 480 3013 534 vitam
3047 480 3434 550 pertinentibus
3472 494 3571 535 nos
3613 480 3934 545 abducens,
3975 500 4012 538 ll

2412 585 2561 640 spem
2609 579 2784 625 autem
2822 585 3107 640 supernam
3137 570 3431 625 auditorem
3458 570 3689 641 erigens.
3707 569 3791 625 Ne
3831 570 3982 625 mihi

2414 660 2602 727 inquit,
2631 659 2828 723 dixeris
2880 674 3052 727 arma,
3078 675 3291 725 muros,
3323 668 3377 715 et
3403 658 3594 727 fossas,
3623 674 3724 715 nec
3748 662 4012 732 pecunia

2410 750 2639 817 cupiam,
2666 764 2765 804 nec
2808 750 2884 805 rei
2933 750 3180 805 militaris
3234 749 3540 818 scientiam,
3595 764 3696 805 nec
3733 766 4012 822 equonut

2412 840 2827 907 multitudinem,
2856 854 2956 896 nec
2982 855 3160 907 arcus,
3190 843 3407 913 sagittas
3432 852 3490 897 et
3516 842 3732 909 loricas,
3764 857 3881 897 non
3918 858 4012 896 so.

2410 928 2615 983 ciorum
2662 930 2839 995 vires,
2885 943 2991 984 non
3042 929 3268 985 militum
3317 930 3640 1001 phalanges,
3667 946 3777 985 non
3832 932 4012 986 robul

2407 1018 2669 1087 corporis,
2708 1027 2767 1074 et
2808 1019 3042 1074 hostium
3083 1018 3488 1089 experientiam.
3520 1018 3657 1075 Sunt
3689 1020 3840 1075 enim
3893 1021 4012 1077 bat

2409 1111 2588 1163 omnia
2611 1124 2821 1164 araneae
2841 1109 2944 1164 tela
2970 1118 3025 1166 et
3050 1111 3237 1165 umbra
3267 1109 3629 1167 imbecilliora.
3650 1112 3756 1167 Sed
3793 1114 3840 1167 si
3874 1117 4012 1169 velit

2411 1197 2591 1253 videre
2616 1197 2797 1267 copias
2820 1198 3252 1269 inexpugnabiles
3272 1240 3288 1264 ,
3319 1199 3578 1271 refugium
3609 1203 4012 1271 insuperabile,

2410 1286 2715 1357 praesidium
2745 1287 2888 1358 quod
2935 1302 3043 1343 non
3081 1287 3261 1359 diripi,
3291 1299 3494 1344 turrem
3540 1307 3658 1361 quae
3688 1290 4011 1349 labefactari

2409 1390 2517 1431 non
2565 1384 2761 1447 potest,
2800 1376 2869 1433 ad
2922 1377 3085 1433 Deum
3127 1377 3389 1449 confuge,
3424 1379 3565 1436 vires
3602 1379 3722 1435 illas
3761 1385 4012 1437 attrahe.

2408 1466 2576 1522 Recte
2602 1478 2781 1523 autem
2806 1467 2941 1523 dixit
2966 1509 2982 1535 ,
3012 1466 3147 1522 Deus
3173 1469 3425 1540 refugium
3460 1480 3683 1526 nostrum
3707 1480 3757 1527 et
3786 1473 3962 1527 uirtus
4002 1466 4012 1532 Δ

2406 1559 2695 1615 ostendens
2720 1574 2819 1614 nos
2840 1559 3123 1630 aliquando
3151 1558 3416 1631 fugientes
3442 1562 3673 1628 vincere,
3704 1563 4012 1633 aliquatth

2406 1659 2610 1705 stantes
2636 1659 2691 1705 et
2715 1662 3027 1721 pugnantes.
3054 1650 3348 1722 Utrumque
3376 1655 3521 1708 enim
3549 1662 3765 1723 oportet
3791 1652 4012 1722 facere,

2406 1748 2461 1795 et
2499 1748 2685 1797 contra
2714 1740 2953 1807 tendere,
2978 1749 3035 1795 et
3075 1741 3369 1800 declinare.
3412 1742 3527 1797 Hoc
3563 1744 3724 1798 etiam
3767 1741 4012 1803 faciebat

2407 1830 2604 1887 Paulus
2626 1871 2643 1896 ,
2675 1831 2960 1902 aliquando
2987 1832 3201 1903 quidem
3227 1833 3427 1888 cedens
3445 1874 3461 1900 ,
3489 1833 3779 1903 aliquando
3809 1845 4012 1892 autem

2407 1923 2671 1980 insultans
2717 1924 2783 1979 iis
2806 1924 2897 1995 qui
2939 1924 3358 1981 adversabantur
3383 1926 3547 1982 verbo
3582 1926 3847 1984 veritatis.
3878 1927 4012 1983 Hoc

2404 2028 2617 2085 quoque
2636 2013 2882 2071 Christus
2910 2013 3140 2070 faciebat
3168 2024 3225 2069 ut
3243 2031 3342 2071 nos
3367 2015 3622 2073 doceret:
3647 2017 3750 2073 hoc
3778 2032 4012 2089 quoque

2404 2118 2505 2159 nos
2530 2112 2745 2175 oportet
2770 2102 2949 2161 facere
2965 2146 2981 2169 ,
3008 2114 3065 2161 et
3090 2114 3240 2162 recte
3265 2119 3593 2177 cognoscere
3618 2109 4012 2178 opportunita-

2408 2204 2513 2251 tem
2565 2195 2860 2267 temporis,
2890 2206 2947 2253 et
2990 2212 3149 2254 orare
3176 2197 3390 2269 quidem
3432 2212 3504 2254 ne
3545 2199 3915 2270 ingrediantur
3946 2202 4012 2258 in

2408 2288 2776 2356 tentationem,
2801 2288 3091 2344 secundum
3144 2288 3273 2345 illud
3312 2289 3515 2346 dictum
3566 2291 3948 2362 evangelicum
3990 2312 4011 2349 :

2404 2378 2496 2434 ubi
2524 2387 2701 2435 autem
2727 2379 3027 2450 advenerit,
3045 2396 3151 2435 non
3175 2395 3297 2437 esse
3318 2381 3465 2436 molli
3494 2390 3550 2437 et
3567 2384 3757 2454 ignavo
3782 2384 4006 2450 animo,

2406 2470 2502 2525 sed
2542 2467 2752 2525 fortiter
2778 2471 3050 2537 resistere.
3077 2470 3296 2543 Δάμων
3320 2471 3375 2527 in
3404 2471 3812 2529 tribulationibus
3833 2516 3850 2541 ,
3880 2493 4012 2544 cum

2402 2563 2693 2619 invenerint
2739 2579 2831 2619 uos
2868 2566 3035 2620 anuis.
3059 2550 3219 2634 Quod
3256 2581 3401 2638 saepe
3440 2566 3571 2636 dixi,
3598 2582 3741 2623 nunc
3780 2582 4012 2639 quam

2402 2654 2525 2711 dico
2552 2671 2566 2709 :
2598 2669 2706 2711 non
2739 2656 3000 2726 prohibet
3045 2656 3331 2728 quominus
3360 2645 3594 2734 veniant
3637 2657 4001 2723 alliictittnes,

2402 2746 2498 2802 sed
2522 2747 2609 2801 ubi
2635 2746 2970 2815 advenerim,
2992 2750 3216 2817 assistit,
3244 2763 3342 2805 nos
3370 2747 3509 2821 frugi
3546 2760 3603 2806 et
3632 2752 3831 2821 ptobos
3866 2750 4005 2805 elli-

2402 2835 2571 2891 ciens.
2598 2833 2731 2892 illud
2773 2846 2950 2893 autem
2997 2836 3186 2903 Nimis,
3235 2848 3326 2893 aut
3383 2837 3562 2908 Valde,
3592 2838 4000 2913 adjungnudum

2403 2935 2488 2983 est
2512 2927 2586 2983 illi
2614 2928 2753 2996 voci,
2779 2928 3014 3001 Adjutor.
3044 2929 3229 3001 Neque
3270 2931 3412 2986 enim
3451 2932 3605 3001 leve,
3636 2934 3733 2990 sed
3782 2933 4002 3004 insigne

2403 3012 2511 3071 fert
2539 3016 2817 3085 auxilium,
2845 3019 2963 3089 plus
2989 3020 3235 3090 prabens
3258 3020 3435 3076 solatii
3468 3036 3535 3076 ex
3562 3036 3669 3093 0pc
3694 3020 3799 3077 lata
3827 3036 3997 3093 quam

2400 3106 2473 3161 sit
2524 3118 2773 3178 suscepta
2825 3109 3067 3165 molestia
3122 3124 3192 3166 ex
3237 3109 3638 3168 afﬂictionibus.
3679 3110 3796 3168 Non
3840 3111 3996 3170 enim

2401 3207 2661 3268 quantum
2707 3198 2970 3255 maiorum
2996 3199 3234 3256 conditio
3274 3201 3547 3274 postulat,
3579 3210 3785 3258 tantum
3831 3204 3997 3259 nobis

2402 3287 2607 3358 prtubet
2632 3290 2883 3345 auxilium
2905 3333 2921 3359 ,
2950 3290 3045 3347 sed
3072 3291 3233 3364 longe
3260 3294 3452 3362 majus.
3488 3290 3769 3365 Propterea
3795 3310 3897 3359 non
3923 3295 3995 3349 ti-

2400 3377 2641 3434 mebimus
2656 3421 2673 3447 ,
2699 3379 2871 3452 inquit
2888 3421 2909 3450 ,
2926 3380 3051 3437 datu
3077 3382 3360 3437 turbabitur
3379 3383 3701 3440 terra."ldes
3718 3367 3993 3456 quotundo

2400 3466 2574 3539 majus
2600 3479 2655 3527 et
2695 3472 2853 3542 longe
2885 3472 3153 3541 copiosius
3183 3471 3287 3529 fert
3312 3472 3609 3529 auxilium?
3637 3474 3752 3530 Non
3796 3475 3973 3533 soll-

2402 3565 2543 3619 enim
2573 3564 2740 3627 dixit,
2774 3562 2889 3619 Non
2918 3564 3211 3634 capiemur,
3238 3578 3341 3620 nes
3370 3565 3641 3629 eademne,
3672 3564 3790 3633 sed,
3820 3565 3898 3623 Ne
3926 3567 3985 3623 id

2401 3658 2615 3728 quidem
2663 3657 2967 3727 patiemur,
3009 3657 3149 3727 quod
3196 3666 3281 3714 est
3330 3668 3539 3715 natura
3586 3660 3893 3730 proprium,
3924 3670 3987 3718 ut

2402 3756 2700 3802 terreamur
2719 3754 2774 3801 et
2799 3746 3105 3803 timeamus.
3122 3745 3405 3804 Undenam
3433 3757 3613 3806 autem
3636 3748 3739 3807 hoc
3763 3751 3985 3806 evenit?

2402 3834 2483 3891 Ex
2512 3851 2580 3892 eo
2625 3837 2767 3906 quod
2812 3836 2883 3891 sit
2917 3835 3193 3906 copiosum
3233 3838 3509 3893 auxilium.
3540 3838 3759 3905 Terram
3802 3851 3980 3897 autem

2402 3927 2511 3993 hic,
2542 3937 2598 3984 et
2622 3937 2856 3995 montes,
2887 3938 2941 3984 et
2963 3943 3059 3984 cor
3083 3929 3268 3996 maris,
3294 3945 3402 3986 non
3424 3930 3550 3987 dicit
3572 3933 3855 4002 elementa,
3882 3937 4002 3992 sed.

2399 4034 2585 4075 eorum
2613 4021 2831 4075 nomine
2860 4019 3216 4076 intolvrabilia
3269 4022 3500 4092 pericula
3550 4024 3834 4097 signiﬁcat.
3867 4026 3978 4083 Etsi

2400 4108 2600 4175 omnia,
2631 4108 2835 4180 inquit,
2866 4111 3141 4166 videamus
3181 4111 3422 4179 confusa,
3451 4114 3663 4171 etiamsi
3709 4117 3981 4187 perturba-

2402 4200 2602 4255 tionem
2650 4199 2808 4269 plane
2856 4200 3283 4268 intolerabilem,
3310 4204 3411 4257 etsi
3457 4220 3521 4259 ea
3560 4205 3742 4261 omnia
3769 4207 3979 4266 evenire

2400 4303 2520 4359 qua:
2563 4304 2850 4360 numquam
2896 4290 3033 4346 facta
3084 4290 3317 4359 fuerunt,
3344 4293 3558 4351 etiamsi
3585 4295 3871 4367 ipsam,ut
3909 4301 3976 4354 ita

2401 4382 2605 4446 dicam,
2635 4390 2931 4436 creaturam
2972 4397 3093 4437 cum
3134 4385 3310 4455 seipsa
3350 4384 3552 4445 collidi.
3578 4386 3744 4456 ipsius
3781 4399 3979 4445 natura:

2402 4472 2658 4528 terminos
2685 4473 2884 4527 moveri
2911 4516 2927 4536 ,
2953 4474 3132 4528 omnia
3163 4488 3229 4529 ex
3255 4475 3383 4544 ipsis
3404 4476 3635 4532 convelli
3659 4476 3976 4536 fundamen-

2402 4563 2504 4629 tis,
2538 4562 2706 4633 prima
2748 4562 3017 4619 elementa
3072 4563 3359 4627 confundi.
3388 4573 3444 4620 et
3470 4567 3709 4623 omnium
3755 4567 3977 4641 denique

2402 4671 2580 4711 rerum
2629 4656 2914 4710 maximam
2970 4656 3084 4710 tieri
3140 4657 3633 4726 perturbationem,
3673 4673 3780 4717 non
3821 4662 3977 4718 modo

2402 4762 2508 4801 non
2542 4745 2839 4810 vincemur,
2863 4745 2958 4801 sed
3005 4760 3074 4801 ne
3125 4746 3429 4802 timebimus
3468 4746 3705 4819 quidem.
3736 4749 3793 4805 in
3818 4765 3977 4809 causa

2401 4845 2578 4891 autem
2605 4842 2725 4902 est,
2755 4834 2897 4906 quod
2935 4835 3173 4891 omnium
3202 4834 3394 4892 horum
3423 4837 3681 4895 Dominus
3705 4841 3855 4910 opem
3896 4842 3977 4901 fc-

2401 4937 2503 4989 rat.
2533 4942 2749 4983 manum
2774 4928 3010 4999 porrigat
3030 4935 3086 4983 et
3109 4930 3346 4986 assistat.
3367 4928 3423 4987 Si
3451 4940 3632 5009 autem
3652 4933 3739 4989 vel
3768 4934 3842 4988 his
3864 4948 3980 4989 eve.

2403 5019 2675 5076 aientibus
2705 5020 2926 5076 minime
2950 5020 3285 5089 cederemus,
3312 5036 3414 5079 nec
3439 5022 3633 5079 molles
3671 5034 3764 5082 aut
3800 5017 3999 5098 ignst

2402 5114 2787 5171 reddercmur:
2826 5115 2996 5169 multo
3015 5115 3182 5184 magis
3208 5114 3255 5169 si
3281 5129 3380 5170 nos
3407 5116 3605 5172 inimici
3641 5117 3898 5188 invadant,
3922 5130 3981 5178 et

2402 5206 2456 5261 in
2504 5220 2605 5261 nos
2640 5204 2811 5259 aciem
2859 5202 3191 5275 dirigamus.
3222 5206 3519 5261 Sonuerunt
3561 5219 3611 5262 et
3638 5210 3842 5264 turbate
3862 5222 3978 5265 sunt

2402 5311 2547 5367 aqua:
2573 5312 2767 5351 eorum.
2790 5292 3081 5349 Conturbati
3105 5306 3221 5349 sunt
3249 5306 3441 5351 montes
3474 5297 3528 5351 in
3555 5298 3970 5370 fortitudineejua.

2405 5387 2579 5454 Alius,
2609 5385 2921 5442 Sonantibus
2945 5395 2991 5439 et
3015 5386 3228 5441 turbatis
3254 5387 3398 5456 aquis
3414 5427 3432 5454 ,
3455 5396 3502 5441 et
3530 5390 3783 5443 concauis
3801 5392 3976 5444 monti-

2402 5478 2494 5535 bus
2516 5478 2569 5533 in
2596 5476 2967 5550 glori/italicae
2997 5478 3129 5548 ejus.
3158 5475 3447 5548 Postquam
3477 5478 3646 5536 dixit.
3675 5478 3786 5535 Non
3812 5479 3962 5534 linte-

2402 5568 2599 5633 bimus,
2624 5584 2694 5624 ne
2721 5568 2765 5622 si
2802 5568 2978 5622 omnia
3007 5567 3220 5637 quidem
3264 5566 3670 5640 confringantur
3717 5584 3778 5625 ac
3820 5570 3967 5625 colli-

2403 5658 2627 5732 dantur,
2670 5657 2925 5728 deinceps
2979 5657 3195 5713 disserit
3245 5658 3312 5715 de
3363 5659 3484 5729 ejus
3533 5660 3761 5730 potentia
3789 5702 3802 5723 .
3829 5664 3964 5729 quod

2405 5750 2609 5808 scilicet
2637 5750 2743 5805 sint
2772 5750 2912 5805 vires
2953 5751 3067 5819 t‘jilS
3098 5742 3557 5823 inexpugnabiles.
3579 5751 3646 5810 Et
3692 5752 3866 5810 merito
3892 5751 3964 5808 in~
