4156 6446
240 355 345 415 ἰῶ

236 476 372 546 quit,
390 471 503 529 Non
529 470 865 530 timebimus.
883 476 941 524 et
963 464 1104 537 quod
1126 479 1342 534 seniper
1367 461 1514 527 facit,
1538 469 1679 514 nun‘c
1707 458 1826 529 qui-

240 569 364 625 dem
388 581 454 622 ex
478 562 765 625 creaturis,
796 574 943 615 nunc
979 572 1108 612 vero
1145 571 1212 611 ea
1244 553 1308 608 iis
1350 568 1471 624 quae
1515 547 1824 605 hominibus

241 656 486 713 accidunt
507 652 646 710 vires
664 649 786 722 ejus
811 646 1109 721 prmdicans
1126 687 1142 713 ,
1165 642 1269 701 hoc
1292 643 1469 715 ipsum
1498 639 1587 696 hic
1610 651 1822 712 quoque

313 836 497 891 Omnia
518 834 624 888 Deo
640 831 884 904 proclivia
904 847 924 896 ;
949 828 1043 884 Dei
1060 824 1375 900 providentia
1393 839 1507 879 cum
1522 821 1679 894 ﬂuuio
1702 837 1825 874 con-

239 931 418 1000 fet-tur.
438 955 515 969 -——
527 923 677 993 Quod
694 932 873 977 autem
894 919 1046 984 dicit,
1064 924 1146 975 est
1165 914 1427 987 ejusmodi
1453 931 1469 968 :
1492 912 1683 969 Omnia
1700 925 1824 967 con-

235 1019 389 1084 cutit,
418 1014 690 1080 labefacit,
722 1011 977 1067 transfert
1002 1007 1216 1081 quando
1241 1006 1470 1061 voluerit
1487 1023 1503 1072 ;
1523 1005 1671 1059 adeo
1697 1011 1823 1059 sunt

237 1108 317 1164 illi
358 1106 536 1163 munia
566 1111 809 1176 prompta
835 1110 892 1156 et
927 1099 1201 1171 proclivia.
1241 1095 1369 1153 Mihi
1401 1103 1584 1152 autem
1615 1093 1823 1149 videtur

237 1199 326 1256 hic
346 1198 646 1269 signiﬁcare
665 1192 1057 1250 multitudinem
1085 1187 1581 1251 virorum‘fortium,
1608 1195 1664 1241 et
1682 1201 1824 1256 pra:—

234 1289 595 1345 stantissimus
620 1285 877 1350 hostium,
901 1292 956 1339 et
979 1281 1242 1343 inﬁnitum
1280 1280 1533 1350 papulum
1563 1276 1821 1333 adversa-

235 1382 456 1437 riorum.
485 1379 652 1434 Tanta
680 1387 765 1433 est
788 1377 952 1442 enim,
983 1374 1172 1446 inquit.
1197 1372 1317 1443 ejus
1337 1379 1575 1442 potestas
1598 1377 1673 1435 ut,
1704 1383 1821 1422 mo-

232 1474 309 1531 do
323 1482 543 1538 annuat,
568 1470 685 1527 lucc
701 1470 881 1526 omnia
905 1468 1053 1523 llant.
1075 1465 1355 1533 Quomodo
1373 1478 1502 1535 ergo
1526 1460 1821 1531 poterimus

232 1564 426 1620 timere
475 1562 566 1633 qui
612 1561 771 1617 talem
819 1557 1080 1615 habemus
1122 1552 1443 1611 Dominum?
1493 1550 1816 1620 Diapsalma.

236 1656 405 1720 Alius,
434 1653 665 1721 Semper.
691 1652 747 1708 5.
776 1648 1030 1705 Plautinis
1065 1648 1303 1716 impetus.
1331 1644 1500 1708 Alius,
1527 1642 1818 1697 divisiones.

230 1744 490 1801 Belua-ns
517 1753 691 1798 autem
711 1782 726 1807 ,
761 1738 1056 1810 Phlegon.
1090 1736 1376 1806 laetiﬁcum
1413 1734 1663 1789 civitatem
1684 1726 1781 1787 Dei
1799 1747 1820 1788 :

230 1832 564 1903 saactiﬁeasit
588 1830 965 1885 tabernaculum
989 1843 1139 1882 suum
1163 1826 1467 1880 Altissimus.
1496 1825 1647 1879 Alius
1694 1824 1769 1878 ait
1801 1835 1823 1879 τ

232 1924 486 1982 Sanctum
512 1920 835 1977 habitationis
860 1919 1124 1974 ditissimi.
1151 1917 1205 1973 ο.
1240 1915 1383 1973 Deus
1402 1917 1458 1972 in
1492 1914 1659 1970 medio
1686 1917 1817 1987 ejus,

228 2026 281 2071 et
301 2030 405 2071 non
431 2012 836 2069 commovebitur.
855 2009 1124 2082 Adjusabit
1151 2024 1263 2064 eum
1284 2006 1422 2063 Deus
1448 2024 1597 2061 mane
1617 2007 1821 2061 dilucu-

228 2106 305 2163 lo.
334 2105 487 2162 Alius
505 2103 670 2161 dicit:
694 2100 844 2192 gina
868 2100 1190 2192 matutinum.
1211 2098 1385 2192 alim,
1406 2097 1534 2154 Cum
1556 2096 1683 2151 liora
1702 2112 1816 2192 nta-

227 2199 394 2253 tutina
418 2198 592 2251 instat.
617 2187 907 2266 Postquam
931 2192 1067 2248 dixit
1088 2190 1157 2247 de
1183 2190 1303 2262 eius
1329 2200 1595 2265 potestate
1622 2198 1678 2244 et
1694 2187 1818 2269 Orir-

230 2297 376 2351 tute.
402 2298 461 2344 et
495 2286 547 2342 ei
574 2286 754 2341 omnia
783 2299 903 2341 esse
947 2282 1120 2339 facilia
1143 2324 1161 2349 ,
1207 2280 1277 2337 ad
1305 2281 1422 2352 ejus
1447 2294 1575 2352 erga
1602 2279 1818 2336 Judteos

229 2378 577 2453 prorideutia:
608 2385 977 2449 argumentum
999 2373 1265 2431 convertit
1285 2371 1605 2438 orationem,
1634 2372 1819 2441 paucis

225 2471 517 2527 intendens
555 2484 675 2540 qua:
701 2469 840 2525 bona
864 2466 948 2523 eis
982 2465 1105 2522 data
1147 2463 1367 2521 fuerint.
1397 2464 1494 2521 llic
1518 2465 1684 2531 enim,
1723 2464 1815 2535 qui

226 2570 312 2617 est
336 2559 477 2615 adeo
499 2559 654 2615 fortis
669 2600 687 2627 ,
716 2558 853 2614 adeo
877 2566 1068 2628 potens
1096 2555 1452 2626 terribilisque
1468 2594 1487 2622 ,
1514 2554 1604 2625 qui
1634 2554 1816 2610 omnia

225 2653 405 2709 fertet
427 2653 572 2723 agit,
600 2654 688 2723 qui
731 2650 911 2707 omnia
934 2659 1134 2718 movet,
1162 2648 1435 2715 concutit,
1473 2657 1529 2704 et
1562 2647 1819 2703 transfert

222 2758 289 2800 ac
316 2742 566 2809 traducit,
615 2741 855 2812 implevit
878 2741 1145 2797 civitatem
1183 2750 1422 2796 nostram
1452 2737 1609 2795 bouis
1653 2739 1815 2793 innu-

225 2832 412 2889 meris.
442 2832 663 2889 Fluvios
687 2830 831 2886 enim
859 2831 947 2888 hic
967 2830 1262 2901 profusam,
1289 2828 1584 2898 cupiosam,
1614 2839 1669 2884 et
1692 2842 1814 2898 illlie

222 2925 394 2979 arceri
420 2924 609 2994 nequit
641 2936 994 2992 supernorum
1025 2920 1293 2976 donorum
1322 2918 1531 2990 copiam
1556 2919 1812 2983 ostendit,

224 3006 449 3087 perinde
482 3029 547 3070 ac
570 3015 617 3070 si
649 3015 854 3069 diceret
880 3028 898 3066 :
938 3011 1231 3083 Tamquam
1271 3026 1337 3067 ex
1369 3010 1601 3065 fontibus
1629 3010 1813 3064 omnia

224 3108 382 3164 nobis
401 3108 539 3163 bona
568 3106 855 3178 profluunt.
878 3105 1028 3162 Sicut
1061 3105 1205 3162 enim
1229 3103 1424 3164 ﬂuvius
1442 3103 1531 3174 qui
1552 3102 1813 3159 scinditur

223 3202 277 3257 in
304 3202 502 3256 multas
524 3213 727 3270 partes,
752 3197 1046 3268 subjectam
1072 3196 1345 3267 regionem
1371 3195 1591 3265 irrigat:
1620 3196 1692 3249 ita
1718 3194 1811 3250 Dei

221 3291 556 3363 providentia
580 3290 727 3346 omni
751 3305 818 3345 ea
840 3297 989 3361 parte
1014 3287 1209 3355 inﬂuit,
1234 3286 1447 3342 abunde
1468 3301 1811 3358 promanans,

219 3399 343 3439 eum
370 3396 595 3438 ausurro
617 3381 906 3453 perducas,
935 3388 990 3436 et
1015 3380 1193 3436 omnia
1215 3380 1464 3449 ituplctts.
1497 3380 1613 3435 Non
1635 3379 1811 3434 solum

219 3482 400 3531 autem
427 3473 630 3544 prtebet
657 3472 809 3528 nobis
832 3471 1204 3536 securitatem,
1241 3468 1633 3539 infractutnque
1656 3469 1811 3523 auxi-

222 3565 353 3621 lium
375 3607 393 3632 ,
429 3565 526 3621 sed
566 3565 725 3620 etiam
763 3562 1038 3634 spirituale
1064 3561 1312 3633 gaudium
1343 3578 1357 3615 :
1388 3569 1442 3615 et
1485 3559 1606 3614 ideo
1633 3558 1759 3614 dicit
1791 3573 1807 3612 :

222 3655 572 3725 Sanctiﬁcarit
604 3653 978 3709 tabernaculum
997 3669 1147 3708 suum
1174 3651 1477 3707 Altissimus.
1505 3650 1810 3718 Quinetiam

224 3746 327 3802 hoc
349 3746 527 3816 ipsum
550 3753 633 3801 est
660 3760 767 3799 non
793 3758 952 3815 parra
972 3756 1097 3814 pars
1126 3741 1387 3807 beneﬁcii,
1412 3739 1812 3797 tabernaculum

222 3855 381 3894 suqu
403 3839 580 3893 locum
601 3845 840 3892 nostrum
868 3849 1083 3892 vocare.

290 3921 363 3986 ΞΣ
390 3928 576 4000 Neque
598 3928 741 3983 enim
770 3936 972 3984 temere
990 3927 1171 3999 posuit
1195 3925 1350 3993 illud,
1380 3925 1688 3981 Altissimus.
1710 3923 1812 3992 Qui

221 4034 303 4082 est
330 4038 465 4096 ergo
488 4022 627 4078 adeo
657 4022 833 4090 altus,
862 4023 955 4092 qui
997 4022 1144 4077 nullo
1171 4021 1291 4077 loco
1316 4020 1811 4092 comprehenditur,

221 4119 314 4191 qui
340 4126 430 4175 est
462 4116 757 4173 substantia
782 4115 1086 4182 iuell'abilis,
1113 4114 1363 4185 dignatus
1386 4123 1471 4171 est
1498 4129 1692 4170 vocare
1718 4127 1818 4169 no-

222 4219 391 4266 stram
416 4207 685 4264 civitatem
728 4221 884 4262 suum
929 4206 1363 4270 tabernaculum,
1406 4220 1633 4276 eamque
1666 4206 1815 4261 omni

222 4316 289 4357 ex
315 4309 471 4372 parte
496 4299 753 4355 continet.
787 4297 900 4354 lloc
937 4299 1081 4353 enim
1105 4298 1206 4353 sibi
1233 4297 1346 4352 vult
1375 4297 1529 4365 illud,
1556 4296 1622 4353 In
1647 4298 1814 4353 medio

226 4392 341 4463 ejus
366 4406 385 4444 :
408 4388 858 4459 quemadmodum
886 4389 1048 4444 etiam
1080 4387 1209 4444 dicit
1238 4404 1254 4443 :
1287 4388 1417 4443 Ecce
1442 4405 1536 4461 ego
1561 4388 1816 4444 vobiscum

221 4498 339 4537 min
367 4479 389 4553 (
406 4479 593 4534 laud.
618 4479 710 4535 28.
742 4477 873 4549 20).
904 4477 1150 4551 Undique
1177 4494 1295 4534 eam
1322 4480 1730 4550 complectitur;
1761 4490 1818 4536 et

226 4574 351 4629 ideo
391 4588 498 4627 non
527 4571 686 4626 modo
715 4570 847 4627 nihil
873 4585 1039 4642 grave
1074 4571 1321 4641 patietur,
1351 4570 1447 4626 sed
1477 4587 1545 4626 ne
1579 4586 1820 4627 connno-

227 4666 438 4722 vebitur
464 4664 702 4735 quidem.
745 4662 917 4718 Causa
947 4671 1125 4718 autem
1154 4670 1271 4727 est,
1296 4661 1438 4733 quod
1476 4663 1816 4720 celerrimum

227 4755 533 4825 assequitur
551 4753 830 4817 auxilium,
858 4760 1041 4823 utpote
1058 4751 1200 4822 quod
1221 4753 1292 4808 sit
1319 4761 1620 4824 promptum
1640 4762 1697 4809 et
1722 4770 1819 4824 pa-

234 4855 442 4899 ratum:
468 4843 570 4898 hoc
591 4842 735 4898 enim
763 4842 862 4897 sibi
884 4843 995 4897 vult
1024 4842 1175 4909 illud,
1205 4840 1362 4897 Mane
1384 4841 1610 4898 diluculo
1633 4859 1653 4898 :
1675 4844 1819 4914 quod

231 4952 339 4992 non
367 4935 634 5001 dilertur,
665 4948 764 4989 nec
789 4933 1138 5003 protrahitur,
1166 4933 1263 4989 sed
1287 4941 1607 5003 estsemper
1631 4949 1819 4992 recens

228 5039 284 5084 et
313 5036 585 5097 vegetum,
615 5034 670 5080 et
706 5024 760 5079 in
790 5035 1027 5093 tempore
1054 5036 1374 5095 opportuno.
1412 5024 1465 5078 7.
1497 5024 1823 5081 Conturbth

232 5129 352 5176 sunt
384 5126 579 5191 gentes.
620 5116 789 5182 Alius,
820 5116 1151 5188 Cougregatte
1174 5125 1291 5171 sunt
1331 5126 1520 5187 gentes.
1564 5114 1823 5173 Inclinato

229 5219 350 5266 sunt
368 5223 546 5279 regna.
565 5206 717 5262 Dedit
735 5222 902 5261 uocem
922 5222 1068 5261 suam
1090 5205 1395 5273 Altissimus,
1417 5214 1553 5261 mota
1571 5217 1645 5262 est
1664 5217 1822 5263 terra.

236 5299 486 5359 Ostendit
508 5297 595 5354 hic
638 5298 744 5353 vim
770 5298 888 5367 ejus
929 5297 1131 5353 auxilii.
1169 5296 1287 5353 Non
1329 5298 1472 5353 enim
1501 5298 1825 5368 quibuslibet

234 5386 628 5455 inuidentibus,
655 5387 748 5442 sed
788 5386 1023 5459 regibus,
1050 5387 1299 5457 gentibus
1328 5386 1558 5458 undique
1582 5391 1825 5445 coeunti-

235 5482 358 5546 bus,
389 5494 551 5535 unam
575 5478 847 5534 civitatem
874 5478 1329 5534 circumdantibus
1353 5488 1408 5535 et
1431 5480 1821 5549 obsidentibus,

234 5588 342 5626 non
370 5569 533 5626 modo
561 5571 689 5624 nihil
718 5585 876 5641 grave
910 5568 978 5624 ab
1004 5569 1083 5626 eis
1114 5585 1266 5639 passa
1294 5579 1396 5635 est,
1428 5569 1523 5625 sed
1552 5572 1711 5625 etiam
1741 5572 1825 5626 vi-

229 5664 330 5727 cit,
375 5662 666 5733 superarit,
697 5673 752 5717 et
794 5662 986 5716 evertit
1032 5677 1129 5717 eos
1179 5662 1269 5732 qni
1322 5662 1661 5719 invadebant.
1716 5664 1825 5721 lloc

237 5758 383 5820 enim
409 5754 512 5813 sibi
545 5755 654 5811 suit
682 5754 830 5821 illud,
864 5752 1120 5810 Inclinato
1144 5765 1263 5809 sunt
1292 5772 1469 5829 regna,
1494 5757 1630 5812 dedit
1656 5774 1825 5813 roccm

1344 344 1707 403 EXPOSITIO
1746 343 1813 402 IN
1849 341 2172 402 PSALMUII
2209 339 2372 400 XLV.

3429 344 3537 399 9οὸ

1924 468 2076 511 suam
2100 457 2395 513 Altissimus
2417 473 2438 510 :
2466 456 2688 529 perinde
2714 473 2780 514 ac
2806 457 2853 515 si
2876 448 3102 524 dixeris,
3139 458 3237 516 Vel
3275 458 3394 514 solo
3417 459 3530 512 cla.

1927 559 2081 605 more
2120 547 2264 619 cepit
2289 550 2472 606 urbes.
2504 548 2739 606 Verbum
2767 550 2984 622 quidem
3013 566 3275 618 crassum,
3304 562 3361 607 et
3383 552 3530 623 quod

1929 639 2168 695 humano
2202 654 2357 696 more
2397 639 2600 695 dictum
2649 650 2732 696 est
2760 659 2775 695 :
2805 655 2979 713 neque
3007 641 3155 697 enim
3198 640 3365 697 vincit
3391 642 3535 698 Deus

1928 725 2062 785 voce
2090 733 2148 785 et.
2180 730 2450 796 clamore,
2476 730 2572 787 sed
2600 732 2716 787 solo
2744 742 2875 787 nutu
2904 741 2958 787 et
2986 739 3277 789 voluntate.
3308 733 3414 791 Sed
3448 744 3532 789 ta-

1927 837 2052 877 men
2082 838 2148 877 ea
2180 822 2263 877 his
2280 838 2493 894 quoque
2520 822 2875 879 crassioribus
2903 839 3028 879 eum
3056 825 3371 892 sustollens,
3406 824 3526 881 aliis

1928 912 2174 969 altiorem
2197 913 2490 971 dictionem
2519 914 2860 984 excogitavit.
2887 917 3024 984 Quia
3058 917 3203 972 enim
3230 935 3352 983 eum
3379 933 3525 976 sem-

1930 1020 2026 1075 per
2052 1004 2344 1061 introducit
2388 1014 2654 1061 armatum
2674 1047 2691 1075 ,
2720 1006 3016 1062 ostendens
3059 1008 3148 1062 illa
3177 1009 3356 1065 omnia
3387 1009 3530 1065 dicta

1927 1111 2051 1151 esse
2074 1096 2459 1167 metaphorice,
2485 1107 2541 1153 et
2571 1098 2793 1165 trepice,
2817 1108 2873 1153 et
2899 1106 2958 1154 ut
2979 1114 3040 1154 se
3082 1099 3148 1154 ad
3177 1110 3419 1155 nostrum
3442 1117 3532 1156 ca-

1928 1198 2080 1259 ptum
2103 1187 2539 1244 accommodaret
2557 1188 2725 1261 (Deus
2745 1190 2889 1249 enim
2908 1191 3058 1246 nullo
3075 1206 3262 1247 eorum
3281 1193 3528 1264 indiget),

1927 1277 2210 1348 subjnnxit
2240 1296 2256 1334 :
2284 1277 2439 1333 Dedit
2478 1294 2649 1333 uocem
2684 1296 2863 1344 suam,
2893 1289 2939 1347 et
2967 1294 3221 1337 commota
3250 1293 3323 1337 est
3356 1294 3532 1346 tene;

1926 1367 2220 1424 ostendens
2236 1371 2410 1439 ipsum
2430 1383 2536 1424 non
2557 1368 2731 1425 solum
2754 1370 2937 1441 urbes,
2954 1380 3161 1440 gentes,
3183 1383 3239 1428 et
3261 1374 3527 1444 regiones,

1926 1459 2020 1514 sed
2057 1459 2229 1529 ipsum
2265 1459 2426 1515 etiam
2455 1460 2779 1517 elementum
2808 1470 3117 1518 concutere.
3153 1462 3302 1520 Solet
3344 1475 3526 1520 autem

1927 1557 2126 1603 terram
2149 1563 2365 1625 quoque
2385 1565 2595 1624 vocare,
2607 1550 3025 1620 multitudinem,
3049 1562 3107 1609 ut
3126 1552 3342 1624 quando
3360 1554 3490 1610 dicit
3510 1570 3527 1609 :

1925 1638 2132 1719 Eterat
2156 1642 2322 1697 omnis
2341 1651 2476 1696 terra
2508 1642 2699 1697 latium
2736 1659 2893 1697 unum
2922 1642 3081 1715 (Gen.
3109 1646 3197 1701 ll.
3227 1646 3303 1717 Ι).
3336 1646 3391 1702 8.
3419 1636 3534 1702 Do-

1926 1733 2099 1787 minus
2115 1734 2357 1788 uirtutum
2382 1734 2659 1790 nobiscﬂm.
2686 1734 2966 1805 Susceptor
2984 1747 3155 1792 noster
3180 1737 3322 1792 Deus
3341 1738 3527 1793 Iacob.

1927 1823 2184 1880 llebrams
2206 1832 2387 1881 autem
2414 1840 2512 1897 pro
2539 1840 2607 1882 eo
2633 1825 2777 1898 quod
2805 1837 2910 1893 est,
2947 1825 3238 1896 Virtutum,
3266 1829 3400 1885 dixit
3422 1828 3526 1885 Su-

1923 1916 2097 1970 baoth.
2130 1915 2262 1971 Vide
2309 1917 2584 1988 quomodo
2610 1928 2808 1996 aterra
2837 1918 2973 1974 tollit
2999 1922 3300 1977 orationem
3327 1921 3394 1977 ad
3421 1938 3528 1982 etc.

1924 2007 2059 2074 lum,
2085 2008 2152 2063 ad
2175 2007 2412 2063 infinitos
2438 2009 2753 2080 angelorum
2779 2020 2974 2078 ctetns,
3002 2012 3069 2066 ad
3086 2020 3274 2084 gentes
3294 2014 3529 2070 archan-

1924 2101 2191 2170 gelorum.
2215 2098 2283 2155 ad
2314 2115 2576 2170 supernas
2606 2109 2919 2171 potestates.
2951 2101 3091 2170 Quid
3116 2106 3260 2158 enim
3284 2104 3413 2159 mihi
3442 2105 3526 2162 di-

1922 2190 2003 2245 cis
2029 2199 2227 2255 castra,
2255 2189 2534 2255 barbaros,
2561 2200 2617 2246 ct
2646 2191 2895 2247 homines
2921 2193 3013 2263 qui
3044 2206 3268 2265 pereunt
3286 2196 3312 2250 ἲ
3336 2195 3529 2252 Consi-

1922 2282 2052 2337 dera
2079 2282 2199 2352 ejus
2225 2281 2367 2339 vires
2387 2298 2455 2337 ex
2483 2298 2651 2355 regno
2678 2285 2823 2354 quod
2855 2285 2908 2340 in
2938 2286 3085 2341 (aulis
3118 2287 3321 2343 obtinet
3350 2307 3365 2344 :
3395 2298 3529 2359 quot

1925 2374 2271 2431 invisibilium
2319 2382 2637 2445 potestatum
2664 2375 2935 2431 exercitus
2976 2375 3080 2431 sub
3115 2390 3179 2433 se
3218 2376 3414 2434 habeat
3437 2379 3525 2434 in-

1921 2475 2180 2523 structos.
2223 2465 2392 2523 Recte
2417 2476 2597 2523 autem
2632 2482 2729 2524 eos
2753 2468 3045 2538 appellavit
3083 2468 3344 2537 virtutes,
3379 2472 3527 2528 vires

1921 2572 2111 2615 eorum
2139 2557 2434 2612 ostendens
2459 2573 2474 2610 :
2502 2556 2599 2613 sed
2624 2557 2787 2613 etiam
2813 2558 2943 2614 dicit
2960 2558 3088 2614 alibi
3116 2575 3135 2615 :
3162 2558 3401 2616 Potentes
3423 2562 3522 2618 sir-

1919 2658 2043 2714 tttte,
2083 2650 2326 2721 facientes
2352 2648 2559 2702 verbum
2599 2648 2710 2719 ejus
2745 2647 2921 2719 (Psal.
2956 2649 3082 2706 102.
3127 2650 3201 2707 20
3219 2649 3263 2722 ).
3312 2652 3526 2709 Eteuim

1922 2757 2060 2797 unus
2086 2741 2305 2812 angelus
2332 2756 2457 2797 cum
2498 2739 2790 2811 aliquando
2815 2751 2964 2798 esset
2990 2727 3276 2814 egressus,
3306 2754 3526 2801 centum

1919 2834 2187 2904 octoginta
2206 2833 2443 2905 quinque
2464 2832 2627 2888 millia
2649 2833 2866 2889 sustulit
2888 2833 2967 2906 (ι.
2985 2834 3115 2908 Reg.
3136 2836 3227 2893 'l9.
3249 2837 3365 2907 35).
3382 2836 3524 2906 Quid

1921 2927 2112 2997 igitur,
2143 2924 2189 2981 si
2230 2934 2314 2981 est
2340 2923 2555 2996 quidem
2586 2932 2806 2996 potens,
2850 2942 2958 2981 non
2988 2928 3106 2982 vult
3145 2937 3325 2984 autem
3369 2929 3527 3005 nobis

1919 3036 2137 3077 manum
2176 3022 2453 3092 praebere?
2474 3021 2638 3092 Atqui
2667 3037 2737 3078 ne
2775 3022 2880 3079 hoc
2911 3022 3195 3080 timueris:
3228 3024 3353 3081 ideo
3375 3024 3523 3081 enim

1919 3114 2197 3185 subjunxit
2215 3154 2234 3181 ,
2262 3111 2548 3186 Susceptor
2565 3125 2756 3170 noster.
2783 3114 2853 3171 Et
2880 3115 2995 3171 vult
3017 3118 3181 3187 igitur
3201 3125 3259 3172 et
3297 3125 3477 3188 potest
3504 3137 3523 3176 :

1920 3222 1991 3261 ne
2026 3222 2157 3277 ergo
2185 3208 2394 3263 timeas.
2422 3205 2562 3276 Quid
2598 3207 2645 3262 si
2675 3221 2775 3262 nos
2798 3222 2988 3263 sumus
3018 3208 3265 3279 indigni?
3288 3209 3396 3266 Sed
3426 3210 3525 3266 ba-

1918 3298 2110 3354 bemus
2137 3313 2168 3353 a
2195 3297 2433 3368 patribus
2459 3297 2709 3353 traditam
2739 3296 2857 3367 ejus
2892 3298 2947 3353 in
2973 3313 3073 3354 nes
3111 3298 3521 3371 benignitatem.

1920 3388 2033 3445 lloc
2059 3390 2238 3460 itaque
2265 3388 2576 3459 subjiciens,
2603 3388 2762 3455 dixit,
2793 3387 2932 3443 Deus
2956 3388 3120 3445 Jacob
3140 3405 3161 3444 :
3192 3391 3342 3462 quasi
3370 3390 3523 3448 dice-

1918 3486 2021 3549 ret,
2047 3483 2165 3537 .lam
2193 3481 2321 3536 olim
2343 3520 2360 3548 ,
2388 3480 2538 3538 etab
2568 3480 2719 3536 initio
2745 3482 2860 3536 haec
2889 3481 2985 3537 fuit
3006 3497 3225 3554 semper
3247 3482 3366 3553 ejus
3390 3498 3525 3538 con.

1917 3571 2165 3628 suetndo.
2206 3570 2508 3639 Diapsalma
2550 3570 2653 3643 (a).
2704 3572 2880 3639 Alius,
2908 3570 3148 3642 Semper.
3175 3571 3231 3628 9.
3273 3571 3448 3628 Venite
3473 3583 3524 3629 et

1916 3665 2079 3718 uidete
2098 3669 2255 3733 opera
2280 3660 2511 3728 Domini,
2544 3677 2659 3733 qua
2679 3663 2847 3730 posuit
2874 3661 3110 3733 prodigia
3131 3679 3286 3731 super
3309 3672 3519 3730 terram,

1919 3752 2008 3809 £0.
2036 3756 2273 3825 auferens
2291 3750 2425 3806 bella
2445 3766 2604 3823 usque
2629 3750 2701 3804 ad
2718 3751 2847 3821 ﬁnes
2866 3760 3034 3806 terra.
3060 3752 3249 3806 Arcum
3277 3760 3519 3819 conteret,

1918 3854 1968 3901 et
1994 3843 2279 3916 confringet
2304 3859 2447 3897 arma
2474 3843 2649 3913 (alius,
2681 3840 2988 3912 Confugit),
3014 3853 3063 3896 et
3086 3842 3290 3913 clypeos
3313 3841 3525 3911 cemim-

1917 3947 1993 3992 ret
2018 3936 2147 4008 igni.
2179 3934 2351 4001 Alius,
2374 3943 2423 3989 et
2450 3948 2629 3988 currus
2671 3934 2929 3988 comburet
2964 3936 3022 3999 in
3060 3933 3187 4003 igni.
3230 3931 3520 4001 Postquam

1918 4026 2057 4083 dixit
2082 4026 2152 4083 de
2181 4032 2323 4081 terra
2347 4067 2363 4093 ,
2392 4025 2461 4080 de
2492 4024 2626 4080 mari
2646 4066 2663 4092 ,
2703 4024 2773 4080 de
2803 4023 3118 4090 montibus,
3144 4023 3215 4079 de
3254 4022 3522 4094 spirituuli

1918 4134 2041 4190 qua:
2069 4118 2198 4188 ipsis
2227 4116 2365 4172 facta
2388 4124 2474 4172 est
2495 4116 2651 4187 copia
2669 4157 2687 4181 ,
2731 4114 2801 4170 de
2828 4114 3029 4170 auxilio
3046 4156 3063 4180 ,
3090 4113 3160 4169 ad
3187 4122 3530 4185 spectatores

1920 4216 2110 4265 rursus
2151 4201 2522 4279 argumentum
2550 4205 2791 4262 extendit
2811 4246 2828 4271 ,
2858 4219 2957 4261 eos
2982 4219 3181 4261 vocans
3221 4203 3289 4259 ad
3319 4212 3529 4273 tropasa

1920 4318 1987 4359 ex
2019 4317 2207 4373 magna
2236 4300 2530 4372 voluptate,
2556 4308 2612 4355 et
2638 4313 2847 4354 summa
2882 4297 2937 4352 in
2969 4296 3251 4352 Dominum
3275 4294 3525 4351 affectio.

1923 4409 2025 4459 ne,
2055 4405 2110 4449 et
2137 4407 2363 4446 narrans
2394 4388 2643 4444 victorias
2668 4404 2804 4460 quas
2835 4403 2934 4458 pro
2961 4387 3044 4443 eis
3070 4387 3324 4443 obtinuit.
3357 4385 3528 4442 llecto

1921 4494 2100 4539 autem
2128 4482 2285 4547 dixit,
2316 4480 2585 4552 Prodigia,
2611 4494 2718 4534 non
2740 4488 2919 4533 autem
2941 4478 3195 4533 victorias
3218 4487 3273 4532 et
3295 4485 3521 4547 tropaza.

1921 4575 2037 4632 Non
2060 4575 2201 4630 enim
2227 4589 2346 4644 qua:
2372 4570 2570 4627 fiebant
2589 4611 2605 4637 ,
2634 4579 2787 4625 certo
2810 4569 3005 4624 ordine
3027 4577 3084 4624 et
3107 4567 3249 4625 serie
3288 4567 3526 4638 ageban-

1925 4680 2056 4723 tur:
2104 4679 2207 4721 nec
2254 4664 2423 4719 armis
2469 4670 2526 4718 et
2572 4662 2768 4715 virtute
2815 4674 3104 4729 corporum
3133 4657 3526 4716 decernebatur

1925 4756 2190 4829 prndium,
2221 4754 2316 4810 sed
2368 4752 2463 4808 Dei
2509 4761 2664 4818 nutu,
2718 4749 2881 4805 rebus
2928 4749 3354 4819 signiﬁcantibus
3397 4764 3526 4803 eum

1923 4865 2045 4906 esse
2067 4848 2469 4918 littperatorettt.
2491 4844 2754 4912 Quoniam
2775 4842 2918 4898 enim
2943 4850 3191 4910 potentes
3222 4839 3526 4896 vinceban-

1929 4947 2015 4994 tur
2033 4938 2101 4993 ab
2125 4936 2428 4999 imbecillis,
2456 4932 2609 4989 multi
2643 4948 2674 4986 a
2706 4932 2912 5002 paucis,
2935 4932 3025 5002 qui
3054 4930 3388 4987 dominatum
3413 4929 3527 4987 ob-

1929 5032 2197 5096 tinebant,
2226 5028 2295 5083 ab
2320 5029 2383 5084 iis
2403 5028 2493 5098 qui
2520 5026 2601 5082 eis
2636 5026 2931 5096 parebant,
2954 5032 3011 5078 et
3034 5038 3123 5079 res
3149 5032 3343 5095 praeter
3370 5038 3526 5095 spem

1927 5123 2308 5186 ευεριιάευωιι,
2336 5135 2401 5176 ea
2422 5119 2544 5190 jure
2566 5126 2724 5174 vocat
2752 5114 3018 5188 prodigia,
3049 5124 3106 5170 ut
3125 5132 3245 5187 qua:
3277 5114 3530 5171 admini—

1929 5216 2106 5273 biliter
2126 5223 2181 5269 et
2205 5221 2399 5283 prartcr
2418 5224 2571 5281 spem
2595 5206 2939 5276 eveniebant,
2966 5215 3022 5264 et
3039 5205 3239 5279 ubique
3264 5216 3527 5263 terrarum

1929 5323 2115 5379 sparsa
2136 5305 2381 5377 liuet-ant.

2002 5401 2055 5456 3.
2100 5398 2216 5452 Pax
2241 5398 2295 5450 in
2321 5404 2508 5451 terram
2528 5407 2617 5464 per
2638 5390 2894 5446 Christum
2912 5391 3106 5457 allata;
3134 5390 3285 5461 ignis,
3311 5392 3390 5445 ira
3410 5389 3529 5446 Dei.

1928 5491 2117 5546 -Νοη
2136 5488 2462 5545 aberraverit
2476 5494 2654 5540 autem
2670 5484 2956 5555 quispiam,
2968 5484 3011 5539 si
3030 5482 3133 5539 hoc
3147 5498 3242 5553 per
3255 5497 3531 5552 anagogen

1932 5584 1998 5638 ad
2028 5595 2266 5654 presens
2289 5578 2452 5636 etiam
2475 5586 2688 5647 tempus
2714 5575 3090 5645 desumpserit.
3130 5574 3359 5631 Diftit-ile
3381 5575 3528 5629 enim

2004 5764 2077 5827 (a)
2122 5758 2415 5826 Diapsalnta,
2444 5769 2532 5825 pro
2556 5768 2654 5821 quo
2680 5754 2879 5806 ἢεί)τωί
2900 5754 3104 5815 habent,
3127 5751 3253 5805 scin.
