4070 6442
685 378 789 437 ειη

685 493 984 547 dzcmonum
1012 488 1210 546 bellum
1238 485 1463 548 confecit
1482 526 1499 552 ,
1538 495 1592 540 et
1614 499 1708 554 per
1748 482 2050 537 universum
2077 479 2260 535 orbum

686 593 845 659 ωτι-ξιξ
872 596 1054 651 pacem
1080 572 1317 635 extendit
1344 594 1358 631 :
1390 578 1518 647 quin
1542 577 1702 655 etiam
1749 571 1888 642 quod
1918 571 2018 626 sub
2043 584 2260 626 sensum

683 674 863 751 cadit,
909 686 1091 729 eorum
1134 670 1330 725 bellum
1359 666 1579 737 depulit.
1624 664 1774 733 Quod
1822 662 2002 717 Esaias
2051 675 2261 731 quoque

685 746 988 835 significans
1013 763 1225 818 dicebat
1248 778 1264 814 :
1292 758 1604 816 Contunth
1624 756 1821 829 gladios
1845 771 1961 809 suos
1986 754 2038 807 in
2066 746 2271 814 aratra,

684 865 731 911 et
753 861 952 911 lanceas
992 868 1111 907 suas
1159 852 1213 906 in
1255 851 1410 923 [alces
1430 890 1443 914 ,
1471 859 1517 903 et
1541 855 1827 902 annuum
1866 861 1987 916 gens
2024 838 2260 896 adserens

684 954 877 1017 gentem
895 943 1141 1017 gladium,
1168 957 1258 997 nec
1276 940 1465 996 d‘tsccttt
1484 937 1702 1007 amplius
1723 937 1909 992 bellus
1932 933 2080 1006 (issi.
2103 933 2160 988 3.
2179 932 2253 999 ι).

688 1037 826 1091 Ante
848 1035 1043 1090 Christi
1071 1032 1210 1089 enim
1253 1031 1564 1097 adventum,
1590 1042 1779 1085 omnes
1805 1027 2050 1082 homines
2091 1024 2259 1081 armis

686 1126 1099 1189 instruebantur,
1122 1132 1178 1179 et
1201 1122 1377 1178 nullus
1396 1132 1515 1178 erat
1532 1120 1600 1175 ab
1619 1120 1721 1175 hoc
1742 1133 1962 1173 munere
1987 1116 2256 1182 immunis,

683 1207 743 1273 et
758 1216 1000 1271 civitates
1028 1213 1331 1285 pugnabant
1347 1211 1603 1268 adversus
1621 1210 1881 1274 civitates,
1912 1219 1967 1266 et
1988 1208 2129 1265 bello
2153 1209 2261 1263 ubi-

681 1320 790 1375 que
814 1303 1221 1375 conﬂigebatur;
1249 1317 1393 1358 nunc
1414 1310 1592 1358 autem
1633 1302 1802 1371 major
1830 1313 1953 1369 pars
1980 1311 2137 1355 terra:
2163 1297 2259 1355 de-

682 1397 762 1466 git
789 1383 857 1451 in"
886 1409 1034 1464 pace,
1063 1393 1309 1450 omnibus
1333 1407 1522 1449 secure
1546 1400 1690 1447 artes
1712 1391 2104 1454 exercentibus,
2134 1398 2260 1444 tcu—

682 1465 816 1541 t'a'tn'
839 1485 1166 1550 colentibus,
1196 1494 1251 1540 et
1278 1499 1426 1539 mare
1471 1483 1838 1556 navigantibus
1869 1499 1884 1535 :
1914 1492 2039 1536 sunt
2080 1491 2255 1536 autem

687 1568 840 1645 me:
870 1576 1094 1642 milites,
1124 1577 1212 1646 qui
1238 1590 1335 1646 pro
1368 1574 1486 1631 aliis
1516 1576 1763 1631 omnibus
1799 1575 2044 1631 militant.
2077 1574 2260 1643 Quiu—

672 1669 850 1723 -etiam
908 1654 1093 1722 eorum
1134 1681 1343 1738 quoque
1384 1666 1560 1723 nullus
1626 1676 1770 1723 esset
1805 1683 1932 1722 usus
1976 1667 2213 1736 reliquus
2237 1707 2255 1733 ,

685 1756 734 1809 si
782 1770 901 1826 quae
928 1756 1083 1813 decet
1110 1755 1432 1822 faceremus,
1478 1766 1532 1812 et
1571 1772 1678 1812 nun
1718 1771 1854 1826 opus
1901 1756 2255 1822 haberemus,

690 1855 749 1899 nt
780 1846 1340 1910 cummonelieremus,
1389 1846 1457 1901 ab
1510 1845 1902 1907 afﬂictionibus.
1947 1846 2123 1917 Ignem
2165 1862 2261 1911 au—,

685 1945 795 1992 tem
842 1938 927 1992 hic
981 1946 1134 1992 vocat
1182 1938 1299 2008 ejus
1349 1938 1519 2003 iram,
1560 1945 1616 1993 et
1662 1936 1791 1994 dicit
1834 1952 1947 1993 rem
1997 1952 2117 2008 qua:
2172 1951 2260 1992 ac-

684 2026 855 2093 cidit,
912 2026 1053 2098 quod
1097 2028 1302 2083 scilicet
1348 2033 1496 2083 arma
1548 2043 1733 2084 eorum
1778 2036 1835 2086 et
1872 2044 2061 2084 currus
2112 2045 2260 2085 com-

686 2116 975 2183 busserint,
1023 2133 1145 2173 cum
1192 2132 1288 2173 eos
1324 2134 1419 2189 per
1464 2118 1569 2173 vim
1609 2119 1883 2185 vicissent,
1913 2119 2054 2190 quod
2097 2120 2256 2175 etiam

684 2208 818 2265 dicit
857 2208 1103 2265 Ezechiel
1135 2208 1368 2281 (Each.
1397 2211 1485 2267 59.
1518 2210 1585 2266 10
1611 2211 1661 2280 );
1703 2220 1758 2267 et
1778 2211 2096 2283 quicumque
2135 2220 2261 2267 sunt

691 2298 913 2355 studiosi
959 2310 1153 2355 norunt
1195 2300 1493 2356 historiam.
1524 2302 1609 2357 ll.
1642 2299 1829 2358 Vacate
1853 2312 1900 2357 et
1928 2302 2113 2367 ridete,
2134 2319 2261 2373 quo-

689 2392 826 2446 niam
844 2409 934 2464 ego
957 2410 1069 2448 sunt
1092 2392 1245 2449 Deus.
1274 2392 1564 2465 Excutitur
1588 2396 1641 2450 in
1660 2396 1907 2467 gentibus,
1935 2406 1982 2450 et
2000 2396 2261 2456 exultabat-

687 2483 743 2537 in
763 2495 918 2539 tem.
946 2484 1116 2553 Alius,
1146 2484 1429 2551 Ceremiai,
1458 2494 1506 2540 et
1531 2488 1837 2556 cognoscite.
1874 2487 2025 2541 Alius
2044 2527 2060 2551 ,
2094 2486 2260 2543 Sinite

689 2585 745 2627 ut
773 2562 1088 2647 cognoscatis
1111 2592 1131 2631 :
1151 2575 1405 2633 llebrams
1421 2586 1599 2633 autem
1636 2576 1785 2642 dicit,
1818 2576 2099 2648 0mm
2135 2593 2256 2632 ous-

688 2665 813 2718 dou.
828 2663 925 2721 llic
940 2664 1068 2720 mihi
1087 2666 1297 2725 videtur
1312 2668 1505 2745 alloqui
1522 2676 1729 2739 gentes,
1753 2668 2133 2738 propemodum
2159 2669 2261 2727 hoc

691 2755 880 2835 dicens
902 2772 925 2811 :
959 2756 1193 2813 Novistis
1217 2756 1429 2829 quidem
1455 2758 1573 2829 ejus
1598 2758 1744 2816 vires
1766 2798 1782 2823 ,
1825 2770 1881 2817 et
1926 2761 2215 2830 potentiam
2238 2801 2254 2827 .

685 2862 807 2915 qua!
831 2845 1025 2917 ubique
1060 2855 1323 2904 terrarum
1359 2863 1419 2905 se
1460 2846 1735 2905 extendit:
1785 2863 1920 2920 opus
1963 2858 2049 2906 est
2076 2858 2260 2914 autem

670 2930 843 3003 fvubis
867 2936 1001 3004 otio,
1028 2952 1164 3009 opus
1189 2948 1273 2993 est
1292 2951 1425 2994 sano
1459 2940 1659 2995 animo.
1681 2938 1795 2995 Hoc
1814 2953 1973 3010 porro
1999 2940 2263 3010 signiﬁcat

687 3026 849 3083 etiam
879 3027 1029 3103 illud,
1070 3026 1238 3084 Sinite
1265 3044 1285 3084 :
1310 3030 1559 3085 Erret-em
1598 3028 1867 3092 dimittite,
1894 3045 1924 3083 a
1953 3030 2113 3099 priori
2139 3030 2262 3084 vita:

646 3130 650 3133 '
690 3118 935 3174 instituto
977 3107 1275 3187 recedite.
1300 3134 1331 3174 a
1380 3134 1558 3175 rerum
1600 3119 2137 3192 improharum,qu:e
2165 3135 2260 3176 vos

596 3201 601 3209 ’
687 3210 927 3267 detinent
950 3252 967 3276 ,
996 3211 1225 3282 caligine
1254 3214 1512 3281 respirate
1537 3250 1555 3278 ,
1587 3220 1645 3266 ut
1680 3210 1893 3268 deducti
1940 3230 1972 3265 a
2018 3211 2259 3267 doctrina

643 3330 647 3334 ’
687 3301 1082 3366 miraculorum,
1099 3303 1382 3375 quietoque
1406 3303 1585 3357 animo
1612 3301 1839 3373 prrditi,
1866 3304 2029 3359 Deum
2051 3303 2265 3358 univer-

689 3407 870 3449 sorum
897 3393 1215 3464 agnoscatis.
1243 3392 1427 3464 Neque
1454 3388 1595 3450 enim
1639 3394 1891 3450 miracula
1933 3393 2107 3449 solum
2152 3393 2262 3448 suf-

694 3471 901 3550 llciuut,
932 3484 1031 3539 nisi
1078 3483 1217 3540 adsit
1260 3485 1378 3554 pius
1401 3492 1457 3539 et
1480 3492 1661 3555 gratus
1701 3484 1931 3539 animus.
1960 3483 2091 3539 Nam
2120 3483 2257 3553 apud

686 3572 901 3633 Iudaeos
929 3587 1140 3644 quoque
1168 3571 1306 3627 facta
1332 3581 1454 3628 sunt
1478 3573 1751 3637 miracula,
1783 3587 1881 3628 nec
1903 3588 1971 3629 es
1994 3573 2075 3628 eis
2100 3572 2260 3644 quid-

689 3677 853 3734 quam
882 3663 1225 3719 emolumenti
1257 3663 1327 3719 ad
1371 3662 1582 3719 illorum
1634 3663 1857 3719 salutem
1900 3664 2115 3718 allatum
2156 3674 2257 3720 est.

687 3753 1146 3820 Quemadmodum
1176 3754 1318 3808 enim
1362 3768 1468 3809 nou
1508 3752 1778 3809 sufﬁciunt
1808 3746 1937 3810 solis
1958 3754 2089 3808 radii
2112 3794 2128 3819 ,
2158 3754 2259 3808 nisi

694 3844 883 3900 oculus
910 3859 1123 3915 quoque
1168 3845 1238 3899 sit
1263 3858 1428 3915 purus
1450 3851 1507 3899 et
1545 3858 1746 3915 sanus:
1786 3844 1856 3899 ita
1883 3857 1985 3899 nec
2021 3842 2110 3901 hic
2144 3845 2261 3915 qui-

699 3932 825 3989 dem
850 3912 962 3991 sola
992 3912 1248 3989 miracula
1266 3912 1575 3989 sufﬁciunt.
1606 3912 1867 4001 Quocirca
1894 3948 2015 3990 eum
2056 3933 2125 3988 de
2154 3912 2260 3989 illis

692 4023 1057 4088 disseruisset.
1084 4023 1329 4079 hortatur
1354 4038 1451 4079 eos
1473 4024 1567 4095 qui
1593 4033 1719 4081 sunt
1754 4040 1821 4081 es
1849 4016 1956 4080 illis
1978 4024 2259 4080 utilitatem

694 4115 906 4185 capturi
929 4156 945 4181 ,
988 4124 1048 4171 nt
1073 4116 1391 4187 resipiscam
1411 4131 1441 4170 a
1462 4117 1616 4173 malis
1640 4132 1760 4189 qua
1779 4133 1875 4174 eos
1898 4126 2091 4188 captos
2117 4116 2260 4173 deti-

691 4215 839 4270 nent,
866 4214 929 4262 nt
954 4206 1163 4275 possint
1178 4221 1503 4278 cognoscere
1531 4207 1695 4264 Deum
1720 4210 2112 4266 universorum.
2149 4206 2257 4263 Ve-

689 4305 824 4362 ωε,
852 4306 901 4353 et
930 4298 1107 4361 uidete,
1127 4298 1369 4367 quoniam
1389 4314 1483 4369 ego
1507 4315 1619 4354 sum
1640 4298 1798 4368 Deus,
1830 4314 1935 4357 non
1956 4301 2258 4367 simulacra,

699 4403 798 4442 nec
819 4397 1029 4443 statim.
1076 4389 1276 4445 Vacato
1319 4390 1516 4461 igitur,
1565 4401 1619 4445 et
1664 4393 1827 4447 multa
1866 4393 2259 4449 evidentissima

692 4477 843 4533 mbis
870 4490 1181 4560 argumenta
1208 4480 1507 4535 ostendam.
1536 4481 1645 4535 Hoc
1674 4483 1815 4537 enim
1841 4482 1943 4538 sibi
1966 4484 2082 4539 vult
2104 4482 2256 4550 illud,

705 4567 983 4623 Exultabor
1002 4569 1055 4622 in
1083 4571 1305 4641 gentibus
1324 4611 1341 4637 ,
1368 4581 1414 4625 et
1448 4572 1711 4627 exaltabor
1735 4574 1787 4627 in
1817 4584 1950 4627 terra
1972 4615 1987 4640 ,
2027 4575 2127 4630 hoc
2150 4586 2255 4638 est,

694 4658 799 4714 Per
819 4674 981 4727 opera
1004 4661 1153 4715 vobis
1182 4676 1405 4730 magnus
1437 4672 1491 4716 et
1524 4663 1764 4719 excelsus
1788 4666 2058 4720 ostendor.
2094 4666 2260 4721 Halu-t

572 4792 575 4795 -
690 4752 835 4807 enim
884 4752 1148 4823 propriam
1204 4754 1533 4809 altitudinem
1577 4772 1702 4824 pura
1748 4756 1875 4823 illa,
1933 4758 2001 4813 ab
2045 4760 2257 4813 interitu

683 4840 872 4903 aliena
920 4853 974 4896 et
1020 4843 1302 4899 inell'ahilis
1347 4856 1555 4900 natura.
1606 4839 1710 4903 Sed
1740 4848 1991 4917 quoniam
2018 4865 2114 4905 vos
2140 4865 2256 4921 eam

697 4943 814 4987 non'
826 4934 1143 5004 perspicitis.
1170 4951 1287 4989 eam
1317 4937 1466 4991 vobis
1498 4952 1593 5007 per
1616 4952 1780 5007 opera
1808 4941 2109 4997 ostendam.
2140 4939 2256 4995 Non

692 5012 865 5077 selum
892 5035 1072 5079 autem
1102 5025 1155 5078 in
1189 5025 1490 5092 Palmstiua,
1522 5042 1622 5084 nec
1676 5028 1846 5083 solum
1873 5029 2255 5102 Jerosolymis,

692 5111 789 5171 sed
812 5115 969 5168 etiam
997 5114 1136 5186 apud
1181 5130 1279 5172 Vna
1329 5126 1535 5188 gentes.
1568 5117 1643 5174 Ita
1677 5134 1807 5190 ergo
1834 5122 2133 5186 esallatur,
2164 5137 2257 5178 eos

690 5205 909 5259 vincens
951 5218 1015 5260 ac
1049 5220 1347 5276 superans,
1396 5208 1649 5266 miracula
1704 5211 1901 5277 iaciens
1948 5211 2252 5284 Babylone.

701 5296 961 5349 miracula
982 5297 1034 5350 in
1074 5295 1327 5368 Egypto,
1361 5299 1611 5354 miracula
1643 5300 1695 5356 in
1722 5301 1932 5357 deserto
1954 5345 1968 5369 ,
2002 5305 2254 5361 miracula

690 5397 788 5450 per
815 5386 1116 5440 universum
1160 5388 1343 5443 orbem
1369 5396 1633 5445 terrarum
1659 5431 1674 5454 .
1715 5399 1772 5445 ut
1798 5393 1871 5446 illi
1902 5394 2134 5465 undique
2158 5395 2253 5449 lia-

691 5475 853 5528 heant
880 5474 1173 5532 doctrinam
1217 5480 1335 5549 ejus
1372 5482 1711 5553 cognitionis.
1762 5484 1849 5540 l2.
1896 5484 2140 5544 Dominus
2164 5492 2257 5543 vir-

688 5574 849 5619 tutum
876 5566 1129 5622 uobiscum
1145 5610 1159 5635 ,
1187 5579 1446 5637 susceptor
1467 5580 1636 5628 nos!“
1663 5573 1801 5629 Deus
1839 5574 2019 5631 Iacob.
2049 5578 2145 5636 llic
2169 5590 2253 5636 est

691 5672 820 5727 ergo
847 5659 1011 5725 Deus,
1032 5661 1124 5730 qui
1172 5674 1253 5718 est
1292 5665 1485 5730 ubique
1525 5680 1746 5735 magnus
1769 5708 1784 5731 ,
1812 5669 1900 5737 qui
1943 5682 2024 5724 est
2059 5670 2281 5743 ubique.

690 5749 948 5815 etcilsus,
980 5751 1023 5806 is
1051 5765 1262 5823 semper
1288 5754 1431 5810 stetit
1469 5754 1760 5831 nobiscum.
1804 5756 1880 5813 Ne
1909 5775 2034 5832 ergo
2063 5761 2252 5821 timea-

1354 371 1395 430 S
1447 367 1725 427 JOANNIS
1782 363 2251 425 Clllll'SOSTOlll
2292 361 2603 421 ARCHIEP.
2644 360 3176 418 CONSTANTINOP.

2366 475 2457 539 tis,
2504 488 2676 542 neque
2724 472 3114 529 conturbemiui
3150 515 3166 539 ,
3219 486 3338 527 eum
3391 471 3629 527 habeatis
3665 473 3987 527 hominum

2370 564 2507 618 adeo
2530 564 2994 633 inexpugnabilem
3033 582 3047 618 :
3077 578 3235 631 quem
3273 564 3427 619 decet
3452 562 3645 633 gloria,
3677 562 3995 624 homines

2368 652 2758 723 magniﬁcentia
2785 696 2797 714 ,
2829 668 2949 706 tum
3000 652 3156 706 Patre
3187 652 3430 722 principii
3455 662 3697 724 experte,
3728 662 3789 708 et
3814 654 3989 707 vivi-

2366 743 2468 796 ﬁco
2500 759 2597 797 suo
2620 743 2838 812 Spiritu,
2871 757 3013 807 nunc
3039 751 3093 798 et
3120 752 3431 813 semper,et
3464 743 3517 798 iu
3544 744 3741 799 arcula
3780 758 3993 799 seets-

2366 836 2559 891 lorum.
2584 838 2776 891 Amen.

2807 987 2875 1044 IN
2902 987 3223 1045 PSALMUI
3262 987 3451 1043 XLVI.

2369 1122 2421 1176 l.
2471 1120 2541 1177 Ιιι
2576 1121 2731 1191 ﬂuat
2753 1161 2775 1191 ι
2813 1137 2907 1193 pro
2939 1121 3063 1191 ﬁliis
3088 1119 3237 1176 Core.
3262 1118 3437 1187 Alius,
3470 1118 3707 1177 Victoria
3749 1119 3985 1174 «necui

2682 1245 2689 1251 ο
2954 1211 3179 1280 ﬁliorum
3196 1207 3349 1267 Cm.

2361 1366 2420 1423 2.
2464 1366 2650 1422 Ouum
2676 1382 2872 1439 ganeo,
2895 1365 3122 1437 plaudite
3146 1365 3396 1420 manibus.
3429 1364 3599 1429 Alius,
3625 1362 3805 1447 lassa.
3841 1362 3975 1418 Ju-

2432 1458 2587 1512 bilts
2615 1456 2723 1513 Deo
2736 1458 2789 1511 in
2815 1473 2934 1512 uoce
2959 1456 3325 1512 assulatim.
3354 1457 3526 1521 Alius,
3558 1454 3869 1528 Signiﬁcatu
3895 1458 3965 1510 ius

2435 1564 2555 1601 uoce
2590 1548 2994 1603 laudationia.3.
3025 1546 3276 1616 Questions
3294 1546 3542 1603 Domitius
3566 1534 3820 1610 accisas,
3852 1560 3985 1603 ter-

2433 1640 2613 1706 ribilis,
2643 1656 2733 1695 rea
2761 1656 2972 1710 magna
2998 1655 3150 1709 super
3176 1655 3373 1694 om
3399 1649 3603 1694 umet.

2437 1794 2490 1849 l.
2546 1792 2648 1850 llic
2678 1792 2841 1849 etiam
2888 1792 3129 1848 Psalmns
3155 1794 3293 1848 idem
3318 1795 3486 1864 tangit
3521 1803 3908 1866 argumentum
3933 1830 3959 1861 ,

2360 1883 2549 1940 dicens
2576 1882 2825 1939 victorias
2872 1895 2928 1938 et
2980 1892 3177 1953 tropaea
3208 1898 3329 1952 qua:
3374 1891 3561 1938 contra
3602 1883 3787 1938 hostes
3839 1882 3957 1937 sibi

2365 1982 2617 2044 pararunt
2645 2016 2659 2038 .
2688 1982 2746 2030 et
2769 1975 3072 2029 universum
3125 1974 3311 2030 orbem
3341 1982 3604 2029 terrarum
3643 1990 3847 2031 vocans
3876 1975 3958 2029 ad

2360 2078 2425 2119 ea
2451 2062 2734 2129 laudanda,
2764 2079 2883 2133 qua:
2911 2074 3058 2135 gesta
3102 2074 3243 2121 sunt.
3273 2064 3376 2127 Sed
3408 2065 3682 2121 nonnullis
3709 2065 3961 2122 fortasse

2362 2154 2571 2211 videtur
2590 2155 2755 2212 divini
2780 2155 3008 2226 Spiritus
3039 2155 3340 2213 hortatione
3367 2155 3638 2224 indignum
3665 2170 3789 2212 esse
3814 2172 3956 2227 pro-

2361 2247 2584 2301 emium
2613 2285 2630 2312 ,
2658 2260 2866 2302 necnon
2916 2244 3181 2315 ejusmodi
3216 2245 3390 2317 jussio
3413 2286 3429 2313 ,
3461 2246 3680 2316 plausus
3702 2287 3720 2314 ,
3749 2246 3963 2315 strepi-

2362 2343 2468 2399 tus,
2496 2344 2551 2391 et
2570 2335 2995 2391 vociferationes.
3022 2334 3205 2407 Neque
3250 2338 3396 2392 enim
3426 2336 3493 2391 iis
3515 2376 3535 2402 ,
3552 2336 3643 2408 qni
3686 2338 3741 2391 iu
3790 2336 3948 2393 hunc

2364 2424 2722 2481 venerandum
2746 2426 2921 2480 locum
2935 2424 3002 2480 ad
3021 2424 3319 2482 ducendum
3340 2425 3953 2494 constitutum,coennt,

2362 2515 2479 2572 haec
2514 2514 2744 2573 lortasse
2780 2519 3141 2582 conveniant,
3164 2517 3362 2573 dixerit
3384 2518 3693 2589 quispiam;
3719 2519 3817 2574 sed
3874 2521 3955 2576 iis

2359 2608 2451 2677 qui
2476 2608 2531 2661 in
2556 2621 2717 2662 scuta
2759 2616 2815 2663 et
2865 2606 3125 2663 conviviis
3151 2618 3454 2672 venantur,
3490 2609 3691 2664 motata
3723 2609 3955 2678 pulsare

2362 2707 2418 2753 et
2473 2696 2726 2766 plaudere
2772 2684 3054 2754 manibus:
3100 2699 3227 2754 viris
3272 2708 3451 2754 autem
3480 2699 3571 2771 qui
3604 2698 3867 2755 docentur
3912 2718 3950 2755 ι

2361 2788 2529 2856 gratia
2552 2786 2790 2855 Spiritus
2808 2828 2823 2851 ,
2854 2788 3106 2841 cottveuit
3132 2788 3286 2857 quies
3305 2828 3322 2853 ,
3347 2786 3505 2855 ordo,
3535 2797 3592 2844 et
3612 2789 3945 2845 moderatio.

2367 2876 2506 2945 Quid
2548 2891 2679 2948 ergo
2707 2876 2791 2932 bis
2840 2876 3200 2947 signiﬁcatur,
3239 2887 3484 2949 osquam
3524 2878 3898 2949 jubilationem
3928 2922 3949 2947 .

2362 2980 2522 3037 quem
2546 2966 2787 3036 plausum
2826 2967 2902 3021 ait
2927 2966 2953 3019 τ
2975 2967 3387 3023 Consiteverunt
3425 2968 3570 3025 enim
3599 2968 3702 3025 hoc
3727 2968 3907 3024 facere
3926 3011 3949 3037 .

2360 3056 2451 3126 qui
2477 3056 2734 3112 instructa
2761 3056 2876 3110 acie
2907 3057 3093 3124 prelio
3132 3067 3259 3113 sunt
3282 3058 3633 3122 decertatnri,
3660 3059 3897 3129 jubilarc
3922 3102 3943 3127 .

2364 3147 2579 3216 inquam
2606 3189 2621 3212 ,
2675 3158 2729 3201 ct
2773 3148 3019 3202 manibus
3067 3150 3331 3205 maximos
3365 3150 3584 3222 plausus
3631 3150 3830 3215 edere.
3868 3153 3947 3208 ad

2363 3235 2548 3291 hostes
2573 3231 2956 3305 perterrendos
2995 3253 3070 3291 :a
3098 3239 3383 3310 tranquillo
3429 3249 3608 3296 autem
3657 3242 3839 3317 animo
3855 3253 3953 3299 est

2366 3329 2469 3383 hoc
2494 3329 2746 3384 alienum.
2784 3329 3022 3385 Psalmus
3045 3346 3174 3410 vero
3192 3331 3343 3402 jubet
3366 3342 3654 3405 utrumque
3676 3374 3691 3397 .
3709 3344 3765 3391 et
3782 3335 3946 3405 plan-

2365 3419 2496 3475 dere
2559 3422 2839 3484 manibus.
2866 3432 2922 3478 et
2950 3422 3201 3493 juhilare.
3243 3424 3381 3492 Quid
3425 3436 3509 3481 est
3537 3440 3671 3497 ergo
3691 3428 3832 3497 quod
3856 3427 3952 3483 di—

2363 3523 2510 3567 ctum
2532 3522 2615 3568 est
2642 3513 2668 3566 ἲ
2691 3513 2832 3569 Nihil
2866 3514 3009 3569 aliud
3038 3556 3054 3579 .
3088 3516 3187 3571 nisi
3235 3516 3560 3585 voluptatem
3588 3557 3604 3583 ,
3632 3527 3691 3575 et
3728 3518 3944 3588 signum

2362 3592 2599 3661 victoria
2659 3607 2941 3676 sigpilleat.
3005 3606 3135 3662 Nam
3200 3609 3322 3664 alibi
3395 3625 3611 3681 quoque
3684 3609 3946 3681 propheta

2364 3687 2565 3741 inducit
2610 3687 2802 3743 ﬂuvios
2828 3690 3139 3757 plaudentes
3175 3692 3421 3746 manibus
3443 3733 3457 3754 ,
3488 3691 3690 3759 Fluvii,
3721 3692 3944 3760 dicens,

2365 3779 2606 3847 plu-deut
2654 3782 2885 3835 manibus
2922 3781 2977 3835 in
3020 3782 3243 3851 idipsstnt
3269 3781 3289 3853 (
3319 3781 3461 3838 Psul.
3503 3784 3591 3841 97.
3622 3785 3718 3851 9).
3758 3785 3949 3844 Esaias

2363 3880 2543 3926 autem
2573 3872 2793 3927 arbores
2830 3888 3042 3943 quoque
3067 3874 3286 3930 adducit
3333 3877 3435 3932 hoc
3461 3876 3717 3933 facientes
3758 3882 3775 3948 (
3810 3876 3941 3939 laci.

2362 3960 2452 4014 55.
2477 3959 2586 4029 12)
2615 3975 2631 4025 ;
2657 3961 2747 4017 hic
2768 3960 2881 4031 ipse
2904 3972 3081 4018 autem
3110 3978 3295 4018 rursus
3319 3973 3374 4019 ct
3417 3977 3626 4022 montes
3644 4009 3661 4035 ,
3692 3978 3747 4023 et
3771 3969 3948 4027 colles

2361 4052 2668 4108 essilientes
2694 4052 2884 4133 (ιξωι.
2902 4055 3038 4133 μδ.
3075 4056 3175 4125 ι);
3207 4072 3314 4111 nun
3341 4067 3397 4110 ut
3427 4058 3529 4113 hoc
3554 4058 3941 4131 intelligamus,

2362 4158 2555 4213 nempe
2583 4129 2795 4198 montes
2821 4153 2876 4200 et
2903 4129 3068 4202 colles
3089 4146 3325 4210 exsilire,
3368 4163 3465 4203 nec
3482 4129 3947 4216 plauderevllnviua

2363 4233 2448 4289 vel
2496 4249 2687 4289 manus
2735 4234 3100 4309 haberc(hoc
3141 4248 3283 4293 esset
3309 4240 3449 4294 enim
3478 4250 3731 4298 extrema-
3760 4259 3944 4299 ameuo

2364 4325 2451 4379 tia:
2482 4324 2519 4394 ),
2548 4324 2640 4380 scd
2670 4336 2721 4381 ut
2747 4340 3008 4381 summam
3024 4327 3294 4383 discamus
3318 4330 3659 4401 voluptatem.
3687 4333 3760 4388 ita
3778 4334 3941 4391 etiam

2364 4429 2643 4484 possumus
2680 4414 2860 4471 videre
2908 4418 2961 4471 in
3014 4417 3335 4475 hominibus.
3403 4420 3468 4476 Et
3496 4436 3734 4476 curuos:
3762 4422 3889 4477 dixit
3915 4465 3939 4491 ,
3974 4474 3977 4477 .

2362 4504 2602 4561 Gaudete
2630 4516 2685 4561 ct
2708 4505 2916 4563 exsilite
2936 4548 2954 4571 ,
2983 4508 3076 4564 sed
3099 4551 3114 4574 ,
3148 4507 3406 4576 Plaudite,
3452 4520 3528 4576 et,
3571 4510 3795 4566 Jubilnte
3816 4513 3843 4567 1
3867 4512 3941 4569 Ut

2365 4596 2516 4649 nobis
2541 4596 2802 4665 insignem
2836 4597 3083 4653 ostendat
3117 4600 3460 4669 voluptatem.
3482 4600 3939 4668 Quemadmodum

2362 4685 2503 4740 enim
2540 4685 2801 4754 Christus,
2844 4688 3060 4757 quando
3104 4688 3230 4742 dicit
3255 4731 3270 4752 ,
3303 4686 3381 4744 Ta
3411 4702 3577 4746 autem
3604 4685 3813 4761 ἠεαδιάο
3848 4697 3936 4764 je-

2353 4775 2531 4845 junus,
2564 4790 2696 4844 ungc
2718 4786 2869 4843 caput
2895 4785 3059 4841 tuum,
3096 4787 3145 4831 et
3168 4778 3352 4844 faciem
3379 4789 3518 4832 tuam
3556 4781 3671 4835 lava
3696 4780 3719 4852 (
3740 4780 3899 4843 "alii:

2361 4861 2414 4917 6.
2443 4865 2505 4917 l7
2534 4864 2573 4932 ),
2595 4879 2699 4917 non
2729 4864 2828 4917 hoc
2852 4865 3002 4926 dicit.
3036 4866 3352 4937 prrceipieus
3374 4879 3431 4922 ut
3460 4872 3759 4944 ungamur(
3782 4864 3939 4928 nemo

2360 4954 2500 5008 enim
2543 4962 2782 5008 nostrum
2820 4952 2922 5009 hoc
2966 4955 3085 5009 facit
3114 4955 3154 5027 ).
3183 4957 3278 5012 sed
3322 4967 3383 5013 ut
3429 4948 3775 5017 ostendamus
3802 4978 3935 5032 gan-

2360 5043 2535 5108 dium,
2578 5045 2861 5115 letumque
2901 5046 3135 5102 animum
3180 5048 3201 5112 ί
3245 5048 3480 5120 przecipit
3520 5050 3750 5109 enimut
3788 5052 3935 5110 lzetus

2355 5133 2595 5204 jejuuet,
2620 5135 2888 5189 tristitiam
2915 5148 3021 5190 non
3047 5152 3160 5208 pra:
3196 5154 3258 5194 se
3297 5138 3476 5195 ferens
3503 5142 3556 5210 ):
3578 5142 3647 5198 ita
3671 5147 3823 5199 etiam
3848 5144 3936 5202 hic

2360 5238 2570 5292 quoque
2601 5238 2706 5278 non
2735 5223 2838 5279 hoc
2862 5224 2996 5294 jussi
3018 5243 3223 5293 sumus,
3257 5245 3449 5299 nempe
3479 5233 3730 5302 plaudere
3767 5239 3931 5291 maui-

2363 5313 2459 5369 bus
2484 5357 2498 5378 ,
2524 5324 2580 5371 et
2601 5314 2826 5384 jubilare
2847 5356 2862 5381 ,
2890 5315 2986 5371 sed
3014 5318 3142 5388 dum
3172 5321 3449 5390 psallimus
3477 5363 3493 5388 ,
3524 5323 3688 5380 lauari
3708 5366 3722 5389 ,
3751 5336 3803 5381 et
3841 5344 3931 5381 νοο

2363 5403 2559 5472 luptate
2595 5405 2753 5461 afﬁci.
2796 5404 2922 5462 iure
2954 5420 3134 5465 autem
3177 5415 3460 5482 sumpserit
3486 5416 3745 5486 quispiam
3787 5417 3930 5473 Psal-

2362 5510 2508 5549 mum
2539 5510 2634 5566 per
2652 5511 2946 5567 anagugen.
2975 5498 3195 5556 historia
3225 5503 3505 5562 sublimior
3526 5505 3762 5563 eﬂ’ectns.
3798 5508 3927 5565 Nam

2359 5587 2455 5640 etsi
2485 5586 2690 5642 initium
2714 5602 2777 5643 ac
2806 5589 3122 5655 prooemium
3148 5592 3293 5649 ducit
3325 5610 3355 5651 s
3382 5598 3742 5663 sensualibus,
3764 5600 3823 5655 ad
3846 5601 3926 5657 iu-

2359 5675 2648 5746 telligibilia
2682 5687 2859 5733 tamen
2885 5678 3101 5737 deducit
3132 5683 3449 5741 auditorem.

2433 5765 2700 5839 Scriptura
2732 5785 2878 5826 sacra
2919 5779 2972 5827 ut
3011 5773 3320 5846 accipienda.
3352 5808 3413 5820 -~
3432 5778 3589 5846 Quod
3615 5780 3752 5836 cuitu
3778 5790 3924 5840 attica
