4070 6490
686 436 793 492 πω

679 549 823 625 ἐρῶ·
850 554 922 609 τὰ
943 554 1040 627 μιν
1061 554 1135 618 ῶς
1161 553 1372 625 εἴρηται
1391 553 1705 623 ἐκληπτέον,
1736 554 1802 608 τά
1830 553 1885 607 δέ
1909 552 2234 614 ἀπεναντίας

680 643 791 704 τοῖς
804 640 1097 711 κειμένοις,
1122 638 1231 693 οἷον
1254 641 1329 704 ὡς
1354 639 1469 710 έχει
1497 640 1581 694 ἐπ’
1612 640 1845 693 ἐκείνου·
1881 643 2061 693 Λύκοι
2078 651 2104 678 ι
2139 637 2238 690 καί

680 726 861 796 ἄρνες
883 728 1001 798 ἅμα
1030 728 1540 795 βοσκηθήσονεαι.
1571 727 1647 781 Οὐ
1678 727 1784 797 γάρ
1811 725 1875 796 δὴ
1915 724 2107 787 λύκους
2138 722 2233 776 καὶ

684 813 854 886 ἄρνας
884 814 1245 884 ἐκληψόμεθα.
1274 815 1393 867 οὐδὲ
1422 815 1595 884 ἄχυρα
1617 854 1632 877 ,
1666 813 1761 866 καὶ
1789 812 1913 881 βοῦν
1940 850 1955 874 ,
1983 811 2077 864 καὶ
2104 808 2239 863 ταῦ-

688 917 801 973 ρον,
831 900 967 953 ἀλλά
987 899 1054 953 τά
1076 900 1183 953 τῶν
1208 900 1503 971 ἀνθρώπων
1518 900 1623 970 ῆθη
1650 898 1740 953 διὰ
1758 898 1858 967 τῆς
1899 896 2007 949 τῶν
2032 896 2240 964 ἀλόγων

687 986 893 1049 εἰκόνος
915 986 1401 1057 χαρακτηρίζομεν·
1428 984 1496 1038 τά
1510 984 1564 1039 δὲ
1581 984 1722 1038 κατά
1737 983 1927 1054 διπλῆν
1950 982 2170 1051 ἐκδοχὴν
2185 980 2237 1044 ι’,

687 1073 756 1125 τά
780 1088 840 1125 τε
874 1072 1102 1141 αἰσθητά
1133 1073 1403 1136 νοοῦντες,
1434 1072 1529 1126 καὶ
1565 1072 1632 1125 τά
1669 1071 1833 1141 νοητά
1870 1067 2238 1137 ἐκδεχόμενον

690 1156 876 1228 ῶσπερ
914 1158 1007 1211 ἐπὶ
1054 1157 1154 1225 τῆς
1202 1157 1487 1227 ἀναγωγῆς
1536 1156 1630 1210 τοῦ
1686 1155 1801 1208 υίοῦ
1833 1154 1926 1208 τοῦ
1971 1151 2237 1223 Ἀϐραάμ.

690 1243 812 1295 Ὀτι
842 1231 952 1312 γὰρ
978 1245 1005 1295 6
1032 1244 1145 1307 υίὸς
1176 1244 1440 1313 ἀνηνέχθη
1470 1245 1643 1313 ἴσμεν,
1681 1242 1773 1295 καὶ
1801 1241 1985 1310 ἕτερόν
2013 1256 2063 1291 τι
2087 1241 2245 1306 ἐγκε-

690 1330 1003 1400 κρυμμένον
1030 1328 1105 1399 τῷ
1137 1330 1363 1399 νοήματι
1396 1330 1688 1397 ἐκλέγομεν
1719 1327 1807 1381 διά
1841 1326 1935 1380 τοῦ
1964 1326 2081 1379 υἰοῦ
2106 1366 2120 1387 ,
2151 1325 2242 1377 τὸν

694 1415 939 1485 σταυρόν.
966 1416 1071 1467 Καὶ
1113 1415 1210 1469 ἐπὶ
1238 1414 1329 1467 τοῦ
1361 1414 1630 1486 προϐάτου
1657 1413 1713 1466 δέ
1750 1412 1844 1466 τοῦ
1873 1414 1932 1466 ἐν
1964 1411 2242 1481 Αἰγύπτῳ,

692 1498 853 1552 πάλιν
869 1500 1066 1568 ὁμοίιος
1092 1499 1185 1552 τοῦ
1209 1499 1409 1563 πάθους
1430 1501 1529 1571 τὴν
1546 1500 1731 1552 εἰκόνα
1752 1516 1995 1569 χαρακτη
2005 1497 2241 1569 ρίζομεν.

692 1585 861 1639 Τοῦτο
894 1585 957 1657 δὴ
991 1588 1082 1639 καὶ
1112 1586 1343 1642 ἐνταῦθα
1392 1589 1562 1641 ποιεῖν
1607 1587 1734 1658 χρή.
1776 1586 1909 1639 Οὐδὲ
1953 1586 2060 1658 γὰρ
2100 1584 2246 1654 περὶ

704 1672 946 1741 Ἆράόων
992 1673 1176 1737 άπλῶς
1206 1675 1235 1728 6
1284 1674 1437 1742 λόγος
1453 1713 1468 1738 ,
1499 1677 1593 1729 καὶ
1629 1674 1739 1727 τῶν
1784 1673 2039 1741 γειτόνων
2058 1714 2074 1737 ,
2113 1670 2248 1725 ἀλλά

694 1759 872 1812 πάντα
896 1760 961 1811 τὰ
994 1759 1118 1831 ἔθνη
1146 1762 1317 1815 καλεί.
1354 1761 1482 1815 Ὅτι
1508 1762 1721 1828 Κύριος
1756 1760 2041 1828 ὕψιστος,
2078 1759 2249 1827 φοϐε-

688 1845 831 1913 ρὸς,
865 1846 1163 1912 βασιλεὺς
1195 1847 1383 1916 μέγας
1422 1847 1520 1902 ἐπὶ
1557 1847 1763 1901 πᾶσαν
1799 1845 1914 1912 τὴν
1946 1844 2081 1913 γῆν.
2129 1845 2248 1897 ’Δν-

697 1930 877 2005 ίστησι
899 1933 1077 1986 τοίνυν
1106 1936 1171 1987 ἐκ
1201 1934 1497 2005 προοιμίων
1538 1928 1629 1986 τὸν
1667 1933 1963 2002 ἀκροατήν,
1994 1931 2129 2001 πρὸς
2160 1947 2248 1983 το-

694 2019 883 2071 σοῦτον
905 2018 1065 2086 δγκον
1094 2019 1433 2087 Εὐαγγελίων
1467 2019 1647 2073 καλῶν
1670 2056 1685 2081 ,
1713 2018 1807 2071 καὶ
1840 2018 1975 2087 πρὸς
2010 2017 2107 2088 τὴν
2151 2017 2250 2088 τῆς

692 2105 1014 2176 οἰκουμένης
1047 2109 1369 2177 πανήγυριν,
1396 2106 1488 2164 καὶ
1520 2106 1669 2160 θείαν
1692 2104 1815 2159 τινὰ
1834 2106 1929 2159 καὶ
1954 2123 2250 2176 πνευματι-

693 2192 797 2259 κὴν
818 2192 1007 2262 ἐορτὴν
1024 2234 1039 2258 ,
1067 2193 1161 2246 καὶ
1192 2192 1290 2263 τὴν
1322 2195 1387 2246 ἐκ
1415 2191 1523 2245 τῶν
1552 2192 1795 2263 οὐρανῶν
1838 2193 2251 2262 κατενεχθεῖσαν

698 2279 1101 2347 μυσταγωγίαν.
1132 2280 1231 2333 Διὰ
1260 2279 1324 2348 δὴ
1347 2278 1520 2343 τοῦτο,
1544 2278 1908 2346 Κροτήσατε.
1938 2278 2069 2349 φησί
2088 2296 2103 2309 ·
2129 2297 2249 2334 του-

693 2358 845 2412 τέστι
873 2398 889 2422 ,
919 2360 1120 2430 χάρητε
1142 2400 1157 2423 ,
1189 2361 1532 2430 σκιρτήσατε.
1564 2361 1671 2419 Καὶ
1702 2360 1810 2432 γὰρ
1839 2361 1933 2415 καὶ
1965 2363 1995 2415 6
2022 2362 2251 2430 εὐαγγε-

693 2439 844 2503 λικδς
886 2440 1041 2508 λόγος
1079 2441 1235 2494 τοῦτο
1279 2441 1707 2512 παρακελεύεται
1758 2442 1931 2510 λέγων
1957 2483 1973 2509 ,
2015 2442 2254 2510 Σκιρτή·

693 2536 872 2575 σατυ-
902 2522 965 2575 οὐ
1001 2523 1213 2585 πάντως
1251 2523 1751 2594 παρακελευόμενος
1779 2523 2126 2589 ἐξάλλεσθαι,
2158 2525 2252 2576 καὶ⁵

694 2602 873 2673 πηδᾷν
896 2602 1084 2673 (τοῦτο
1119 2604 1226 2674 γάρ
1263 2604 1644 2675 ἀνελεύθερον)
1664 2643 1679 2668 ,
1704 2604 1839 2658 ἀλλά
1866 2605 1966 2670 τῆς
1990 2606 2165 2675 χαρᾶς
2192 2604 2252 2659 τὸ

692 2684 1079 2754 ἐπιτεταμένον
1107 2684 1302 2755 δηλῶν.
1344 2686 1452 2739 Καὶ
1490 2686 1598 2756 γάρ
1645 2685 1842 2756 πολλῆς
1888 2687 2079 2757 ήδονῆς
2104 2686 2252 2750 ἀξιον

694 2766 759 2819 τὸ
786 2765 1081 2835 γινόμενον.
1108 2766 1276 2837 ὐσην
1299 2768 1406 2837 γάρ
1438 2770 1467 2821 ὁ
1491 2768 1638 2839 ἣλιος
1666 2770 1837 2839 ἐφορᾷ
1862 2769 1964 2838 γῆν
1986 2807 2002 2833 ,
2030 2769 2060 2820 6
2092 2769 2252 2836 εὐαγ-

694 2848 907 2917 γελικδς
933 2848 1087 2916 λόγος
1132 2849 1436 2921 ἐπέδραμε,
1466 2851 1559 2903 καὶ
1601 2851 1751 2904 πᾶσα
1796 2850 1974 2921 ἐσώθη
2008 2852 2042 2921 ή
2073 2852 2253 2904 οἰκου-

698 2929 834 3001 μένη
858 2969 874 2993 ,
907 2930 999 2982 καὶ
1028 2930 1127 2999 τῆς
1154 2929 1404 3002 λατρείας
1438 2932 1538 3001 τῆς
1581 2932 1873 3001 ἰουδαῖκῆς
1914 2933 1963 2984 οί
2001 2932 2108 3003 πρὸ
2132 2932 2253 2985 τού-

694 3028 788 3065 του
814 3014 878 3081 τῇ
907 3011 1079 3082 πλάνη
1106 3016 1456 3083 κατεχόμενοι
1488 3012 1706 3083 μείζονα
1733 3012 2075 3079 ἐπεδείξαντο
2104 3013 2253 3081 φιλο-

698 3093 909 3160 σοφίαν.
949 3094 1150 3149 Πάντα
1207 3094 1281 3147 τὰ
1321 3094 1464 3162 ἔθνη
1505 3094 1834 3162 κροτήσαινε
1882 3094 2100 3162 χεῷας.
2142 3095 2252 3159 Τάς

700 3175 897 3245 μιαρᾶς
936 3175 1146 3238 ἐκείνας
1182 3175 1285 3245 πρὸ
1316 3177 1503 3229 τούτου
1526 3216 1541 3241 ,
1575 3176 1739 3245 φησὶν
1766 3216 1781 3237 ,
1815 3174 1967 3247 [189]
2000 3176 2099 3239 τάς
2125 3179 2252 3230 ἐνα-

696 3260 840 3326 γεῖς,
874 3257 972 3321 τὰς
998 3258 1189 3327 αἵματι
1225 3259 1588 3329 μολυνομένας
1625 3258 1746 3311 καθ’
1778 3259 2012 3329 ἑκάστην
2042 3260 2253 3331 ἡμέραν

696 3339 786 3394 8ιά
808 3338 917 3391 τῶν
944 3339 1261 3410 ἀκαθάρτων
1288 3340 1485 3393 θυσιῶν
1506 3377 1523 3403 ,
1549 3339 1615 3392 δι’
1640 3332 1714 3392 ὧν
1745 3340 1936 3403 παῖδας
1962 3340 2252 3409 ἐσφάξατε,

698 3421 795 3475 καὶ
818 3423 884 3476 τά
907 3424 1107 3495 αἰσχρά
1128 3423 1479 3494 ἐτολμήσατε,
1506 3424 1600 3479 καὶ
1628 3421 1767 3477 κατᾶ
1799 3424 1898 3493 τῆς
1925 3423 2136 3492 φύσεως
2160 3425 2256 3477 αὐ-

698 3505 795 3575 τῆς
816 3505 1151 3576 ἐχωρήσατε,
1188 3505 1275 3559 διά
1301 3506 1501 3560 τούτων
1533 3509 1831 3577 κροτήσατε
1856 3505 1972 3559 νῦν.
2013 3506 2257 3560 Ἀλαλάα

699 3588 841 3650 εατε
868 3587 947 3653 τῷ
976 3587 1096 3652 Θεῷ
1119 3589 1188 3643 ἐν
1210 3587 1377 3657 ςρωνῆ
1399 3588 1828 3658 ἀγαλλιάσεως.
1848 3586 1944 3641 Διά
1966 3589 2062 3657 τῆς
2083 3587 2255 3655 γλώτ-

696 3684 796 3738 ⁸της
829 3668 1069 3739 ἐκείνης,
1103 3669 1170 3723 δι’
1195 3665 1263 3740 ῆς
1287 3670 1579 3739 ἐγεύσασθε
1604 3672 1710 3723 τῶν
1736 3669 1965 3738 ἐναγῶν,
1994 3669 2060 3721 δι’
2088 3665 2156 3741 ῆς
2186 3668 2254 3722 τά

700 3752 993 3823 βλάσφημα
1017 3753 1343 3823 ἐξηνέγκατε
1372 3755 1610 3825 ῥήματα,
1631 3752 1717 3809 διὰ
1739 3752 1938 3824 ταύτης
1958 3751 2256 3817 ἀλαλάξατε

698 3835 796 3904 τὴν
824 3833 1082 3887 ἐπινίκιον
1101 3835 1265 3906 ᾠδήν.
1295 3836 1402 3888 Καὶ
1429 3836 1535 3907 γάρ
1561 3833 1681 3897 ἔθος
1708 3836 1819 3896 τοῖς
1851 3834 2250 3905 στρατοπέδοις,

699 3916 826 3968 ὅταν
854 3916 1008 3987 κλίνῃ
1037 3917 1142 3969 τῶν
1179 3917 1522 3974 ἐναντίωντὸ
1551 3915 1905 3986 στρατόπεδον
1924 3958 1938 3981 ,
1969 3914 2163 3986 μηκέτι
2187 3917 2254 3987 τῇ

703 3997 967 4060 συστάδην
1001 4008 1023 4036 ο
1056 3998 1351 4067 κεχρῆσθαι
1394 3999 1541 4070 μάχη
1560 4038 1575 4057 ,
1604 3997 1718 4051 ἀλλ’
1747 3996 2011 4066 όμοφώνῳ
2043 3996 2139 4068 βοῇ
2164 4001 2258 4052 καὶ

700 4080 996 4151 ἀλαλαγμῷ
1025 4081 1120 4142 τάς
1148 4082 1245 4152 ήδη
1295 4081 1723 4152 καταϐληθείσας
1752 4072 1928 4133 αὐτῶν
1954 4079 2258 4134 κατασείειν

699 4162 905 4234 ψυχάς·
939 4165 1073 4234 ὅπερ
1094 4164 1208 4215 ἐστὶ
1233 4162 1386 4234 νίκης
1415 4164 1672 4235 λαμπρᾶς
1697 4164 1790 4216 καὶ
1813 4163 2072 4235 τροπαίου
2102 4164 2259 4234 μέγι-

704 4262 825 4299 στον
858 4249 1173 4315 τεκμήριον.
1199 4247 1325 4300 ὅταν
1358 4247 1442 4316 μη·
1460 4247 1643 4315 χερσὶν
1666 4246 1695 4298 6
1728 4245 1958 4316 πόλεμος
1985 4246 2257 4318 κρίνηται,

703 4328 817 4380 ἀλλ’
870 4329 904 4397 ἡ
964 4328 1060 4398 βοὴ
1134 4328 1225 4381 καὶ
1285 4329 1404 4381 ἀντὶ
1455 4328 1654 4398 χειρῶν
1674 4366 1689 4391 ,
1747 4328 1842 4383 καὶ
1895 4330 2018 4383 ἀντὶ
2082 4328 2262 4384 ὅπλων

702 4411 866 4478 ἀρχῇ.

854 4450 937 4538 ’Τὸ
968 4487 1066 4556 μὲν
1099 4482 1189 4539 οὖν
1219 4486 1374 4557 ἔργον
1396 4486 1539 4542 ἅπαν
1557 4487 1651 4543 τοῦ
1675 4488 1909 4561 Χριστοῦ
1931 4490 2117 4559 γέγονε
2132 4508 2147 4524 σ
2172 4490 2263 4547 τὸν

702 4569 811 4639 γάρ
838 4568 1068 4637 χαλεπὸν
1093 4568 1278 4620 τοῦτον
1310 4569 1470 4634 αὐτὸς
1505 4570 1766 4637 κατέλυσε
1795 4572 2059 4642 πόλεμον,
2093 4573 2263 4643 δήσας

703 4653 793 4703 τὸν
843 4650 1057 4719 ἰσχυρὸν
1088 4650 1179 4701 καλ⁵
1224 4652 1288 4703 τά
1333 4652 1500 4723 σκεύη
1534 4653 1697 4707 αὐτοῦ
1731 4654 2052 4724 διαρπάσας.
2080 4656 2265 4708 Φιλάν-

706 4734 918 4803 θρωπος
942 4732 997 4784 δὲ
1024 4730 1120 4797 ὢν,
1149 4733 1273 4795 τοὺς
1293 4734 1442 4788 οὐδὲν
1468 4738 1807 4807 πονήσαντας
1825 4778 1840 4803 ,
1874 4738 2096 4801 τούτους
2122 4743 2266 4792 ποιεῖ

705 4815 803 4885 τῆς
831 4815 982 4885 νίκης
1014 4815 1230 4868 καὶτῶν
1248 4816 1518 4887 τροπαίων
1543 4818 1854 4887 ἀπολαύειν,
1894 4823 1984 4875 καὶ
2018 4822 2114 4893 τὴν
2142 4824 2264 4874 ἐπι-

706 4896 872 4948 νίκιον
895 4897 1295 4966 παρασκευάζει
1322 4899 1611 4970 ἀναφέρειν
1637 4903 1838 4973 φωνὴν,
1863 4903 2112 4975 καθάπερ
2138 4906 2263 4968 τοὺς

707 4978 1129 5049 κατωρθωκότας
1151 4980 1345 5043 αὐτοὺς
1369 4984 1463 5034 καὶ
1493 4988 1884 5053 κρατήσαντας.
1903 4988 1992 5039 Διὸ
2018 4989 2109 5041 καὶ
2138 4987 2265 5056 βοῶ-

712 5075 812 5129 μεν
861 5059 1129 5124 ἅπαντες,
1165 5062 1266 5114 οὐκ
1314 5062 1524 5134 ἄσημόν
1564 5083 1683 5119 τινα
1734 5071 1917 5137 φωνην
1944 5108 1959 5130 ,
1994 5068 2130 5122 ἀλλά
2169 5071 2264 5123 καὶ

711 5142 913 5213 σφόδρα
942 5140 1207 5213 εὖσημον⁵
1254 5144 1377 5199 Ποῦ
1408 5162 1557 5212 σου,
1596 5148 1841 5213 θάνατε,
1875 5150 1941 5204 τὸ
1970 5151 2217 5219 κέντρον
2246 5169 2264 5216 ;

711 5222 829 5277 ποῦ
850 5238 985 5297 σου,
1011 5223 1146 5293 ᾄδη,
1172 5224 1239 5278 τὸ
1257 5226 1459 5292 νῖκος;
1479 5228 1586 5282 Καὶ
1620 5230 1799 5296 πάλιν,
1831 5230 2036 5300 Ἀνέϐη
2070 5235 2101 5286 ό
2122 5232 2264 5299 Θεὸς

710 5305 781 5359 ἐν·
1166 5307 1334 5373 Τοῦτο
1366 5309 1474 5381 γάρ
1503 5312 1560 5365 ἐν
1586 5313 1662 5384 τῷ
1688 5313 1887 5385 ψαλμῷ
1912 5314 2086 5385 τούτῳ
2112 5315 2263 5387 εἴρη·

710 5405 820 5442 ται.
852 5389 962 5441 Καὶ
1000 5390 1160 5447 πάλιν
1186 5392 1411 5461 ἀλλαχοῦ
1437 5410 1451 5425 ο
1488 5395 1716 5463 Ἀνέσης
1743 5400 1827 5462 εἱς
1858 5398 2015 5465 ὕψος
2034 5438 2047 5458 ,
2079 5399 2267 5467 ᾐχμα-

710 5468 1017 5538 λώτευσας
1042 5475 1473 5543 mutuantur,
1496 5476 1706 5545 ἔλαϐες
1725 5480 1950 5552 δόματα
1970 5483 2040 5536 ἐν
2059 5482 2269 5548 ἀνθρώ-

775 5654 803 5728 f
823 5656 921 5728 Am
939 5662 997 5728 _el
1022 5656 1167 5728 ξείνη..
1193 5662 1257 5728 ᾡς
1268 5661 1533 5728 pyelum,
1555 5664 1721 5714 Λύκοι.

774 5714 969 5784 ξξανιί.
992 5719 1123 5784 add}!

774 5779 798 5806 ο
821 5776 968 5824 sum.
992 5787 1043 5825 et
1064 5779 1162 5828 duo
1182 5776 1293 5830 mai.
1324 5776 1386 5845 ’τῇ
1412 5786 1665 5844 συστάδην.
1708 5788 1878 5837 Morel.
1902 5794 1959 5850 τῇ
1979 5788 2173 5850 ὑστάτῃ.

1438 434 1496 493 S.
1538 432 1815 493 JOANNIS
1852 430 2341 489 CHRYSOSTOII
2383 429 2704 488 ARCHIEP.
2743 426 3291 486 CONSTANTINOP.

3849 429 4007 486 ιιισ

2344 565 2499 616 πυις.
2538 550 2867 621 ’Λνήνεγκάν
2911 566 3040 603 ποτε
3074 551 3168 603 καὶ
3219 549 3457 604 Ἰουδαῖοι
3496 549 3790 603 ἐπινίκιον
3842 566 4007 619 φω-

2344 641 2463 708 νὴν,
2497 642 2585 694 δτε
2611 640 2720 694 τῶν
2756 641 3065 709 Αἰγυπτίων
3097 638 3159 693 τδ
3200 640 3562 710 στρατόπεδον
3594 643 4007 694 κατεποντί-

2345 732 2487 796 ζετο,
2516 732 2765 801 λέγοντες
2786 748 2801 761 ·
2830 732 3105 801 ’ᾼσωμεγ
3134 728 3215 794 τῷ
3249 730 3474 798 Κυρίῳ·
3507 730 3796 795 ἐνδόξως
3836 732 4007 799 γὰρ

2345 820 2718 887 δεδόξασται.
2751 821 2888 874 Ἀλλ’
2909 824 2943 890 η
2969 820 3215 891 ήμετέρα
3248 818 3426 890 πολλῷ
3458 818 3685 890 μείζων,
3711 823 3834 873 οὐκ
3862 822 4007 873 Αί-

2346 913 2608 981 γυπτίων.
2624 911 2759 965 ἀλλά
2774 912 2882 965 τῶν
2895 910 3163 979 δαιμόνων
3180 910 3747 964 καταποντισθέντων⁶
3768 912 3840 965 οὐ
3858 910 4001 964 τοῦ

2346 994 2545 1067 Φαραὼ
2577 995 2712 1049 ἀλλά
2741 994 2835 1047 τοῦ
2860 993 3108 1048 διαῦόλου
3131 992 3443 1061 νικηθέντος
3461 1009 3476 1023 ·
3504 995 3564 1045 οὐ
3601 995 3721 1047 τῶν
3752 993 4003 1047 ὅπλων

2347 1084 2657 1154 ληφθέντων
2676 1085 2782 1137 τῶν
2802 1085 3095 1155 αἰσθητῶν,
3127 1084 3265 1139 ἀλλά
3279 1085 3377 1155 τῆς
3397 1084 3594 1148 κακίας
3613 1084 4001 1153 ἀναιρεθεί-

2351 1193 2469 1246 σης·
2489 1176 2590 1229 οὐκ
2614 1177 2673 1228 ἐν
2710 1175 2944 1247 Ἐρυθρᾷ
2962 1176 3224 1251 θαλάσσῃ.
3257 1176 3371 1230 ἀλλ’
3394 1179 3453 1232 ἐν
3481 1176 3560 1245 τῷ
3584 1174 3819 1245 λουτρῷ
3850 1175 3995 1245 τῆς

2350 1269 2763 1337 παλιγγενεσίας
2780 1285 2794 1299 ·
2819 1270 2919 1322 οὐκ
2939 1270 3017 1332 είς
3036 1269 3133 1339 τὴν
3159 1270 3263 1338 γῆν
3280 1269 3378 1339 τῆς
3398 1268 3747 1337 ἐπαγγελίας
3776 1266 3991 1330 ἐξιόν-

2349 1378 2479 1421 των,
2501 1360 2614 1413 ἀλλ’
2642 1362 2721 1423 είς
2739 1359 2831 1412 τὸν
2865 1360 3087 1433 οὐρανὸν
3117 1360 3621 1431 μεθορμιζομένων·
3655 1360 3726 1411 οὐ
3758 1358 3985 1427 μάννα

2351 1452 2640 1504 ἐσθιόντων
2661 1493 2677 1516 ,
2704 1450 2839 1505 ἀλλά
2878 1450 3038 1521 σῶμα
3076 1452 3409 1521 σιτουμένων
3439 1452 3804 1504 δεσποτικόνο
3844 1450 3981 1519 οὐχ

2355 1542 2498 1612 ὓδωρ
2514 1542 2771 1596 πινόντων
2789 1541 2896 1596 ἀπὸ
2916 1543 3138 1613 πέτρας,
3151 1543 3264 1596 ἀλλ’
3277 1538 3413 1612 αἷμα
3430 1543 3535 1595 ἀπὸ
3550 1543 3824 1613 πλευρᾶς.
3844 1541 3976 1594 Διά

2351 1623 2509 1676 τοῦτό
2540 1639 2705 1693 φησι·
2735 1623 3074 1691 Κροτήσατε
3112 1623 3332 1693 χεῷας,
3359 1627 3442 1679 ὃτι
3484 1624 3644 1677 λίθων
3677 1623 3979 1678 datalia—

2354 1716 2540 1784 γέντες
2584 1716 2676 1768 καὶ
2724 1713 2917 1781 ξύλων,
2961 1715 3265 1787 ὐπερέδητε
3312 1716 3441 1779 τοὺς
3490 1715 3788 1785 οὐρανοὺς,
3847 1713 3971 1767 καὶ

2355 1800 2482 1862 τούς
2511 1799 2771 1868 οὐρανοὺς
2798 1798 2907 1852 τῶν
2932 1800 3200 1871 οὐρανῶν,
3235 1800 3329 1853 καὶ
3359 1798 3497 1868 πρὸς
3528 1798 3696 1851 αὐτὸν
3735 1798 3967 1866 ἔστητε

2354 1882 2445 1934 τὸν
2492 1881 2677 1952 θρόνον
2725 1881 2818 1934 τὸν
2861 1880 3157 1950 βασιλικόν.
3218 1881 3579 1946 Ἀλανιάξατε
3622 1880 3816 1933 τοίνυν
3862 1878 3971 1944 τῷ

2358 1961 2480 2027 Θεῷ
2508 2002 2523 2019 .
2581 1958 3123 2033 τουτέστιν,Ἐκείνῳ
3165 1962 3264 2033 τὴν
3314 1964 3664 2034 εὐχαριστίαν
3707 1962 3968 2030 ἀνενέγ-

2358 2042 2546 2108 κατεά,
2571 2043 2765 2114 ἐκείνῳ
2787 2045 2884 2115 τὴν
2900 2044 3077 2115 νίκην,
3095 2045 3286 2115 ἐκείνῳ
3309 2045 3656 2116 τὸτρόπαιον,
3689 2045 3811 2099 Οὐκ
3838 2046 3963 2097 ἀν-

2357 2124 2625 2196 θρώπινος
2654 2126 2683 2177 6
2708 2126 2941 2195 πόλεμος
2966 2127 3086 2181 οὐδέ
3107 2125 3337 2196 αἰσθητὴ
3365 2129 3398 2197 ή
3437 2126 3606 2198 μάχη.
3630 2127 3757 2179 οὐδὲ
3791 2126 3961 2196 ὑπέρ

2355 2224 2500 2271 τινος
2531 2207 2639 2260 τῶν
2674 2208 2941 2278 βιωτικῶν
2965 2209 2994 2261 6
3028 2208 3199 2278 ἀγὼν,
3233 2208 3349 2263 ἀλλ’
3380 2209 3519 2279 ὑπὲρ
3545 2209 3653 2262 τῶν
3677 2208 3959 2279 οὐρανῶν

2358 2288 2555 2353 αὐτῶν,
2605 2291 2699 2343 καὶ
2750 2290 2859 2344 τῶν
2897 2292 2956 2344 ἐν
2994 2291 3263 2362 οὐρανοῖς.
3309 2291 3481 2352 Αὐτὸς
3528 2290 3622 2343 τόν
3690 2289 3957 2359 πόλεμον

2358 2372 2734 2444 ἐστρατήγησε
2765 2372 2974 2434 τοῦτον.
3000 2376 3095 2427 καί
3133 2374 3265 2444 ἡμῖν
3292 2373 3389 2444 τῆς
3413 2374 3569 2443 νίκης
3596 2372 3946 2444 μετέδωκεν.

2359 2455 2480 2507 Ὅτι
2530 2458 2746 2524 Κύριος
2783 2456 3061 2525 ὕψιστος,
3109 2456 3378 2525 φοϐερὸς,
3410 2456 3713 2521 ,ϐασιλεὺς
3740 2454 3949 2525 μέγας

2358 2537 2454 2590 ἐπὶ
2488 2535 2695 2591 πᾶσαν
2722 2537 2836 2605 τὴν
2860 2536 2994 2608 τῆν.
3024 2538 3134 2591 Ποῦ
3173 2538 3267 2591 νῦν
3307 2540 3443 2591 εἰσιν
3468 2539 3518 2590 οί
3555 2537 3650 2590 τοῦ
3683 2538 3945 2605 Μονογε-

2358 2619 2482 2682 νοῦς
2505 2621 2603 2690 τὴν
2632 2620 2787 2685 δόξαν
2810 2621 3233 2693 καθαιροῦντεςς
3275 2621 3409 2673 Ἰδοὺ
3451 2618 3707 2691 βασιλεὺς
3750 2618 3947 2689 μέγας

2356 2701 2387 2753 6
2414 2701 2541 2764 Υίὸς
2587 2701 2822 2769 λέγεται,
2869 2702 2899 2755 δ
2943 2702 3070 2775 περὶ
3125 2702 3220 2755 τοῦ
3275 2702 3490 2773 Πατρὸς
3529 2702 3779 2772 εἴρηται·
3830 2701 3941 2769 Μὴ

2358 2781 2588 2852 ὀμόσῃς
2611 2784 2741 2855 γάρ,
2791 2785 2944 2856 φησὶ,
2973 2786 3125 2855 μήτε
3156 2786 3225 2839 ἐν
3256 2784 3338 2851 τῷ
3376 2784 3631 2853 οὐρανῷ,
3680 2784 3769 2837 ὅτι
3798 2784 3945 2851 θρό-

2357 2882 2465 2931 νος
2500 2866 2685 2919 αὑτοῦ
2730 2867 2889 2919 ιίστι⁸
2932 2867 3085 2937 μήτε
3132 2870 3220 2931 εἰς
3266 2867 3338 2920 τὰ
3390 2867 3789 2935 Ἰεροσόλυμα,
3840 2865 3941 2919 ὅτι

2358 2948 2534 3014 πόλις
2555 2948 2685 3003 ἐστὶ
2716 2948 2826 3003 τοῦ
2850 2949 3174 3015 βασιλέως.
3194 2948 3461 3021 [molliat
3489 2950 3723 3020 ἀλλαχοῦ
3744 2950 3937 3004 πάλιν·

2362 3030 2505 3096 Θεὸς
2539 3031 2809 3100 ἰσχυρός,
2840 3032 3279 3098 ὲξουσιαστής’
3316 3034 3453 3103 ὅπερ
3492 3034 3609 3087 ἐστὶ
3652 3032 3935 3103 βασιλεύς.

2362 3116 2529 3167 Ὅταν
2555 3116 2735 3169 τοίνυν
2777 3116 3015 3188 ἀκούσῃς
3049 3117 3134 3170 ὅτι
3168 3116 3597 3187 ἀνεσκολοπίσθη
3629 3133 3722 3169 σου
3760 3117 3790 3168 6
3832 3118 3941 3168 Δε-

2361 3199 2582 3270 σπότης,
2622 3199 2705 3252 δτι
2751 3198 3066 3271 ἐκρεμάσθη
3101 3200 3160 3252 ἐν
3197 3198 3276 3270 τῷ
3327 3200 3566 3271 σταυρῷ,
3601 3202 3683 3252 δτι
3728 3198 3931 3269 ἐτάφη,

2359 3280 2441 3333 ὅτι
2475 3281 2740 3351 κατῆλθεν
2786 3284 2866 3345 είς
2911 3282 2980 3342 τά
3022 3280 3308 3352 κατώτερα
3347 3283 3487 3353 μέρη
3530 3282 3632 3352 τῆς
3676 3280 3801 3351 γῆς,
3851 3282 3934 3353 μὴ

2362 3363 2699 3435 καταπέσῃς,
2719 3362 2854 3435 μηδὲ
2876 3363 3222 3435 ἀδημονήσας
3242 3380 3255 3393 ·
3293 3363 3515 3434 ὕψιστος
3547 3365 3655 3436 γάρ
3680 3365 3814 3426 ἐστι,
3832 3365 3933 3418 καὶ

2363 3444 2584 3515 ὕψιστος
2613 3445 2794 3514 φύσει.
2825 3446 2900 3499 Τὸ
2943 3447 2999 3499 δὲ
3025 3447 3226 3516 ὑψηλὸν
3258 3447 3415 3516 φύσει
3440 3448 3541 3500 οὐκ
3574 3449 3638 3502 ἀν
3669 3462 3793 3500 ποτε
3829 3462 3933 3515 με-

2362 3527 2593 3596 τασταίη
2616 3526 2709 3580 τοῦ
2754 3526 2940 3597 ὕψους,
2974 3528 3083 3581 οὐδ’
3119 3528 3185 3581 ἀν
3213 3529 3422 3597 γένοιτο
3456 3527 3740 3582 ταπεινόν·
3789 3527 3931 3581 ἀλλά

2363 3608 2455 3661 καὶ
2484 3609 2542 3661 ἐν
2581 3612 2647 3679 τῇ
2679 3609 3003 3663 ταπεινώσει
3032 3609 3196 3663 αὐτοῦ
3238 3611 3390 3681 μένει
3420 3612 3481 3665 τὸ
3519 3610 3651 3681 ὕψος
3674 3610 3766 3665 καὶ
3803 3610 3927 3663 δια-

2362 3690 2655 3745 δείκνυται.
2694 3692 2849 3746 Ἐπεὶ
2891 3693 2984 3746 καὶ
3033 3693 3344 3755 ἀποθανὼν,
3394 3695 3516 3748 τότε
3561 3694 3791 3764 μάλιστα
3823 3692 3929 3765 τὴν

2365 3771 2507 3825 κατά
2526 3772 2618 3824 τοῦ
2657 3772 2886 3825 θανάτου
2916 3773 3067 3842 ἰσχὺν
3092 3773 3277 3837 ἐδειξε.
3313 3774 3382 3828 Τὸ
3433 3773 3556 3843 φῶς
3584 3775 3653 3828 ἐν
3678 3772 3751 3841 τῇ
3781 3789 3927 3829 σκο-

2368 3855 2465 3922 τίᾳ
2494 3855 2713 3923 φαίνει,
2744 3855 2895 3927 φησὶ,
2935 3855 3036 3908 καί
3070 3857 3109 3923 ἠ
3142 3856 3357 3909 σκοτία
3388 3858 3534 3910 αὐτὸ
3573 3858 3645 3911 οὐ
3677 3858 3924 3911 κατέλα-

2367 3938 2502 3990 ϐεν·
2540 3936 2683 3989 οὕτω
2720 3937 2785 4007 δὴ
2818 3938 2911 3990 καὶ
2938 3937 2999 3990 τὸ
3042 3936 3174 4007 ὕψος
3202 3937 3367 3991 αὐτοῦ
3400 3940 3458 3992 ἐν
3486 3941 3553 4011 τῇ
3586 3939 3922 4010 ταπεινότητι

2365 4020 2709 4092 ἐφάνη.”ορα
2735 4018 2866 4089 γοῦν
2892 4020 3053 4074 αὐτὸν
3068 4022 3127 4074 ἐν
3145 4019 3224 4092 τῷ
3251 4022 3352 4093 ᾅδῃ
3367 4021 3517 4086 δντα,
3544 4024 3637 4077 καὶ
3659 4022 3723 4076 τά
3745 4022 3920 4093 ὑψηλά

2366 4101 2582 4156 ἅπαντα
2612 4102 2843 4155 σείοντα.
2884 4102 2951 4155 '0
2980 4102 3088 4174 γάρ
3117 4102 3267 4173 ῆλιος
3294 4105 3417 4157 τότε
3445 4104 3544 4167 τάς
3572 4106 3782 4167 ἀκτῖνας
3808 4106 3914 4158 ἀπ-

2368 4182 2617 4254 έστρεψε,
2650 4184 2845 4255 πέτραι
2889 4184 3181 4254 ἐσχίζοντο,
3207 4184 3270 4238 τὸ
3300 4185 3692 4255 καταπέτασμα
3723 4185 3919 4257 ἐρρήγ-

2370 4282 2515 4328 νυτο,
2538 4264 2805 4318 ἐκλονεῖτο
2837 4267 2870 4335 ἠ
2900 4266 2993 4336 γῆ,
3022 4266 3221 4331 Ἰούδας
3250 4267 3550 4339 ἀπήγχετο,
3582 4267 3794 4330 nam;
3820 4269 3916 4322 καὶ

2370 4349 2404 4417 ἡ
2434 4347 2622 4401 τούτου
2644 4348 2781 4417 γυνὴ
2819 4348 3190 4418 ἐδειματοῦτο,
3220 4349 3383 4413 αὐτὸς
3414 4350 3443 4401 6
3470 4349 3699 4414 δικάζων
3722 4349 3914 4405 ἀπελοο

2369 4432 2537 4497 γεῖτο.
2559 4430 2725 4483 Ὅταν
2764 4429 2943 4483 τοίνυν
2983 4429 3242 4503 ἀκούσῃς,
3272 4432 3354 4485 ὃτι
3390 4431 3542 4503 ἐδέθη
3579 4433 3669 4486 καὶ
3702 4435 3914 4503 ἐμαστι-

2370 4513 2541 4584 γώθη,
2569 4513 2644 4583 μὴ
2677 4513 2979 4584 συγχυθῇς’
3004 4513 3119 4568 ἀλλ’
3147 4514 3251 4585 δρα
3274 4514 3433 4569 αὐτὸν
3459 4517 3551 4570 καὶ
3569 4517 3625 4569 ἐν
3643 4514 3714 4585 τῷ
3737 4516 3912 4585 δεσμῷ

2368 4598 2467 4668 τὴν
2516 4597 2668 4666 ίσχὺν
2712 4594 3170 4666 ἐπιδεικνύμενον.
3210 4592 3364 4664 Εἷπε,
3399 4596 3539 4652 Τίνα
3569 4594 3797 4664 Canite;
3819 4600 3910 4652 καὶ

2373 4680 2579 4741 πάντας
2611 4676 2831 4751 ἔρριψεν
2863 4678 3104 4743 ὑπτίους.
3156 4675 3307 4743 Είδες
3339 4680 3456 4743 πῶς
3500 4680 3739 4751 φοϐερὸς,
3765 4682 3906 4752 φωνῇ

2374 4762 2506 4833 μόνῃ
2539 4764 2631 4815 καὶ
2663 4761 2890 4831 νεύματι
2936 4761 3172 4816 τοσαῦτα
3211 4762 3607 4833 ἐργαζόμενοςς
3638 4764 3789 4817 Ὅταν
3815 4760 3905 4817 οὖν

2372 4846 2485 4915 ἴδῃς
2515 4844 2674 4898 αὑτὸν
2697 4845 2907 4915 νεκρὸν,
2930 4845 3179 4916 ἐννόησον
3197 4845 3287 4899 τὸν
3308 4845 3455 4899 λίθον
3482 4847 3770 4917 αίρόμενον,
3786 4847 3903 4919 τούς

2371 4928 2637 4997 ἀγγέλους
2665 4928 2791 4990 τοὺς
2822 4927 2957 4997 μετά
2995 4928 3159 4996 φόϐου
3199 4930 3609 4999 παραμένοντας
3646 4931 3717 5000 τῷ
3742 4930 3902 5001 τάφῳ,

2369 5014 2459 5067 τὸν
2489 5013 2621 5083 ᾅδην
2640 5010 2921 5081 λυόμενον,
2954 5013 3045 5064 τὸν
3069 5013 3298 5066 θάνατον
3326 5014 3644 5085 τηκόμενον,
3678 5014 3787 5078 τοὺς
3816 5014 3902 5068 δε-

2372 5094 2592 5164 σμώτας
2620 5093 2920 5145 ἀπολύοντα
2937 5110 2951 5124 ·
2986 5096 3081 5148 καὶ
3113 5095 3232 5148 τότε
3258 5095 3379 5165 ὕψει
3404 5095 3570 5150 αὐτοῦ
3590 5096 3648 5149 τὺ
3678 5097 3899 5167 φοϐερόν.

2370 5177 2434 5230 Εἰ
2466 5175 2523 5227 δέ
2555 5175 2612 5227 ὲν
2645 5173 2720 5244 τῷ
2744 5173 2919 5246 καιρῷ
2946 5176 3042 5246 τῆς
3080 5177 3300 5247 ἀτιμίας
3333 5178 3569 5231 τοσαῦτα
3602 5176 3900 5246 ἐπεδείξατο,

2373 5260 2429 5310 ἐν
2455 5256 2688 5328 οὐρανῷ,
2734 5258 2793 5309 ἐν
2819 5262 2911 5328 γῇ,
2942 5260 3001 5311 ἐν
3034 5259 3153 5331 ᾄδῃ,
3194 5260 3318 5312 τίνα
3360 5260 3461 5313 οὐκ
3496 5260 3800 5333 ἐπιδείξηται
3842 5264 3900 5316 ἐν

2372 5338 2449 5409 τῷ
2475 5338 2649 5410 καιρῷ
2684 5338 2785 5409 τῆς
2824 5339 3122 5411 μελλούσης
3174 5342 3503 5412 παρουσίας;
3532 5343 3772 5396 ’Δκουσον
3797 5343 3897 5398 τῶν

2373 5422 2644 5491 δαιμόνων
2672 5422 2729 5474 ἐν
2764 5421 2841 5491 τῷ
2871 5422 3045 5493 καιρῷ
3078 5424 3175 5494 τῆς
3201 5423 3578 5489 ταπεινώσεως
3603 5424 3651 5478 τί
3676 5423 3893 5492 λέγουσι,

2374 5504 2481 5555 τῶν
2506 5503 2857 5573 άφριζόντων,
2895 5505 3004 5557 τῶν
3037 5505 3209 5575 δεσμά
3239 5505 3580 5572 διαλυόντων,
3609 5507 3705 5561 τῶν
3721 5506 3895 5563 άόατον

2375 5586 2669 5639 ποιούντων
2688 5587 2786 5659 τὴν
2806 5586 2924 5641 ὁδόν
2941 5605 2955 5620 ·
2989 5590 3051 5643 Τί
3075 5588 3222 5659 ἡμῖν
3243 5589 3344 5644 καί
3363 5592 3485 5656 σοί,
3516 5591 3611 5646 Υίέ
3624 5591 3715 5645 τοῦ
3732 5591 3889 5658 Θεοῦς

2438 5791 2467 5833 ι
2486 5792 2567 5843 Sic
2589 5808 2702 5845 mss.
2775 5800 2830 5850 cl
2894 5798 3064 5853 Sa\'il.:
3092 5799 3259 5850 Morel.
3286 5813 3403 5849 vero
3428 5801 3653 5854 ἐνέγκατε.
