4156 6416
201 421 313 475 ω

200 533 320 589 disi
342 573 362 597 ,
409 542 546 585 nunc
589 535 807 599 quoque
844 518 965 575 dico
994 534 1009 571 :
1036 514 1138 570 alia
1167 508 1382 582 quidem
1408 506 1481 560 ita
1505 510 1629 561 sunt
1647 513 1792 555 aect—

208 619 430 695 βαιὰ.
466 628 523 674 ut
544 616 693 672 dicta
736 619 891 677 sum;
919 607 1021 663 alia
1050 616 1179 659 vero
1206 600 1380 661 aliter,
1409 604 1708 695 quam-prie
1734 602 1795 643 se

210 684 398 770 ierunt
422 729 439 765 :
467 702 911 780 quenadmodum
935 715 994 755 se
1019 696 1181 752 liabet
1202 694 1258 748 in
1280 690 1375 745 illo
1389 684 1586 780 abripi
1610 692 1657 738 et
1678 696 1795 780 ores

209 801 370 863 uiuat
398 772 665 871 poliam
688 793 841 867 (lani.
872 793 957 848 tt.
990 790 1072 857 ϐ).
1103 785 1229 841 Non
1272 778 1618 871 intelligimus
1652 772 1795 871 enim

214 861 370 963 lupos
470 880 619 950 oves,
652 861 749 940 nec
774 882 975 953 paleas,
1004 877 1085 933 vel
1112 868 1415 963 bovemivel
1441 876 1676 929 taurum,
1700 861 1796 963 sed

214 951 397 1038 nores
435 976 708 1034 hominum
876 965 1278 1026 similitudinem
1307 962 1586 1017 brutorum
1614 951 1797 1023 expri-

214 1073 445 1135 mimus.
482 1068 599 1124 Alia
624 1080 751 1121 vero
792 1069 918 1117 sunt
964 1053 1271 1128 accipienda
1315 1048 1618 1121 dupliciter,
1646 1051 1706 1099 ut
1746 1049 1802 1097 et

217 1160 491 1217 settsibilia
517 1157 889 1226 intelligamus,
908 1160 962 1205 et
984 1163 1107 1221 quae
1128 1147 1181 1202 in
1206 1137 1559 1212 intelligentia
1582 1148 1801 1226 versant

218 1261 308 1307 tur
320 1249 672 1318 suscipiamus
686 1220 711 1298 ξ
724 1220 1170 1314 quemadmodum
1192 1236 1245 1288 in
1266 1244 1501 1303 auagoge
1513 1236 1567 1284 et
1585 1220 1799 1318 sublimi

218 1316 670 1410 Williame
712 1334 804 1389 tua
844 1329 1135 1387 Abraham.
1180 1324 1373 1381 riuum
1399 1319 1543 1410 enim
1566 1316 1799 1410 oblatum

220 1428 388 1484 fuisse
412 1401 784 1495 scimuswa.
808 1420 924 1491 22),
965 1431 1149 1473 verum
1190 1410 1387 1481 aliquid
1428 1409 1587 1464 etiam
1632 1401 1799 1468 aliud,

221 1519 367 1590 quod
416 1518 548 1575 latet
590 1517 644 1571 in
685 1510 1051 1583 intelligentia,
1096 1521 1194 1578 per
1239 1503 1404 1590 lilium
1443 1497 1800 1567 excerpimus,

222 1587 419 1678 nempe
444 1620 677 1662 crucem.
718 1603 786 1659 Et
810 1615 994 1657 rursus
1013 1598 1067 1653 in
1095 1594 1302 1668 pecude
1325 1587 1385 1647 in.
1403 1590 1657 1660 Egypto‘,
1686 1601 1807 1678 pas-

224 1674 395 1753 sionis
420 1694 820 1753 similitudinem
839 1690 1083 1747 similiter
1102 1684 1449 1757 exprimimus
1476 1679 1669 1749 (εεοά.
1689 1674 1801 1748 te).

227 1789 340 1845 lloc
377 1788 550 1858 ipsum
577 1785 665 1841 hic
692 1796 906 1855 quoque
942 1776 1242 1835 faciendum
1287 1783 1390 1829 est.
1434 1770 1620 1839 Neque
1661 1766 1803 1822 eiiiin

225 1866 461 1952 loquitur
509 1878 681 1934 solum
728 1874 797 1930 de
838 1870 1103 1929 Arabibus
1152 1878 1210 1924 et
1252 1865 1466 1929 vicinis.
1518 1861 1612 1917 sed
1654 1867 1808 1913 vocat

226 1987 420 2027 omnes
462 1978 670 2040 gentes.
712 1965 966 2034 Quoniam
1000 1961 1248 2016 Dominus
1280 1955 1521 2016 excelsus.
1550 1952 1805 2017 terribilis,

226 2079 321 2117 re:
347 2076 558 2131 magnus
589 2073 739 2127 super
773 2071 968 2111 omnem
998 2064 1205 2109 terrain.
1240 2049 1429 2105 Statim
1456 2061 1584 2116 ergo
1606 2060 1636 2098 a
1658 2043 1807 2112 prin-

227 2151 371 2221 cipio
398 2150 691 2204 auditorem
717 2145 932 2210 excitat,
962 2144 1031 2199 ad
1068 2150 1146 2197 tot
1181 2139 1492 2195 annuntiata
1533 2136 1671 2190 bona
1711 2148 1809 2187 voc

229 2256 379 2305 caus,
410 2251 466 2295 et
492 2240 560 2293 ad
586 2239 846 2309 publicam
886 2235 1047 2291 tutius
1078 2228 1226 2288 urbis
1269 2241 1426 2286 terra:
1462 2228 1807 2291 concionem,

230 2330 582 2401 divinumque
610 2343 675 2383 ac
701 2326 972 2398 spirituale
999 2323 1264 2396 quoddam
1294 2321 1488 2376 festum
1510 2360 1528 2385 ,
1556 2328 1716 2387 atque
1743 2315 1810 2370 ad

230 2423 506 2494 delapsam
542 2436 608 2478 es
646 2421 792 2477 canis
825 2419 1197 2492 mysteriorum
1226 2413 1547 2471 doctrinam.
1582 2411 1652 2467 Et
1690 2408 1813 2463 ideo

231 2512 365 2571 dicit
394 2530 411 2569 :
440 2511 678 2569 Plaudite
696 2510 964 2574 manibus;
992 2509 1095 2564 hoc
1136 2516 1253 2573 est,
1280 2504 1552 2566 Gaudete,
1576 2500 1810 2558 exsilite.

231 2603 367 2659 ﬁam
414 2603 516 2658 hoc
552 2616 762 2672 quoque
797 2615 974 2656 sermo
1006 2598 1154 2669 jubet
1189 2596 1558 2667 evangelicus,
1591 2591 1811 2657 dicens,

236 2690 504 2747 hstium
529 2690 683 2761 (Luc.
712 2691 767 2746 ϐ.
802 2689 897 2758 23)
930 2706 949 2767 ε’
973 2704 1080 2744 non
1110 2688 1291 2758 utique
1314 2684 1509 2756 iubens
1533 2684 1731 2739 saltare
1758 2691 1812 2736 et

235 2781 452 2837 exsilire
480 2780 619 2852 (hoc
642 2789 727 2837 est
760 2781 904 2837 enim
943 2778 1235 2849 illiberale)
1255 2819 1271 2843 .
1298 2777 1392 2833 sed
1419 2776 1812 2832 vehementiam

236 2869 436 2924 latitia:
470 2868 795 2941 signiﬁcans.
835 2868 985 2937 Quod
1012 2869 1155 2935 enim
1183 2869 1357 2939 agitur
1378 2906 1393 2932 ,
1423 2881 1667 2936 magnam
1696 2880 1813 2919 me-

238 2969 389 3013 retur
434 2958 695 3014 laetitiam.
743 2960 1009 3027 Quantum
1053 2958 1197 3012 enim
1239 2966 1397 3012 terra!
1442 2952 1520 3010 sol
1565 2955 1813 3025 respicit,

239 3063 417 3103 sermo
440 3050 675 3120 pervasit
695 3049 1051 3119 evangelicus,
1080 3058 1137 3103 et
1163 3056 1405 3104 servatus
1428 3056 1510 3103 est
1535 3047 1820 3101 universus

238 3138 386 3192 orbis
412 3147 570 3193 terra:
620 3146 713 3194 :et
758 3139 849 3208 qui
891 3137 960 3194 ab
1000 3152 1187 3194 errore
1226 3149 1387 3193 antea
1422 3136 1815 3203 detinebantur,

240 3227 465 3283 iudaice
514 3228 662 3283 cultu
705 3228 963 3298 majorem
1003 3226 1355 3284 ostenderunt
1400 3225 1815 3298 philosophiam.

244 3317 432 3371 Omnes
447 3327 637 3389 gentes,
666 3318 890 3388 plaudite
905 3318 1153 3372 inanibus.
1179 3317 1305 3385 lllis,
1324 3317 1514 3387 inquit,
1531 3324 1685 3372 antea
1701 3331 1821 3372 sco-

245 3409 443 3473 lcratis,
474 3411 581 3465 illis
605 3410 778 3479 impiis
805 3419 861 3466 et
887 3410 1251 3477 exsecrandis,
1280 3425 1398 3480 qua:
1422 3425 1517 3480 per
1543 3410 1819 3467 immunda

242 3501 500 3557 sacrificia
528 3501 766 3572 quotidie
788 3502 1182 3572 polluebantur,
1212 3502 1404 3573 quibus
1434 3502 1573 3559 illius
1599 3502 1815 3560 occide-

246 3593 403 3658 natis,
420 3602 477 3649 ct
504 3594 674 3664 turpia
697 3594 1001 3664 patrabatis,
1028 3603 1086 3650 et
1102 3593 1360 3650 adversus
1385 3595 1556 3665 ipsam
1576 3603 1821 3656 naturam

243 3682 684 3750 contendebatis,
724 3684 802 3740 eis
846 3699 985 3739 nunc
1028 3685 1260 3750 plaudite
1305 3685 1574 3742 manibus.
1601 3684 1826 3745 Jubilote

247 3770 357 3826 Deo
380 3772 432 3827 in
451 3789 571 3829 uoce
594 3774 956 3829 multationis.
987 3775 1187 3847 Lingua
1209 3776 1297 3833 illa
1320 3817 1337 3841 ,
1362 3791 1466 3847 qua
1497 3776 1824 3845 exsecranda

246 3865 518 3933 gustastis,
543 3881 647 3936 qua
674 3867 831 3923 verba
863 3867 1021 3936 impia
1060 3876 1119 3923 et
1153 3867 1461 3938 blaspheme
1497 3868 1823 3940 protulistis,
1868 3916 1871 3917 ν

248 3970 311 4009 ea
338 3956 563 4024 jubilale
582 3957 844 4014 canticum
872 3958 1125 4014 victoriae.
1151 3958 1334 4015 Solent
1361 3957 1505 4017 enim
1530 3960 1821 4025 exercitus,

250 4046 465 4118 quando
492 4047 776 4104 inclinatur
795 4050 939 4105 acies
967 4049 1219 4115 hostium.
1249 4065 1356 4105 non
1383 4051 1458 4106 uti
1482 4051 1699 4107 stataria
1729 4067 1824 4121 pu-

248 4155 350 4208 gna
370 4180 387 4204 ,
415 4139 512 4195 sed
539 4140 789 4196 concordi
816 4156 944 4197 voce
969 4152 1021 4196 et
1044 4142 1278 4199 clamore
1301 4142 1497 4199 fractos
1510 4142 1622 4220 jajn
1651 4152 1704 4199 et
1731 4142 1828 4197 ab-

246 4230 417 4299 iectos
460 4245 647 4286 eorum
688 4232 893 4287 animos
928 4247 1313 4303 conquassare;
1356 4234 1498 4305 quod
1544 4244 1628 4292 est
1668 4235 1827 4290 clarze

251 4322 487 4376 victoria:
527 4331 582 4377 et
624 4324 805 4392 tropaei
849 4324 1136 4381 maximum
1174 4336 1567 4397 argumentum,
1614 4326 1829 4397 quando

252 4410 450 4467 bellum
478 4428 586 4467 non
616 4413 859 4469 manibus
876 4455 893 4482 ,
926 4413 1022 4471 sed
1045 4415 1282 4472 clamore
1306 4416 1650 4483 decernitur,
1675 4415 1827 4487 isque

252 4500 372 4556 loco
397 4516 647 4558 manuum
674 4512 728 4560 et
749 4519 1019 4570 armorum
1043 4507 1256 4564 sufficit.

320 4591 376 4645 2.
416 4590 547 4646 Vicit
589 4593 859 4649 Diabolum
897 4593 1166 4665 Christus;
1197 4610 1557 4669 comparantur
1590 4602 1831 4670 beneﬁcia

252 4681 438 4734 collata
454 4682 510 4736 in
523 4680 736 4739 Indicos
760 4685 881 4739 olim
899 4702 1014 4741 cum
1041 4688 1293 4759 bemﬁciis
1326 4689 1381 4745 in
1413 4688 1729 4746 Christianos
1748 4694 1827 4763 ef-

254 4772 415 4840 fusis;
444 4773 821 4845 redorguuntur
835 4774 1093 4833 Anomwt'.
1114 4807 1186 4819 —
1210 4780 1321 4835 lloc
1343 4796 1471 4851 ergo
1495 4784 1591 4838 fuit
1619 4783 1835 4839 univer-

254 4873 371 4914 sum
388 4859 582 4916 Christi
606 4878 740 4932 opus
768 4882 783 4921 :
811 4865 1025 4925 difficile
1046 4869 1188 4923 enim
1213 4869 1315 4925 hoc
1339 4872 1534 4928 bellum
1561 4873 1675 4943 ipse
1693 4890 1827 4929 con-

254 4948 397 5014 iecit,
427 4950 550 5005 forti
581 4952 814 5023 alligato,
844 4956 1177 5025 supellectile
1193 4960 1312 5027 ejus
1341 4961 1587 5033 vasisque
1612 4965 1824 5020 ablatis.

256 5037 383 5096 Cum
424 5041 496 5096 sit
531 5054 705 5099 autem
745 5043 1003 5116 benignus
1037 5057 1093 5103 et
1130 5049 1402 5120 clemens,
1433 5069 1529 5110 eos
1567 5056 1657 5125 qui
1698 5057 1829 5112 nihil

257 5130 655 5198 laboraverant,
685 5135 903 5192 victoria
943 5137 1046 5193 frui
1085 5139 1239 5209 jubet
1279 5150 1337 5201 et
1378 5144 1629 5213 tropieis.
1663 5154 1721 5201 et
1761 5148 1828 5202 ad

254 5221 539 5291 epinicium
588 5223 916 5282 oll’erendum
961 5243 1054 5285 eos
1099 5242 1382 5301 praeparat,
1422 5235 1642 5304 perinde
1678 5252 1741 5291 ac
1783 5238 1829 5293 si

246 5312 352 5383 gijni
378 5328 440 5371 se
462 5325 607 5372 recte
633 5319 945 5388 gessissent,
966 5329 1022 5376 et
1045 5323 1316 5379 vicissent.
1349 5325 1608 5395 Quocirca
1634 5344 1827 5387 omnes

252 5419 461 5474 quoque
486 5406 801 5476 clamamus,
829 5426 936 5467 non
966 5428 1095 5469 voce
1118 5414 1293 5485 aliqua
1315 5418 1537 5472 obscura
1554 5460 1568 5483 ,
1600 5419 1695 5475 sed
1718 5421 1830 5475 cla-

252 5492 461 5547 rissima
485 5510 504 5550 :
537 5493 744 5564 Ubiest,
766 5516 921 5568 mors,
941 5503 1174 5559 stimulus
1193 5506 1347 5561 tuus?
1378 5506 1462 5560 ubi
1489 5519 1579 5571 est,
1609 5512 1826 5580 inferne,

249 5594 335 5637 tut
353 5585 561 5640 uictoria
588 5589 663 5659 (l.
692 5589 810 5645 Cor.
840 5592 924 5649 l5.
948 5592 1077 5662 δεμ
1106 5594 1174 5650 Et
1196 5600 1664 5655 rursuszdscendit
1694 5601 1829 5659 Deus

249 5680 298 5731 in
318 5679 484 5747 iubilo
513 5680 591 5752 (ν.
612 5681 691 5752 6).
743 5683 854 5740 lloc
881 5688 1022 5741 enim
1051 5691 1101 5741 in
1131 5689 1233 5744 hoc
1264 5691 1474 5747 Psalmo
1498 5695 1695 5750 dictum
1720 5708 1822 5752 est.

250 5771 314 5827 Et
338 5787 525 5828 rursus
551 5773 678 5828 alibi
708 5791 722 5829 :
750 5775 1031 5832 Ascendiin
1062 5781 1112 5834 in
1147 5782 1307 5837 altum
1328 5824 1341 5847 ,
1372 5784 1826 5854 captivumrepisti

1207 388 1212 395 '
1307 384 1667 451 sxrosmo
1704 380 1768 440 IN
1808 332 2127 437 rennuit
2168 379 2347 443 xm.

3392 373 3499 431 illi

1898 492 2257 562 captioitalem,
2278 491 2515 560 occepisti
2534 490 2669 544 ilo'na
2691 488 2744 542 in
2766 487 3053 543 hominibus
3078 483 3254 562 (Psal.
3278 484 3491 549 67.19;

1898 581 2040 655 Epit.
2069 584 2126 639 4.
2153 580 2230 654 8).
2277 581 2601 638 Obtulerunt
2644 579 2807 634 etiam
2852 577 3143 649 aliquando
3178 575 3350 632 iudici
3393 576 3493 647 by-

1899 684 2084 729 mnum
2129 686 2227 743 pro
2259 672 2501 736 victoria,
2547 669 2762 740 quando
2809 670 2865 724 in
2904 668 3039 725 mari
3082 667 3183 724 fuit
3218 666 3500 723 demersus

1900 762 2273 835 Egyptiorum
2311 761 2609 826 exercitus,
2636 761 2879 816 dicentes
2907 758 3201 827 :Cononttts
3226 758 3448 813 Domino
3477 773 3499 813 :

1899 853 2117 924 gloriose
2132 853 2266 908 enim
2290 851 2604 923 gloriﬁcatus
2629 858 2702 905 est
2734 848 2924 920 (Exod.
2951 849 3040 905 l5.
3065 848 3144 920 l).
3174 846 3280 903 Sed
3309 856 3491 905 nostra

1900 954 1984 1001 cst
2011 945 2176 1001 multo
2200 944 2389 1013 major.
2421 958 2528 998 non
2561 942 2826 1015 Aigyptiis
2853 941 3136 1007 demersis,
3163 939 3260 996 sed
3286 938 3497 995 dieme-

1904 1036 2062 1092 nibus
2090 1053 2105 1089 :
2135 1049 2240 1090 non
2283 1033 2563 1093 Pharaone
2600 1040 2884 1102 superato,
2931 1030 3029 1086 sed
3072 1030 3286 1085 diabolo
3330 1048 3345 1085 :
3387 1046 3496 1085 non

1901 1126 2070 1185 armis
2095 1126 2270 1195 captis
2290 1124 2662 1191 sensibilibus,
2695 1122 2789 1179 sed
2824 1123 3033 1180 sublata
3073 1122 3308 1191 nequitia
3338 1138 3353 1177 :
3388 1138 3494 1176 non

1904 1215 1957 1270 in
1997 1213 2181 1271 Rubro
2215 1212 2495 1271 mari.sed
2542 1214 2594 1267 in
2638 1212 2851 1267 lavacro
2893 1211 3357 1281 regenerationis:
3390 1226 3496 1266 non

1902 1305 2299 1375 egredientibus
2334 1303 2389 1359 in
2428 1315 2622 1359 terram
2665 1304 3067 1371 promissionis,
3100 1302 3196 1357 sed
3227 1302 3279 1356 in
3305 1302 3498 1358 cailmn

1906 1394 2242 1455 tendentibus
2272 1411 2287 1447 :
2317 1408 2423 1449 non
2468 1408 2669 1449 manna
2704 1392 3117 1449 comedentibus
3158 1391 3371 1465 (Exod.
3409 1393 3496 1446 to.

1911 1484 2026 1555 ll),
2051 1484 2146 1541 sed
2170 1483 2438 1543 dominico
2465 1497 2694 1553 corpore
2717 1483 3060 1552 reticentibus
3082 1482 3257 1552 (Joan.
3281 1482 3337 1539 6.
3365 1481 3496 1552 3|):

1908 1591 2013 1631 non
2037 1591 2230 1646 aquam
2273 1591 2306 1633 e
2339 1584 2489 1645 petra
2534 1574 2867 1640 bibentibus,
2901 1573 2996 1635 sed
3023 1575 3334 1644 sanguinem
3363 1590 3397 1629 e
3426 1575 3495 1627 ιιι.

1909 1677 2023 1723 tere
2066 1666 2409 1737 (84:04.17.
2458 1664 2558 1736 6).
2585 1665 2725 1719 ideo
2758 1665 2929 1721 dicit:
2959 1662 3202 1719 Plaudite
3243 1663 3497 1731 manibus,

1907 1757 2049 1828 quod
2089 1757 2299 1814 liberati
2340 1771 2373 1811 a
2409 1756 2565 1827 lignis
2601 1763 2657 1811 ct
2701 1755 2983 1825 lapidibus,
3011 1756 3195 1820 caelos,
3239 1763 3295 1809 et
3338 1753 3501 1809 cazlos

1908 1849 2160 1904 cauerunt
2192 1848 2626 1904 transcenderitis
2647 1887 2664 1914 ,
2698 1856 2754 1903 et
2787 1847 2854 1902 ad
2881 1847 3054 1917 ipsum
3084 1845 3284 1917 regium
3307 1845 3499 1902 solium

1908 1943 2181 1998 steteritis.
2210 1940 2438 1997 Jubilote
2465 1956 2593 2012 ergo
2618 1939 2724 1994 Deo
2743 1981 2759 2007 ,
2789 1939 2894 1994 hoc
2919 1946 3004 1994 est
3022 1981 3038 2001 ,
3069 1938 3145 1996 illi
3169 1938 3355 1993 oll'erte
3378 1952 3500 2007 gra-

1912 2035 2102 2089 tiarum
2142 2033 2408 2090 actionem
2432 2072 2450 2108 ,
2487 2031 2562 2086 illi
2606 2030 2907 2095 victoriam.
2939 2028 3014 2083 illi
3061 2038 3340 2096 tropa-um.
3384 2026 3503 2082 Non

1910 2136 1994 2181 est
2032 2126 2228 2180 bellum
2256 2124 2545 2181 humanum
2566 2164 2581 2188 ,
2610 2136 2711 2177 nec
2736 2136 2906 2194 pugna
2937 2120 3204 2176 sensibilis
3234 2138 3248 2174 :
3282 2127 3380 2175 nec
3406 2133 3504 2189 pro

1910 2218 2091 2287 aliquo
2109 2229 2295 2270 eorum
2321 2230 2441 2284 quin
2479 2213 2545 2268 ad
2586 2212 2728 2268 banc
2749 2211 2913 2267 vitam
2940 2210 3232 2280 pertinent,
3262 2207 3507 2265 decerta-

1915 2317 2019 2372 tur,
2047 2308 2143 2363 sed
2165 2320 2262 2377 pro
2288 2307 2433 2362 exulis
2456 2305 2616 2377 ipsis.
2642 2313 2697 2360 ct
2722 2304 2787 2359 iis
2814 2317 2935 2377 qua:
2963 2312 3092 2358 sunt
3116 2301 3168 2356 iu
3189 2300 3355 2356 cadis.
3388 2298 3505 2369 ipso

1912 2400 2025 2456 suis
2048 2376 2297 2470 auspiciis
2314 2376 2518 2469 suoque
2536 2397 2695 2452 ductu
2717 2395 2819 2452 liuc
2842 2376 3041 2453 bellum
3063 2393 3323 2450 confecit:
3344 2394 3496 2448 nobii

1914 2500 2093 2546 autem
2122 2490 2395 2544 victoriam
2426 2487 2701 2557 impertiit.
2755 2486 3010 2551 Quoniam
3050 2484 3300 2539 Dominus
3340 2485 3506 2539 excet-

1913 2600 2021 2645 sus,
2061 2580 2321 2647 terribilis,
2347 2596 2440 2634 rex
2470 2595 2684 2650 magnus
2716 2595 2868 2644 super
2909 2593 3106 2633 attinent
3149 2588 3355 2631 terram.
3403 2576 3505 2632 Ubi

1916 2690 2058 2730 nunc
2086 2684 2209 2729 sunt
2231 2672 2321 2743 qui
2348 2670 2637 2727 detrahunt
2658 2669 2845 2740 gloria:
2884 2667 3192 2737 Uuigenilii
3234 2667 3373 2722 Ecce
3412 2682 3506 2722 rex

1871 2769 1875 2777 '
1917 2782 2141 2838 magnus
2164 2765 2359 2820 dicitur
2380 2762 2567 2824 Filius.
2595 2760 2739 2835 quod
2764 2762 2831 2816 de
2860 2760 3017 2816 Patre
3040 2759 3239 2814 dictum
3269 2767 3355 2813 est
3385 2775 3399 2810 :
3425 2756 3508 2813 Ne

1906 2859 2165 2935 juruueris
2208 2859 2375 2924 enim,
2409 2857 2600 2926 inquit,
2629 2869 2787 2923 neque
2804 2853 2859 2907 in
2888 2851 3034 2917 caelo,
3060 2850 3298 2921 quoniam
3321 2858 3395 2904 est
3422 2864 3505 2904 sec

1916 2953 2004 3008 des
2054 2953 2162 3022 ejus
2185 2968 2207 3006 :
2232 2965 2391 3020 neque
2429 2948 2486 3002 in
2527 2944 2841 3008 Jerusalem,
2877 2944 2999 3009 quia
3037 2954 3111 2996 est
3156 2942 3332 3003 cii-itas
3378 2941 3511 3013 regis
3616 2966 3619 2969 -

1923 3043 2134 3116 (Matth.
2155 3043 2209 3097 5.
2241 3042 2330 3106 at.
2359 3040 2429 3097 55
2452 3039 2492 3110 ).
2536 3037 2603 3092 Et
2632 3050 2817 3094 rursus
2842 3034 2972 3092 alibi
3000 3051 3013 3088 :
3046 3032 3187 3110 Deus
3209 3033 3389 3103 fortis,
3418 3048 3514 3101 po-

1918 3146 2028 3193 tens
2048 3134 2205 3208 (Iani.
2233 3135 2286 3190 9.
2315 3132 2403 3203 6);
2428 3131 2573 3203 quod
2601 3138 2684 3186 est
2714 3144 2828 3183 rex.
2869 3127 3092 3194 Quando
3122 3140 3250 3195 ergo
3279 3125 3513 3180 audieris

1919 3228 2229 3285 crucifixum
2258 3240 2380 3281 esse
2410 3224 2724 3286 Dominum,
2757 3221 2919 3277 fuisse
2948 3235 3078 3290 sepu
3102 3229 3211 3273 tum
3229 3260 3245 3283 ,
3278 3219 3344 3272 ad
3373 3218 3513 3272 info-

1919 3319 2093 3374 riores
2136 3326 2295 3372 terrae
2334 3322 2513 3386 partes
2551 3311 2914 3378 descendisse,
2942 3327 3011 3366 ne
3039 3309 3253 3375 labaris,
3283 3323 3385 3364 nec
3411 3324 3510 3363 sn-

1920 3410 2068 3481 garis
2093 3426 2108 3458 :
2130 3417 2214 3465 est
2236 3407 2378 3465 enim
2400 3405 2712 3469 altissimus,
2734 3414 2788 3459 et
2814 3414 2998 3457 natura
3025 3401 3334 3456 altissimus.
3357 3400 3510 3470 Quod

1922 3508 2007 3556 est
2039 3507 2219 3556 autem
2259 3496 2428 3564 altum
2472 3503 2685 3560 natura,
2712 3494 2781 3551 ab
2820 3491 3097 3548 altitudine
3131 3490 3351 3546 minime
3390 3506 3512 3546 um-

1923 3604 2083 3661 quam
2109 3586 2412 3650 recesserit.
2440 3600 2542 3641 nec
2570 3583 2769 3640 humile
2798 3583 2955 3640 fuerit
2981 3600 2995 3635 :
3018 3581 3113 3639 sed
3140 3581 3300 3638 etiam
3333 3583 3384 3635 in
3414 3581 3514 3635 liu-

1920 3660 2149 3740 inilitate
2180 3681 2299 3750 ejus
2337 3678 2561 3735 altitudo
2599 3685 2780 3737 manet
2815 3684 2872 3731 et
2906 3673 3224 3730 ostenditur.
3270 3660 3515 3729 Namvel

1927 3784 2171 3835 mortuus
2199 3773 2427 3831 max'une
2453 3769 2691 3827 ostendit
2707 3782 2858 3823 suam
2882 3766 2934 3821 in
2953 3776 3178 3821 mortem
3199 3767 3513 3836 potentiam.

1926 3854 2046 3925 Lua;
2067 3870 2120 3923 in
2145 3866 2357 3922 tenebris
2384 3870 2536 3931 lucet,
2569 3863 2740 3931 inquit
2760 3901 2776 3929 ,
2802 3870 2851 3917 et
2877 3860 3095 3915 tenebrat
3116 3875 3226 3913 eam
3258 3875 3359 3913 non
3382 3875 3521 3913 cont-

1925 3958 2295 4034 prehenderunt
2320 3956 2500 4025 (Joan.
2522 3956 2547 4011 1
2603 3955 2662 4023 5)
2685 3968 2700 4007 :
2725 3952 2795 4007 ita
2819 3951 2981 4007 etiam
3011 3950 3063 4005 in
3084 3949 3382 4005 humilitate
3401 3949 3521 4019 ejus

1925 4052 2150 4109 altitudo
2189 4048 2452 4121 apparuit.
2494 4046 2629 4101 Vide
2650 4060 2781 4114 ergo
2806 4044 2980 4115 ipsum
3000 4083 3018 4108 ,
3043 4042 3171 4098 dum
3197 4049 3339 4097 esset
3379 4041 3521 4111 apud

1929 4144 2126 4199 inferos
2147 4183 2164 4207 ,
2193 4140 2276 4196 vel
2302 4139 2407 4194 alta
2437 4137 2639 4208 quaevis
2656 4136 3069 4209 concutientem.
3108 4132 3198 4188 Sol
3227 4131 3370 4187 enim
3398 4142 3524 4187 tunc

1928 4233 2203 4289 avertebat
2231 4230 2429 4296 radios,
2458 4237 2621 4298 petra:
2652 4223 3021 4289 ﬁndebantur,
3051 4231 3107 4279 et
3130 4222 3307 4277 velum
3338 4223 3520 4291 templi

1929 4324 2379 4393 abrumpubatur,
2405 4330 2545 4375 terra
2576 4317 2926 4380 movebatur,
2956 4314 3122 4370 indas
3150 4315 3525 4385 strangulabu-

1933 4426 2039 4480 tur,
2062 4415 2265 4471 Pilatus
2306 4422 2362 4468 et
2397 4411 2515 4481 ejus
2557 4424 2694 4467 uxor
2736 4410 3097 4471 terrebantur,
3138 4408 3251 4476 ipse
3271 4406 3436 4477 jndes
3464 4421 3526 4461 se

1931 4507 2267 4565 defendebat.
2296 4494 2521 4573 Quando
2548 4516 2677 4571 ergo
2703 4498 2956 4565 audieris,
2988 4514 3109 4553 eum
3140 4498 3373 4553 vinctum
3403 4510 3527 4554 esse

1931 4610 1987 4656 et
2009 4598 2187 4669 ﬂagris
2205 4609 2425 4661 enisum,
2453 4608 2521 4648 ne
2543 4589 2885 4647 cutifnudaris
2904 4604 2918 4641 :
2940 4586 3035 4644 sed
3058 4585 3180 4642 vide
3200 4601 3322 4641 eum
3340 4594 3524 4640 osten-

1932 4689 2147 4746 dentem
2179 4686 2468 4758 potentiam
2508 4683 2591 4739 vel
2638 4682 2691 4738 in
2728 4679 2974 4737 vinculis.
3006 4678 3148 4733 Dixit
3167 4678 3338 4744 enim,
3364 4676 3527 4743 Quem

1932 4781 2157 4853 queritis
2185 4777 2381 4848 (lc-an.
2410 4776 2498 4833 18.
2527 4776 2564 4831 ι
2585 4773 2643 4845 )ἳ
2676 4782 2733 4828 et
2764 4785 2953 4826 omnes
2977 4769 3123 4824 humi
3151 4766 3372 4837 supinos
3404 4782 3531 4837 pro-

1932 4873 2144 4930 stravit.
2166 4871 2325 4926 Vides
2346 4882 2504 4939 quam
2529 4868 2599 4922 sit
2630 4863 2900 4930 terribilis,
2919 4860 3008 4931 qui
3035 4859 3147 4914 sola
3168 4874 3299 4915 voce
3319 4867 3375 4913 et
3394 4868 3528 4913 nutu

1935 4978 2081 5022 tanta
2113 4962 2305 5019 faciat?
2334 4958 2559 5029 Quando
2584 4974 2712 5027 ergo
2738 4954 2933 5010 videris
2957 4968 3081 5008 eum
3104 4960 3374 5007 mortuum
3394 4993 3410 5017 ,
3445 4951 3531 5007 fac

1933 5058 2115 5113 animo
2155 5054 2358 5126 cogites
2391 5052 2658 5107 sublatum
2706 5048 2967 5119 lapidem,
3007 5046 3225 5115 angelos
3270 5044 3361 5116 qui
3402 5059 3526 5101 cum

1936 5160 2079 5203 metu
2108 5146 2174 5203 ad
2201 5144 2505 5217 sepulcrum
2534 5149 2773 5208 manent,
2802 5136 3001 5194 inferos
3027 5137 3115 5207 qui
3144 5135 3528 5206 refringuntur,

1937 5252 2161 5295 mortem
2180 5252 2297 5309 qua:
2315 5237 2667 5299 consumitur,
2690 5231 2929 5301 captivos
2948 5229 3265 5284 liberantcm
3293 5248 3307 5284 :
3326 5236 3382 5283 et
3402 5236 3529 5284 tunc

1936 5345 2125 5389 cernes
2150 5344 2309 5399 quam
2336 5329 2407 5384 sit
2428 5324 2696 5384 terribilis.
2729 5322 2785 5380 Si
2806 5330 2983 5377 autem
3011 5321 3063 5375 in
3086 5320 3201 5390 ipso
3224 5319 3533 5391 ignominiae

1938 5434 2177 5488 tempore
2222 5430 2364 5476 tanta
2393 5419 2549 5484 fecit,
2589 5416 2644 5473 iu
2673 5416 2842 5482 εει-ιο,
2898 5413 2953 5468 in
3002 5421 3178 5473 terra.
3205 5410 3345 5482 apud
3388 5411 3528 5467 infe-

1938 5528 2029 5568 ros
2056 5530 2071 5568 :
2102 5510 2227 5581 quid
2273 5524 2379 5565 non
2425 5507 2579 5563 laciet
2624 5516 2867 5576 tempore
2910 5504 3069 5559 futuri
3110 5503 3190 5559 sui
3234 5502 3532 5559 adventus?

1938 5604 2074 5660 Audi
2100 5603 2224 5673 quid
2252 5602 2431 5657 dicant
2454 5600 2728 5654 daemones
2757 5607 3000 5667 tempore
3023 5594 3337 5650 humilitatis
3354 5635 3371 5660 ,
3400 5610 3534 5666 spu-

1934 5704 2164 5757 mantes,
2193 5691 2401 5747 vincula
2437 5690 2743 5753 solventes,
2782 5686 3109 5742 inaccessam
3134 5685 3274 5740 viam
3295 5686 3536 5742 redden—

1936 5797 2064 5840 tcs:
2101 5784 2237 5853 Quid
2282 5782 2423 5837 nobis
2462 5790 2505 5837 et
2550 5780 2656 5839 tibi.
2700 5778 2807 5832 Fili
2850 5775 2991 5832 Dei?
3034 5774 3231 5831 Venisti
3268 5774 3367 5856 lmc
3394 5784 3523 5830 ante
