4070 6448
739 530 933 587 ternpus
951 524 1176 584 torquere
1200 528 1290 567 nos
1318 510 1525 583 (uouit.
1550 510 1603 566 8.
1632 508 1765 580 29)?
1791 508 1847 565 Si
1867 523 1994 579 ergo
2021 508 2133 562 h:ec
2159 516 2305 571 tunc,

738 602 949 675 quando
976 601 1239 664 adveniet,
1259 610 1312 654 t-t
1338 608 1621 668 putt-states
1641 600 1891 659 mulorum
1921 597 2308 658 concutiuntur,

739 705 795 750 et
816 696 896 751 sol
927 708 1213 750 conversus
1240 692 1396 745 fuerit
1420 691 1471 745 in
1500 690 1776 755 tenebras,
1806 700 1859 743 et
1890 689 2007 741 luna
2036 702 2139 741 non
2167 686 2312 740 dabit

744 787 915 842 lucent
935 799 1081 840 suam
1111 782 1319 852 (Matth.
1351 783 1441 839 24.
1479 781 1592 854 29),
1627 781 1753 852 quid
1779 781 1997 835 dicent?
2029 780 2309 848 Propterea

742 876 868 932 dicit
898 892 911 929 :
936 873 1208 938 Excelsae,
1250 874 1502 927 terribilis.
1553 872 1641 925 Vel
1683 872 1855 941 potius
1877 910 1892 936 ,
1920 870 2045 939 quid
2070 870 2187 938 quis
2216 882 2311 937 pro

738 966 992 1036 dignitate
1006 965 1215 1027 dixerit,
1232 963 1372 1018 diem
1391 964 1533 1020 illum
1553 976 1791 1025 narrans,
1806 960 2015 1031 quando
2034 961 2204 1015 mittet
2218 974 2314 1014 an—

739 1055 887 1124 solos
912 1070 1003 1123 per
1016 1055 1313 1108 universum
1338 1052 1519 1107 orbem
1551 1061 1703 1107 terra:
1722 1050 1772 1121 (1
1782 1052 1886 1109 bid.
1906 1051 2075 1118 v.3l),
2100 1050 2311 1120 quando

740 1144 915 1199 ornuia
944 1145 1328 1202 concutientur.
1356 1142 1568 1212 quando
1594 1152 1731 1196 terra
1761 1142 2054 1196 movebitur
2082 1141 2309 1196 reddens

589 1246 637 1309 *χ
742 1245 1068 1289 mortuorum
1096 1234 1418 1304 depositum,
1436 1233 1647 1303 quando
1671 1231 2064 1287 innumerabilia
2086 1246 2306 1301 corpora

742 1326 1143 1391 excitabuntur,
1187 1326 1401 1393 quando
1445 1326 1630 1381 ciuium
1670 1325 1831 1379 veluti
1876 1322 2049 1379 relttm
2096 1322 2308 1392 aliquod

738 1414 1115 1479 contrahetur;
1176 1414 1389 1483 quando
1444 1422 1703 1469 statuetur
1758 1414 1992 1468 terribile
2042 1412 2304 1478 tribunal,

736 1505 948 1573 quando
968 1504 1109 1559 ﬂuvii
1129 1504 1263 1574 ignis
1288 1502 1583 1571 trahentur,
1607 1504 1816 1574 quando
1843 1504 1961 1559 libri
1981 1506 2307 1574 aperientur,

737 1593 950 1665 quando
975 1608 1092 1665 qua)
1116 1596 1184 1649 ab
1209 1610 1524 1666 unoquoque
1549 1597 1601 1651 in
1632 1595 1865 1651 tenebris
1900 1595 2033 1649 facta
2076 1594 2272 1649 fuerint
2290 1637 2303 1656 .

738 1683 791 1739 in
833 1684 1069 1740 medium
1114 1685 1499 1755 producentur;
1543 1685 1755 1757 quando
1800 1686 1903 1740 illa:
1952 1685 2307 1739 intolerabiles

737 1786 910 1840 parum
951 1786 1015 1827 ac
1056 1773 1334 1843 supplicia,
1361 1774 1571 1845 quando
1605 1774 1937 1829 minabundze
1982 1782 2302 1842 potestates,

734 1862 948 1933 quando
971 1864 1141 1920 stricti
1168 1864 1326 1934 gladii
1349 1906 1366 1931 ,
1402 1865 1614 1934 quando
1640 1866 1740 1919 erit
1760 1864 2006 1919 abductio
2030 1864 2080 1918 in
2108 1863 2305 1934 gehen-

737 1966 897 2018 nam;
916 1952 1128 2022 quando
1148 1953 1324 2008 omnia
1350 1954 1540 2024 peribit
1562 1953 1869 2019 auctoritas,
1902 1954 2299 2023 imperatorum,

734 2029 950 2108 ducam,
994 2041 1307 2107 consulum,
1357 2052 1411 2097 et
1460 2042 1774 2111 praesidum;
1824 2042 2033 2113 quando
2076 2040 2303 2097 adfuerit

736 2138 915 2187 tantus
948 2130 1253 2201 angelorum
1296 2132 1519 2202 pupulus
1540 2173 1557 2200 ,
1586 2132 1798 2203 quando
1827 2141 2115 2203 martyrum
2133 2174 2148 2198 ,
2181 2148 2302 2203 pro-

736 2217 1012 2287 phetarum
1031 2258 1047 2287 ,
1082 2222 1440 2291 apostolon
1466 2262 1483 2287 ,
1522 2222 1857 2278 sacerdotum
1876 2262 1893 2289 ,
1924 2222 2299 2278 monachorum

732 2308 996 2371 examina.
1021 2311 1233 2378 quando
1258 2310 1343 2365 illa
1368 2311 1648 2366 iueﬂabilia
1676 2313 1911 2381 praemia,
1938 2311 2149 2381 quando
2175 2311 2299 2366 bra-

732 2398 839 2464 via,
862 2399 1077 2469 quando
1094 2396 1326 2468 corona,
1350 2400 1561 2471 quando
1586 2402 1743 2468 bona,
1772 2416 1891 2473 qua:
1915 2416 2126 2457 omnem
2154 2418 2302 2457 meu-

734 2500 839 2545 tem
868 2500 1119 2561 superant
1146 2492 1303 2564 (Dan.
1333 2494 1386 2550 'l.
1414 2494 1507 2562 θη

804 2583 860 2637 ὃ.
889 2582 1019 2649 Qua
1037 2584 1207 2638 oratio
1227 2583 1341 2640 hate
1364 2585 1847 2657 explicare-poterit
1861 2586 1887 2639 τ
1912 2585 1968 2643 Si
1990 2588 2131 2643 enim
2152 2602 2300 2643 crea-

732 2670 930 2726 tionem
961 2671 1212 2741 propheta
1244 2682 1587 2744 persequutus
1607 2714 1627 2742 ,
1647 2674 1958 2746 defatigatus
1981 2686 2065 2732 est
2089 2686 2141 2730 et
2166 2677 2301 2731 resi-

732 2758 831 2827 liit,
855 2759 1038 2815 dicens
1067 2778 1081 2814 :
1111 2762 1276 2829 Quam
1300 2763 1621 2834 magniﬁcans
1640 2775 1757 2820 sunt
1782 2780 1936 2835 opera
1960 2776 2066 2833 tua,
2088 2765 2299 2820 Domine

733 2848 900 2915 (Psal.
931 2851 1019 2907 9t.
1048 2852 1125 2921 6)!
1150 2862 1205 2923 et
1225 2853 1414 2911 Paulus
1434 2869 1594 2909 unum
1620 2871 1787 2926 genus
1815 2870 2148 2926 perscrutans
2176 2874 2300 2929 pro-

732 2941 997 3005 videntiae.
1026 2944 1370 3009 exclamavit,
1412 2946 1632 3002 dicens:
1666 2946 1713 3003 Ο
1755 2948 1971 3004 altitudo
2012 2951 2296 3006 diuitiarum

731 3030 907 3097 (ﬂatu.
940 3032 1025 3087 ll.
1052 3033 1178 3103 δεμ
1217 3033 1343 3103 quid
1366 3035 1559 3092 dixerit
1581 3036 1837 3106 quispiam
1866 3038 2003 3093 diem
2032 3040 2172 3093 illum
2198 3041 2295 3095 de-

726 3118 1016 3175 scribens?
1057 3123 1183 3176 litae
1223 3122 1403 3178 omnia
1451 3138 1572 3179 cum
1621 3126 1948 3194 pran'idisset
2000 3128 2291 3199 propheta,

730 3206 866 3263 dixit
892 3224 910 3263 :
936 3206 1183 3265 Dominus
1213 3212 1468 3279 melus,
1497 3214 1751 3280 terribilis,
1776 3230 1868 3269 res
1896 3232 2107 3287 magnus
2148 3235 2297 3288 super

730 3313 927 3353 omnem
953 3308 1156 3365 terrain,
1185 3300 1330 3357 orbis
1368 3301 1590 3357 salutem
1628 3305 1931 3361 ostendens.
1963 3306 2088 3361 Erat
2122 3308 2297 3378 itaque

730 3388 892 3443 etiam
936 3398 1091 3446 antea
1132 3406 1223 3446 rex
1260 3407 1512 3463 magnus,
1550 3394 1646 3450 sed
1684 3395 2040 3468 ignorabatur.
2075 3400 2297 3457 Mundus

730 3480 873 3535 enim
917 3495 1007 3551 per
1047 3481 1211 3551 ipsum
1247 3486 1414 3554 factus
1447 3494 1541 3550 est,
1576 3495 1623 3539 et
1657 3491 1891 3555 utendas,
1920 3490 2106 3562 inquit,
2130 3493 2295 3562 ipsum

730 3586 831 3624 non
868 3572 1097 3643 cognorit
1135 3571 1328 3641 (loco.
1362 3575 1413 3628 l.
1446 3574 1550 3643 l0).
1590 3575 1738 3632 Nunc
1762 3589 1937 3634 autem
1966 3580 2067 3636 hoc
2088 3596 2297 3652 quoque

731 3662 983 3730 praclare
1018 3663 1185 3733 gessit
1202 3704 1218 3727 ,
1243 3666 1383 3733 quod
1408 3681 1504 3733 nos
1529 3668 1628 3721 sibi
1657 3668 2008 3726 familiaritate
2026 3672 2297 3743 iungendo

731 3768 825 3820 res
866 3768 1088 3824 magnus
1134 3754 1352 3810 ed'ectns
1395 3766 1497 3811 est.
1540 3757 1731 3827 Quidni
1773 3761 1913 3815 enim
1944 3778 2184 3834 magnus,
2208 3768 2296 3833 qui

733 3858 991 3913 pauperes
1019 3845 1324 3913 piscatores,
1349 3846 1643 3916 illiteratus,
1666 3850 1854 3905 idiotas
1878 3867 2098 3908 numero
2128 3856 2298 3911 unde-

732 3933 857 3991 cim.
888 3930 1163 3997 obscuros,
1193 3936 1521 4003 peregrinos,
1541 3939 1707 4007 magis
1728 3950 1900 3995 mutos
1917 3956 2073 4012 qnam
2104 3944 2294 4013 pisces,

634 4066 639 4069 _
735 4020 944 4075 unicam
985 4021 1212 4076 tunicam
1260 4024 1532 4089 habentes,
1576 4028 1769 4083 calceis
1812 4040 2074 4094 carentes,
2105 4035 2295 4101 nudos,

734 4125 832 4181 per
857 4110 1165 4166 universum
1193 4114 1377 4170 orbem
1404 4124 1659 4171 terrarum
1689 4119 1831 4174 misit
1858 4118 1879 4192 (
1902 4106 2086 4177 Hattlt.
2116 4124 2202 4180 10.
2231 4126 2295 4191 9;

735 4202 865 4256 an.
889 4203 977 4261 ili.
1002 4202 1096 4275 4),
1124 4214 1179 4259 et
1204 4205 1365 4263 veluti
1392 4209 1639 4266 mandato
1668 4228 1853 4290 omnes
1876 4218 2053 4285 cepit?
2082 4217 2194 4273 Hoc
2218 4228 2302 4275 est

736 4306 863 4349 vere
890 4309 1009 4350 esse
1035 4311 1212 4366 regem
1236 4296 1481 4371 magnum
1507 4320 1522 4356 :
1544 4305 1630 4373 qui
1656 4304 1957 4363 universum
1982 4310 2164 4364 orbem
2192 4319 2301 4365 ter-

737 4402 812 4441 rm
832 4401 1016 4443 errore
1040 4387 1295 4456 liberavit,
1327 4402 1382 4446 et
1414 4392 1561 4449 brevi
1598 4398 1849 4466 temporis
1874 4409 2141 4455 momento
2160 4403 2301 4456 veri-

739 4489 901 4536 tatem
940 4481 1185 4547 reduxit,
1224 4494 1278 4539 et
1318 4484 1514 4540 diaboli
1559 4490 1886 4559 tyrannidem
1932 4494 2182 4548 sustulit:
2214 4496 2303 4564 qui

738 4573 898 4627 etiant
925 4581 1205 4643 antequam
1226 4584 1407 4630 essent
1425 4577 1514 4646 qui
1538 4581 1584 4632 ei
1607 4591 1853 4647 parerent
1871 4621 1887 4647 ,
1915 4592 2029 4638 erat
2066 4600 2158 4639 rex
2188 4601 2303 4640 ma-

738 4674 893 4729 gnus,
918 4676 1022 4715 non
1049 4661 1248 4718 habens
1274 4663 1324 4718 in
1355 4666 1522 4719 servis
1542 4666 1644 4721 vim
1668 4668 1891 4737 imperii,
1915 4686 2020 4727 non
2044 4674 2097 4728 itt
2127 4674 2305 4743 spei-ie

738 4763 804 4804 ac
833 4750 1083 4818 vestibus,
1113 4751 1206 4807 sed
1234 4753 1288 4808 in
1316 4753 1425 4824 ipsa
1451 4766 1654 4812 natura.
1683 4758 1794 4829 Ego
1817 4762 1979 4829 enim,
2007 4766 2173 4836 inquit
2193 4808 2207 4829 ,
2236 4768 2306 4821 ad

739 4842 837 4893 hoc
858 4852 1005 4896 natus
1022 4858 1132 4897 sunt
1158 4842 1336 4914 (Joan.
1359 4846 1445 4903 l8.
1469 4848 1581 4921 57).
1615 4848 1725 4907 Hoc
1747 4862 1963 4909 estesse
1985 4871 2164 4926 regem
2190 4874 2305 4913 ma-

741 4948 900 5003 gnum
936 4950 953 4989 :
980 4935 1066 5005 qui
1105 4951 1211 4992 non
1240 4938 1397 4995 habet
1422 4939 1677 4997 honorem
1696 4946 2022 5003 extrinsecus
2051 4948 2263 5004 allatum
2286 4990 2305 5017 ,

738 5025 831 5096 qui
856 5026 997 5081 nulla
1026 5042 1086 5082 re
1110 5043 1245 5100 opus
1278 5030 1439 5088 habet
1473 5040 1530 5088 ut
1575 5034 1644 5090 sit
1681 5051 1795 5101 rex,
1840 5039 1928 5107 qni
1968 5038 2091 5097 facit
2127 5043 2304 5098 omnia

740 5122 1241 5190 quceumquevnlt.
1280 5120 1476 5180 lentes
1510 5127 1673 5195 nun,
1705 5129 1907 5200 inquit,
1946 5132 2115 5187 docete
2140 5150 2308 5188 omnes

694 5250 703 5259 .
743 5216 912 5277 gentes
935 5206 1123 5276 (lare.
1144 5210 1233 5267 ιο.
1256 5212 1375 5283 i5);
1404 5222 1461 5270 et
1481 5230 1661 5271 sermo
1685 5218 1735 5272 in
1760 5220 1895 5289 opus
1915 5221 2129 5279 exibat:
2160 5223 2305 5289 Volo,

747 5298 987 5354 mandare
1010 5298 1221 5368 (luti.
1252 5302 1302 5360 8.
1331 5301 1410 5379 3).
1438 5304 1550 5361 Tibi
1573 5306 1707 5374 dico,
1736 5309 2039 5367 dmonitus
2060 5316 2267 5369 surdum
2290 5358 2307 5383 ,

746 5388 975 5456 egredere
994 5389 1057 5444 ob
1081 5390 1212 5461 ipso.
1235 5391 1386 5461 Tace,
1412 5398 1691 5453 coniurasse
1711 5398 1900 5469 (lare.
1922 5402 1974 5457 9.
1997 5402 2087 5459 24.
2111 5414 2164 5460 et
2186 5422 2233 5460 e.
2255 5407 2308 5461 4.

744 5475 860 5545 39).
889 5476 1042 5533 Its‘in
1065 5480 1231 5552 igneus
1252 5492 1493 5539 sternunt
1518 5487 1605 5557 qui
1622 5497 1828 5557 paratas
1853 5500 1925 5546 est
1951 5492 2171 5551 diabolo.
2214 5496 2305 5551 Ve-

746 5570 869 5631 nite,
889 5571 1138 5638 possideto
1151 5581 1381 5643 paratam
1401 5576 1536 5632 vobis
1554 5592 1762 5651 regnant
1777 5591 1895 5637 ante
1916 5586 2314 5643 constitutionem

750 5661 925 5714 mundi
960 5661 1179 5729 (Matth.
1205 5665 1299 5722 25.
1329 5668 1418 5722 41.
1450 5677 1504 5722 et
1530 5668 1646 5739 54).
1679 5670 1837 5727 Vides
1865 5673 2057 5746 ubique
2082 5687 2315 5747 potesta-

753 5751 900 5806 tem?
924 5750 1070 5808 vides
1094 5758 1416 5825 potentiam?
1449 5757 1523 5814 ita
1551 5762 1690 5817 enim
1720 5764 1858 5834 cepit
1885 5780 1977 5822 eos
2004 5770 2093 5837 qui
2120 5784 2311 5839 parue-

1533 398 1593 454 S.
1618 396 1892 454 JOANNIS
1926 392 2393 453 οηεηεοετοκι
2432 393 2743 449 ARCllIEP.
2782 393 3309 452 CONS'IANTINOP.

2424 515 2567 570 runt,
2597 516 2654 559 ut
2693 506 3014 575 persuaserit
3042 508 3123 562 vel
3162 510 3391 563 animam
3437 506 3613 579 potius
3649 512 4018 581 profundere

2418 610 2574 664 quam
2599 595 2736 665 quod
2757 596 2962 665 jussum
2987 606 3071 651 est
3095 597 3375 653 transilire.
3407 599 3517 655 Rex
3549 601 3689 655 enim
3716 603 3891 661 habet
3919 602 4018 663 lac

2419 702 2603 741 norem
2630 687 2698 740 ab
2731 688 2827 751 iis,
2869 689 2960 757 qui
3000 688 3118 757 ejus
3153 688 3505 758 subjiciuntur
3523 692 3709 747 ditioui
3741 710 3757 748 :
3784 693 3887 757 hic,
3921 709 4018 751 mu

2419 787 2524 831 teut
2552 777 2749 845 praebet
2771 776 3027 832 honorent
3055 778 3120 833 iis
3139 780 3227 848 qui
3254 779 3301 833 ei
3327 779 3580 834 obediunt
3604 798 3619 836 :
3640 792 3694 837 et
3719 782 3846 838 ideo
3873 784 4017 838 illam

2416 866 2630 934 quidem
2659 873 2741 920 est
2768 865 2937 920 solum
2967 882 3160 921 nomen
3184 908 3199 931 ,
3232 867 3332 923 hoc
3360 882 3487 922 vero
3511 884 3618 923 res.
3663 870 3893 940 Magnus
3940 886 4018 931 es

2416 971 2507 1009 rex
2534 997 2549 1022 ,
2576 957 2661 1025 qui
2694 957 2992 1013 universum
3036 958 3217 1012 orbem
3256 968 3411 1014 terr-te
3446 960 3637 1015 ctelum
3678 961 3831 1029 fecit,
3862 973 3935 1019 es
3982 979 4018 1022 st

2416 1044 2623 1100 barbari
2645 1046 2942 1116 philosophi
2972 1056 3170 1113 essent,
3193 1058 3247 1102 et
3274 1049 3490 1118 angelos
3510 1050 3878 1117 imitarentur,
3916 1069 4018 1111 cu

2416 1136 2567 1189 tavit.
2598 1136 2824 1205 Populos
2847 1137 2990 1192 nobis
3012 1138 3241 1205 subjecit,
3270 1149 3318 1193 et
3338 1150 3509 1210 gentes
3536 1140 3627 1194 sub
3665 1141 3887 1207 pedibus
3916 1157 4018 1195 na

2414 1226 2551 1280 stris.
2598 1226 2644 1281 Ο
2671 1227 3014 1282 miraculum!
3066 1228 3153 1282 Eis
3191 1230 3277 1297 qui
3317 1228 3709 1292 crucilixerant,
3760 1231 3951 1286 adora
3968 1250 4018 1285 ιη

2417 1317 2672 1384 persuasit
2695 1332 2820 1371 :eos
2840 1319 2926 1387 qui
2955 1320 3271 1374 contumelia
3295 1320 3615 1386 efﬁciebant.
3637 1324 3725 1393 qui
3758 1322 4017 1379 insecta

2416 1407 2607 1459 bantur
2634 1407 2927 1462 maledictis
2947 1450 2962 1474 ,
2992 1408 3081 1479 qui
3119 1409 3376 1478 lapidibus
3403 1410 3549 1465 affixi
3588 1422 3764 1479 erant,
3804 1412 4017 1468 docui

2412 1496 2495 1548 vel
2524 1510 2647 1550 suas
2669 1497 2872 1551 animas
2898 1497 3213 1566 profundere
3231 1540 3245 1563 ,
3276 1499 3342 1553 ad
3373 1500 3537 1571 ipsius
3564 1501 3843 1570 placitum.
3876 1502 4017 1557 Nm

2411 1586 2551 1639 enim
2578 1585 2681 1641 hoc
2704 1587 2773 1642 ab
2796 1588 3050 1658 apostolis
3073 1590 3371 1659 gerebatur.
3398 1590 3492 1645 sed
3528 1591 3596 1646 ab
3632 1605 3698 1646 eo
3734 1593 3830 1662 qui
3874 1594 4018 1651 illo:

2412 1674 2762 1743 prtecedebat,
2805 1686 2860 1731 et
2905 1678 3147 1732 movebat
3186 1693 3367 1734 eorum
3410 1680 3662 1735 animum.
3702 1680 4018 1748 Quomodo

2409 1765 2550 1818 enim
2577 1765 2807 1834 piscator
2825 1767 2906 1822 vel
2936 1768 3395 1825 tabernaculorum
3414 1782 3748 1828 constructor
3779 1782 4018 1832 tantum

2408 1862 2565 1911 terra:
2590 1854 2887 1912 habitabilis
2903 1858 3087 1914 orbem
3120 1859 3190 1914 ita
3220 1870 3510 1928 mutasset,
3532 1862 3632 1917 nisi
3653 1863 3800 1919 illius
3820 1866 4018 1924 verba

2408 1947 2781 2017 impedimenta
2808 1951 2985 2004 omnia
3014 1951 3383 2007 sustulissent?
3423 1953 3488 2008 Et
3524 1954 3963 2027 prastigiatores
3992 1998 4018 2023 ,

2405 2049 2459 2093 et
2486 2050 2758 2109 tyrannos.
2794 2050 2849 2097 et
2893 2052 3162 2108 oratores,
3190 2052 3247 2098 et
3287 2043 3649 2113 philosophos,
3687 2054 3743 2102 et
3788 2059 4018 2103 omnes

2404 2130 2631 2201 denique
2674 2133 2762 2200 qui
2806 2134 3124 2188 nsistebant
3145 2175 3161 2200 ,
3195 2142 3459 2205 tamquam
3486 2136 3758 2205 pulverem
3783 2135 4018 2192 discu—

2405 2220 2596 2275 tientes
2616 2260 2631 2285 ,
2666 2222 2833 2276 instar
2862 2222 2989 2277 fumi
3016 2223 3400 2290 dissulvcutes,
3431 2225 3502 2279 ita
3532 2227 3768 2281 veritatis
3806 2227 4012 2282 lucem

2404 2311 2813 2379 seminaverunt,
2843 2329 2948 2369 non
2976 2315 3156 2380 armis,
3178 2330 3281 2370 nec
3306 2317 3355 2369 vi
3379 2316 3634 2385 pecuniae,
3656 2317 3747 2371 sed
3774 2318 3898 2372 solo
3925 2333 4011 2373 ac

2402 2402 2628 2471 simplici
2648 2416 2893 2459 sermone
2918 2414 3158 2469 utentes;
3191 2407 3298 2460 imo
3326 2422 3455 2461 vero
3480 2421 3587 2460 non
3613 2416 3727 2482 erant
3747 2407 4002 2476 simplex

2403 2505 2579 2547 sermo
2597 2533 2612 2558 ,
2635 2494 2729 2549 sed
2755 2504 2869 2550 erat
2890 2498 3076 2565 quovis
3102 2513 3264 2567 opere
3292 2499 3575 2568 potentior.
3618 2499 3734 2565 Quo
3759 2486 4001 2555 tan‘dern

2403 2581 2595 2650 pacto?
2620 2582 2936 2639 invocabant
2957 2600 3151 2641 nomen
3174 2588 3408 2642 crucifixi
3432 2629 3449 2654 ,
3478 2596 3533 2643 et
3555 2573 3707 2644 mors
3721 2587 3999 2659 fugiebat,

2402 2671 2715 2742 fugabautur
2732 2675 3023 2744 daemones,
3047 2677 3215 2733 morbi
3234 2679 3574 2745 curabuntur,
3586 2692 3873 2748 corporum
3904 2681 4004 2733 vi-

2403 2761 2474 2815 tia
2502 2765 2923 2834 corrigebantur,
2952 2768 3181 2837 nequitia
3212 2767 3524 2839 fugabatsrr,
3553 2768 3779 2837 pericula
3808 2771 4000 2840 proti-

2402 2868 2502 2908 nus
2532 2856 2866 2923 recedebaut,
2893 2869 2950 2915 et
2975 2857 3315 2915 mutabantur
3338 2858 3621 2916 elementa.

2478 2952 2706 3008 Christus
2730 2966 2821 3004 cur
2844 2950 2911 3004 de
2930 2966 3078 3005 crates
3094 2965 3197 3005 non
3222 2949 3867 3018 descenderit.-Quando
3890 2968 3995 3007 er-

2398 3062 2467 3117 go
2497 3046 2649 3101 nobis
2672 3041 2904 3099 dixerint
2934 3059 2949 3096 :
2978 3041 3087 3098 Cur
3106 3056 3212 3097 non
3240 3057 3397 3112 opem
3422 3042 3524 3096 sibi
3553 3042 3674 3095 tulit
3701 3044 3752 3096 in
3768 3056 3940 3098 cruce
3963 3043 3993 3097 ?

2398 3137 2501 3194 hoc
2514 3136 2754 3194 dicamus
2784 3153 2800 3189 :
2830 3134 3089 3203 Quoniam
3122 3134 3222 3188 hoc
3247 3143 3362 3188 erat
3384 3132 3762 3188 admirabilius.
3787 3131 3991 3203 Neque

2399 3241 2521 3285 sunt
2562 3229 2727 3298 paria,
2778 3242 2844 3281 ex
2872 3240 3029 3282 cruce
3055 3224 3434 3289 descendisse;
3474 3232 3529 3279 et
3558 3234 3834 3293 postquam
3876 3224 3989 3279 fuit

2398 3321 2703 3384 crucifixus,
2734 3328 2812 3373 tot
2858 3332 2979 3373 esse
3005 3326 3241 3371 mortuos
3268 3315 3382 3387 eius
3411 3317 3624 3372 nomine
3663 3316 3981 3372 suscitatus.

2399 3410 2550 3479 Quod
2575 3412 2715 3467 enim
2743 3419 2869 3465 tunc
2896 3423 2991 3464 sua
3011 3416 3202 3478 sponte
3228 3406 3303 3464 ibi
3345 3408 3621 3473 mansi-rit,
3651 3406 3877 3464 ostendit
3904 3424 3982 3464 ex

2399 3501 2466 3556 iis
2488 3508 2747 3573 quaesout
2772 3507 2954 3570 postea
2992 3506 3344 3567 consequuta.
3382 3497 3482 3566 Qui
3516 3498 3658 3553 cuitu
3716 3506 3977 3564 mortem,

2398 3591 2679 3661 quur-alios
2705 3591 2987 3654 invaserat,
3032 3587 3255 3659 expulit,
3303 3589 3467 3642 multo
3496 3588 3663 3658 magis
3700 3602 3731 3643 a
3769 3588 3977 3656 seipse,

2401 3682 2706 3753 priusquam
2733 3679 3026 3745 invaderet,
3054 3679 3363 3749 propulsare
3387 3686 3633 3749 poterat;
3662 3686 3717 3732 et
3738 3676 3827 3748 qui
3850 3678 3981 3734 altis

2402 3774 2561 3827 vitam
2594 3773 2813 3841 prebet,
2840 3770 3009 3825 multo
3045 3768 3212 3840 magis
3272 3768 3371 3823 sibi
3400 3768 3499 3838 ipsi
3541 3768 3784 3837 proruere
3818 3778 3981 3837 pote-

2401 3873 2483 3920 rat
2510 3862 2683 3934 :quod
2711 3862 2871 3918 etiam
2909 3861 3085 3916 triduo
3108 3870 3229 3931 post
3253 3859 3375 3914 fecit
3391 3898 3409 3924 ,
3438 3871 3505 3913 ex
3531 3873 3719 3928 magna
3738 3858 3976 3929 potentia

2399 3959 2703 4010 suscitatus.
2732 3952 2787 4007 ld
2812 3960 2988 4007 autern
3008 3950 3239 4007 ostendit
3266 3965 3359 4019 per
3404 3964 3467 4004 ea
3510 3965 3629 4020 qua:
3658 3959 3836 4020 postea
3876 3962 3977 4005 se-

2402 4055 2560 4114 quuta
2583 4055 2725 4101 sunt.
2752 4044 2976 4112 Quando
2987 4044 3126 4098 enim
3150 4042 3263 4111 ejus
3284 4055 3479 4097 nomen
3503 4042 3675 4097 visum
3704 4051 3786 4096 est
3810 4039 3978 4095 habe-

2402 4153 2463 4192 re
2487 4145 2687 4191 tantam
2731 4136 2979 4189 virtutem
3008 4133 3061 4188 in
3090 4131 3280 4187 alienis
3306 4131 3638 4201 corporibus.
3670 4129 3975 4185 ut,invocao

2407 4237 2517 4283 tum
2561 4236 2787 4281 mortem
2817 4225 3097 4296 fugaverit,
3135 4238 3293 4279 nemo
3327 4223 3496 4294 possit
3532 4221 3793 4287 dubitare,
3838 4222 3973 4288 quin

2405 4317 2564 4372 etiam
2594 4316 2649 4370 in
2700 4316 2914 4385 proprio
2934 4328 3160 4386 corpore
3188 4327 3427 4384 magnam
3468 4312 3758 4383 potentiam
3794 4320 3977 4369 tuteu-

2406 4408 2589 4473 disset,
2608 4418 2662 4461 et
2688 4414 2915 4462 mortem
2941 4405 3043 4460 sibi
3067 4404 3398 4474 subiecisset.
3428 4416 3482 4458 s.
3513 4402 3736 4471 Salrjecit
3760 4402 3976 4473 populos

2407 4498 2567 4564 nobis,
2612 4506 2658 4552 et
2681 4505 2849 4569 gentes
2872 4495 2962 4550 sub
2992 4494 3200 4565 pedibus
3243 4495 3446 4548 nostris.
3482 4490 3619 4548 Vide
3660 4493 3969 4563 sapientiam

2407 4589 2697 4660 prophetat,
2726 4586 2815 4657 qui
2839 4587 3013 4642 omnia
3041 4592 3286 4643 accurate
3313 4584 3458 4639 dicit.
3483 4583 3635 4652 Quod
3664 4584 3803 4640 enim
3828 4594 3974 4652 post-

2406 4696 2467 4735 ea
2492 4680 2739 4735 dixerunt
2766 4678 3015 4749 apostoli,
3046 4677 3180 4745 Quia
3206 4692 3307 4730 nos
3326 4676 3606 4743 intuemini,
3641 4676 3783 4747 quasi
3802 4687 3972 4729 nostra

2406 4774 2585 4827 uirtute
2609 4782 2697 4826 est
2725 4772 2906 4843 pietate
2952 4770 3216 4841 fecerimus
3240 4777 3295 4821 stt
3322 4768 3403 4820 In'c
3434 4766 3711 4825 ambularet
3740 4766 3866 4839 (Act.
3912 4767 3967 4823 3.

2409 4862 2499 4933 12)
2520 4863 2545 4915 l
2570 4861 2624 4918 id
2650 4863 2818 4917 multo
2845 4870 2969 4915 ante
2992 4859 3121 4913 dicit
3147 4856 3423 4929 propheta.
3472 4856 3607 4913 Illud
3625 4869 3798 4913 autem
3818 4898 3834 4924 ,
3862 4857 3970 4912 Sno

2410 4953 2637 5025 pedibus,
2666 4951 2717 5007 id
2746 4950 2888 5022 quod
2908 4950 3203 5019 subjectum
3245 4958 3360 5004 erat
3397 4948 3651 5015 ostendit,
3695 4948 3776 5005 vel
3803 4951 3971 5019 potius

2410 5059 2651 5114 magnam
2676 5042 3076 5112 subiectionem.
3103 5041 3161 5097 Si
3185 5041 3266 5096 vis
3288 5051 3463 5097 autem
3482 5044 3621 5096 scire
3639 5050 3826 5113 quanta
3850 5038 3969 5097 snbo

2404 5135 2570 5206 jectio
2587 5145 2748 5200 esset,
2788 5133 2931 5188 audi.
2958 5131 3237 5203 Quotquot,
3266 5132 3435 5202 inquit
3455 5172 3473 5195 ,
3502 5146 3804 5203 possessores
3824 5144 3971 5202 agro-

2411 5245 2523 5283 ratnt
2551 5238 2639 5281 aut
2660 5228 2922 5280 domorum
2942 5236 3102 5291 σακε,
3130 5226 3392 5281 uendentes
3413 5223 3691 5292 aﬁ'srsbant
3714 5225 3865 5296 pretio
3882 5239 3968 5278 eo-

2411 5335 2524 5373 rum
2541 5334 2653 5389 quat
2666 5316 3021 5384 vendebantur,
3036 5326 3085 5371 st
3096 5322 3342 5387 ponebant
3355 5325 3471 5371 mite
3480 5313 3630 5385 pedes
3645 5316 3971 5386 apostolorum

2416 5410 2550 5481 (Aet.
2575 5411 2629 5464 4.
2653 5407 2767 5480 34).
2797 5408 2900 5463 Alii
2925 5419 3103 5463 autem
3157 5423 3279 5461 cum
3308 5404 3545 5475 pecuniis
3570 5405 3795 5460 animam
3841 5421 3968 5476 quo-

2414 5518 2519 5572 que
2575 5499 2955 5571 profuderunt.
2979 5499 3101 5567 Qui,
3131 5500 3319 5569 inqttit,
3374 5514 3465 5569 pro
3509 5498 3684 5552 animo
3720 5513 3822 5552 utea
3855 5518 3970 5557 suas

2416 5592 2626 5646 ceruices
2645 5598 3017 5661 supposuerunt
3045 5588 3219 5660 (Rom.
3251 5589 3337 5642 16.
3362 5588 3439 5658 4).
3492 5578 3569 5644 De
3614 5588 3735 5642 aliis
3777 5602 3970 5657 quoque

2416 5683 2657 5737 scribens
2684 5679 2929 5735 dicebat:
2956 5678 3018 5735 Si
3047 5679 3311 5749 possibile,
3358 5678 3522 5747 inquit
3539 5718 3558 5745 ,
3602 5678 3791 5743 fuisset,
3814 5679 3969 5733 oculos

2423 5781 2609 5827 restros
2634 5766 2957 5837 eﬂ'odissetis,
2980 5779 3028 5824 et
3053 5769 3313 5825 dedissetis
3334 5768 3457 5822 mihi
3481 5767 3620 5838 (Gal.
3648 5770 3702 5823 4.
3731 5766 3831 5837 15).
3857 5768 3970 5823 Por-
