4156 6442
143 409 240 467 illi

146 523 287 578 road
331 521 636 578 Corinthios
673 523 894 593 quoque
935 519 1174 577 scribens
1211 520 1424 575 dicebat
1472 521 1707 578 Paulus:

145 613 270 669 Ecce
297 614 433 668 enim
459 612 556 666 hoc
590 612 756 684 ipsum
798 611 1072 666 secundum
1106 608 1270 665 Deum
1312 609 1520 664 tristitia
1559 611 1711 682 σαεξ,

145 712 374 774 quntum
393 704 448 757 in
471 702 608 758 nobis
625 702 850 758 studium
872 699 1039 768 eiecit
1067 718 1087 761 :
1113 702 1216 756 imo
1255 701 1564 773 apologiatn,
1611 703 1714 756 imo

143 794 550 867 “adigam,
577 795 678 849 into
703 794 953 860 timerent,
972 793 1074 847 into
1086 791 1406 859 desiderium,
1435 793 1538 847 imo
1556 808 1716 847 temu-

146 886 395 951 lstieneut,
426 886 532 940 into
569 884 844 939 uindictam
868 882 942 956 (2
969 881 1088 938 Cor.
1112 883 1168 937 7.
1203 881 1264 937 11
1286 882 1305 952 )
1325 895 1344 934 :
1372 896 1540 952 usque
1577 882 1714 938 adeo

144 989 234 1031 eos
257 974 580 1030 verebantur
605 981 661 1030 et
695 971 1163 1044 pertimescebant.
1210 970 1280 1026 Et
1308 970 1481 1026 Lucas
1529 985 1714 1028 rursus

143 1065 398 1133 miliens,
437 1064 650 1120 dicebat
676 1079 691 1117 :
715 1061 1017 1118 Ceterarum
1042 1069 1209 1116 autem
1248 1076 1393 1115 nemo
1421 1059 1637 1115 audebat
1661 1075 1715 1115 se

144 1154 440 1224 «cingere
476 1153 609 1220 illis,
633 1151 723 1208 sed
746 1149 1099 1223 magniﬁcabat
1121 1165 1206 1204 eos
1230 1151 1447 1219 populus
1479 1149 1614 1220 (Act.
1655 1150 1710 1206 5.

147 1246 251 1315 13).
289 1244 358 1300 Et
381 1257 607 1300 rursus:
637 1241 774 1310 Quid
799 1240 990 1296 vultis!
1012 1242 1066 1296 in
1090 1241 1234 1312 uirga
1255 1242 1450 1297 uniuni
1493 1241 1561 1296 ad
1604 1257 1711 1311 eos,

146 1350 209 1390 ο
230 1333 282 1387 il
302 1333 516 1388 coitate
537 1342 589 1388 et
611 1333 793 1404 spiritu
818 1331 1038 1388 lenitatis
1067 1331 1117 1403 (1
1147 1330 1268 1386 Cor.
1285 1331 1338 1386 4.
1354 1330 1502 1402 '21)?

209 1424 262 1481 4.
287 1422 475 1480 Vidisti
503 1424 871 1479 auctoritatem
894 1431 949 1478 et
982 1421 1338 1494 potestatem?
1365 1423 1491 1478 llaec
1533 1431 1712 1478 autem

145 1517 312 1571 omnia
339 1515 468 1572 fecit
490 1515 714 1572 verbum
736 1514 865 1570 illud
881 1513 1021 1586 quod
1048 1514 1180 1568 dixit
1204 1529 1324 1569 cum
1347 1529 1440 1570 eos
1457 1514 1711 1571 mitteret:

145 1605 252 1678 Ego
273 1605 529 1660 uobiscum
561 1620 675 1659 sum
696 1602 872 1678 (Hau.
911 1603 1002 1660 28.
1026 1602 1138 1675 20).
1172 1602 1291 1674 Ipse
1336 1603 1716 1674 impedimenta

146 1695 312 1751 outaia
339 1694 692 1763 removebat,
736 1701 862 1749 ante
909 1707 1004 1750 eos
1042 1692 1325 1748 ambulans
1352 1711 1367 1749 :
1399 1694 1514 1764 ipse
1557 1695 1714 1765 plana

145 1788 314 1842 munia
354 1783 606 1852 faciebat,
651 1799 716 1840 ac
752 1784 984 1840 dilﬁcilia
1031 1783 1203 1840 facilia
1248 1783 1528 1845 reddebat.
1557 1786 1715 1858 Atqui

143 1875 474 1931 «solemnia
493 1875 648 1946 plena
666 1873 842 1942 bellis,
859 1874 1036 1930 omnia
1059 1875 1291 1946 scopulis
1309 1886 1363 1932 et
1383 1877 1712 1948 praecipitiis,

144 1977 195 2022 et
209 1981 459 2038 nusquam
481 1965 675 2022 licebat
694 1965 880 2036 pedem
899 1965 1080 2037 ﬁgere,
1103 1979 1202 2022 nec
1215 1966 1405 2023 sistere
1423 1984 1439 2035 ;
1458 1966 1717 2028 obstructi

148 2066 294 2112 erant
317 2070 514 2112 omnes
544 2065 769 2126 portus,
801 2055 974 2110 omnis
998 2054 1190 2112 domus
1229 2055 1430 2122 clausa,
1477 2057 1714 2113 omnium

145 2161 290 2204 aures
337 2147 603 2204 obturata
631 2163 646 2201 :
677 2155 734 2202 et
760 2155 936 2203 tamen
978 2161 1101 2202 cum
1155 2148 1385 2218 primum
1411 2147 1636 2219 ingressi
1664 2159 1720 2206 et

147 2239 337 2310 loquuti
367 2239 600 2308 fueram,
628 2238 908 2295 diruebant
949 2239 1128 2294 omnia
1157 2238 1389 2296 hostium
1411 2255 1716 2312 propugna-

145 2331 274 2398 cula,
299 2341 361 2387 ut
387 2339 446 2388 et
473 2331 621 2402 ipsas
647 2330 856 2385 animas
877 2329 1278 2401 profundcrent,
1316 2339 1373 2386 et
1414 2331 1721 2387 innumera-

146 2419 263 2476 bilia
291 2419 528 2491 pericula
557 2419 882 2476 sustinerent
910 2433 1006 2490 pro
1048 2419 1114 2474 iis
1144 2433 1265 2494 qua)
1293 2417 1434 2474 dicta
1483 2418 1712 2476 fuerant.

146 2511 195 2565 5.
220 2508 388 2582 Elegit
415 2510 560 2565 nobis
584 2509 911 2565 hereditatem
951 2525 1098 2564 suam
1118 2511 1336 2580 speciem
1358 2507 1541 2579 Iacob,
1567 2514 1720 2581 quam

145 2604 328 2658 ditarit.
353 2603 527 2669 Alius,
554 2600 983 2671 Glorlﬁcationem
1000 2600 1182 2656 Jacob.
1209 2601 1343 2657 Vide
1365 2617 1523 2672 quam
1550 2601 1620 2657 sit
1637 2617 1718 2659 ac-

145 2705 316 2748 curata
346 2705 647 2764 exactaque
681 2691 978 2763 prophetia.
1005 2689 1260 2761 Superius
1285 2691 1500 2762 quidem
1536 2691 1670 2747 dixit
1698 2711 1714 2749 :

145 2783 366 2854 Sabjecit
392 2782 536 2838 nobis
563 2781 779 2854 populos
804 2791 853 2838 et
870 2791 1058 2854 gentes.
1088 2781 1256 2838 Judaei
1283 2783 1508 2852 primum
1536 2797 1719 2839 acces-

146 2885 323 2932 serunt
361 2873 538 2945 primo
586 2884 668 2929 ter
696 2873 861 2940 mille,
902 2872 1096 2929 deinde
1143 2872 1426 2944 quinquies
1456 2873 1620 2939 mille,
1663 2882 1719 2929 et

147 2974 317 3034 postea
331 2974 537 3036 gentes.
568 2963 683 3034 Ipse
701 2963 844 3019 enim
867 2977 1052 3019 rursus
1074 2963 1288 3020 dicebat
1312 2980 1328 3019 :
1357 2963 1428 3018 Et
1447 2964 1578 3020 alias
1601 2980 1718 3020 ores

146 3056 313 3122 ideo,
334 3065 383 3111 et
408 3057 527 3111 illas
551 3072 629 3111 nte
645 3054 895 3111 adducere
920 3063 1130 3127 Oportet,
1160 3064 1207 3111 et
1250 3056 1337 3125 ﬁet
1373 3073 1531 3111 unum
1567 3058 1713 3124 ovile,

150 3154 192 3199 et
217 3163 346 3201 unus
368 3155 542 3215 pastor
567 3145 744 3217 (Joan.
764 3146 854 3202 10.
884 3143 994 3216 16).
1025 3145 1224 3203 Deinde
1248 3161 1317 3202 ne
1335 3146 1451 3217 quis
1472 3162 1593 3202 cum
1622 3163 1720 3203 au-

147 3235 323 3292 dierit:
352 3235 520 3309 Elegit
543 3237 688 3292 nobis
701 3237 1023 3290 hereditatem
1041 3236 1136 3291 sibi
1158 3235 1292 3308 (Act.
1318 3236 1374 3291 2.
1394 3238 1483 3292 ll.
1505 3247 1551 3292 et
1573 3238 1713 3310 4.4),

146 3330 339 3386 dubitet
362 3341 416 3386 et
440 3338 683 3401 angatur,
714 3339 768 3386 et
786 3329 927 3384 dicat
953 3344 968 3383 :
998 3328 1280 3397 Quomodo
1298 3345 1426 3399 ergo
1461 3345 1566 3385 non
1593 3345 1714 3386 cre-

148 3420 268 3478 duat
294 3435 435 3476 nunc
473 3419 683 3476 Judaei?
720 3419 1054 3476 correctione
1101 3419 1258 3475 solvit
1304 3419 1712 3477 dubitationem.

151 3511 363 3568 Maxime
390 3511 554 3578 enim,
580 3512 720 3584 quod
741 3511 807 3567 ad
829 3527 889 3568 se
911 3512 1122 3580 attinet,
1143 3526 1237 3566 eos
1257 3512 1436 3582 elegit,
1465 3521 1519 3568 et
1541 3529 1714 3584 quan-

148 3605 328 3658 tumad
355 3603 529 3674 ipsum
561 3602 774 3674 quidem
818 3611 1039 3674 spectat,
1069 3603 1271 3658 nullum
1299 3603 1532 3674 reliquit.
1561 3605 1716 3674 Quod

146 3694 184 3746 si
205 3695 357 3750 linem
376 3709 587 3764 quoque
609 3695 869 3766 requiras,
890 3693 1011 3748 audi
1038 3707 1100 3748 ea
1122 3709 1240 3762 qum
1254 3703 1568 3762 sequuntur;
1591 3695 1717 3750 sub-

143 3784 302 3852 juuxit
325 3785 465 3841 enim
495 3803 509 3840 :
545 3786 771 3856 Speciem
793 3783 976 3853 Jacob,
1005 3801 1157 3856 quam
1180 3785 1376 3840 dilexit.
1411 3785 1509 3840 llic
1535 3796 1713 3843 autem

146 3877 264 3930 mihi
294 3875 500 3932 videtur
535 3875 719 3933 ﬁdeles
754 3875 956 3942 dicere,
985 3874 1127 3947 quod
1155 3875 1368 3945 quidem
1397 3875 1596 3932 Paulus
1625 3879 1706 3932 si-

146 3967 406 4035 gniﬁcans,
436 3966 647 4022 dicebat
676 3984 690 4022 :
723 3965 845 4021 Non
882 3967 1210 4036 autemquod
1238 3966 1477 4020 exciderit
1511 3969 1716 4023 verbum

148 4053 270 4114 Dei:
295 4073 394 4111 non
419 4058 552 4111 enim
577 4073 746 4112 omnes
770 4058 855 4126 qui
875 4066 991 4111 sunt
1012 4073 1074 4110 ex
1098 4055 1260 4110 Israel
1277 4068 1392 4110 sunt
1417 4056 1582 4114 Israel
1605 4061 1710 4131 (a),

147 4145 226 4198 sed
248 4147 298 4200 in
327 4145 476 4200 Isaac
499 4147 753 4201 vocabitur
773 4147 862 4200 tibi
887 4162 1089 4212 semen;
1111 4147 1205 4200 hoc
1230 4155 1320 4212 est,
1351 4147 1471 4203 Non
1488 4146 1574 4220 qui
1597 4161 1714 4206 sunt

149 4235 233 4302 ﬁlii
257 4238 441 4303 carnis,
468 4239 506 4291 ii
524 4247 640 4291 sunt
661 4239 757 4308 ﬁlii
779 4237 894 4300 Dei,
921 4238 1008 4294 scd
1048 4240 1135 4310 qui
1162 4249 1278 4295 sunt
1292 4241 1389 4308 ﬁlii
1417 4246 1713 4312 promissio-

149 4326 558 4392 nis,cstitnautur
577 4330 630 4382 in
644 4330 828 4384 semine
851 4329 1023 4398 (Rom.
1051 4331 1102 4386 9.
1122 4333 1260 4405 6-8).
1289 4335 1506 4405 Species
1535 4348 1711 4394 autem

149 4428 231 4470 seu
282 4417 618 4486 pulchritudo
663 4420 840 4488 populi
885 4419 1007 4490 jure
1034 4420 1282 4478 dicantur
1327 4424 1531 4482 ﬁdeles.
1577 4428 1713 4496 Quid

147 4516 217 4560 est
239 4508 378 4561 enim
408 4507 700 4576 Speciosius
726 4508 830 4563 illis
857 4510 944 4579 qui
967 4511 1344 4568 crediderunt?

210 4596 384 4654 Gentes
424 4615 514 4653 cur
555 4599 803 4654 hereditas
845 4599 1124 4656 Christi.—
1146 4603 1504 4662 Hereditatem
1534 4618 1711 4664 autem

147 4700 280 4743 suam
313 4699 464 4744 vocat
493 4699 704 4759 gentem
726 4730 741 4754 ,
769 4706 873 4744 non
896 4691 1035 4759 quod
1067 4692 1290 4748 aliarum
1318 4696 1556 4765 gentium
1593 4699 1713 4754 nul-

147 4776 239 4831 tum
266 4792 443 4833 curam
472 4781 716 4848 gesserit,
747 4778 840 4834 sed
871 4779 1238 4836 vehementem
1263 4784 1315 4838 in
1344 4799 1436 4840 eos
1466 4786 1710 4842 dilectio-

146 4882 274 4934 nem,
297 4877 354 4922 et
378 4883 498 4923 cum
526 4869 606 4923 eis
629 4868 1077 4938 coniunctionem,
1119 4880 1174 4926 et
1219 4874 1566 4942 providentia:
1615 4893 1709 4933 ac-

147 4963 423 5016 cessionem
449 4961 756 5016 ostendens.
799 4962 864 5016 Et
893 4973 952 5017 ut
998 4964 1136 5018 scias
1163 4979 1321 5034 quam
1353 4966 1422 5021 sit
1463 4979 1710 5025 accurata

147 5050 424 5126 prophetia,
459 5050 580 5106 vide
609 5052 874 5120 quomodo
901 5053 1065 5107 utitur
1086 5052 1373 5110 dilectione
1412 5057 1574 5127 vulgi,
1606 5074 1709 5128 qua

148 5141 292 5196 llLilltl'
334 5142 385 5196 in
414 5141 576 5197 rebus
615 5157 734 5211 quae
766 5151 1035 5198 emuntur.
1073 5143 1227 5214 Saepe
1271 5147 1413 5200 enim
1469 5148 1710 5218 plerique

147 5229 327 5302 aliquid
350 5243 615 5297 ementes,
645 5233 864 5302 pulchra
893 5234 976 5289 illa
1007 5250 1127 5290 esse
1150 5237 1366 5303 dicunt,
1415 5255 1534 5310 quae
1584 5242 1710 5296 reli-

148 5322 249 5388 quis
285 5323 629 5378 antecellunt.
661 5324 962 5380 Ostendens
987 5341 1115 5396 ergo
1140 5342 1245 5382 non
1273 5344 1459 5385 omnes
1489 5346 1708 5386 servan-

148 5411 252 5475 dos.
277 5417 420 5482 dicit.
454 5419 686 5488 Speciem
714 5419 892 5475 Iacob.
928 5421 1052 5476 llaec
1081 5424 1238 5478 etiam
1272 5424 1627 5481 ostenduntur
1653 5429 1706 5483 in

149 5509 409 5577 evangeliis
452 5524 546 5578 per
577 5511 994 5566 innunerabiles
1036 5513 1337 5582 parabolas.
1372 5515 1426 5570 6.
1471 5517 1708 5572 Ascendit

147 5592 266 5651 Deus
309 5600 362 5654 in
385 5603 569 5672 jubito.
612 5602 729 5657 Non
773 5604 928 5672 dixit,
962 5605 1280 5677 Assumptus
1314 5616 1418 5676 est,
1467 5617 1561 5664 aut
1607 5609 1706 5665 de-

151 5748 264 5876 ωξῗ)
292 5756 374 5806 ttic
394 5756 616 5820 quaedam
635 5772 702 5810 ex
726 5767 867 5812 textu
890 5762 1140 5826 Scriptura:
1184 5771 1519 5832 praetermittit
1557 5775 1712 5838 Clu-y-

233 5839 377 5876 omns-

233 5839 378 5886 ornus.

1237 407 1588 467 EXI‘OSITIO
1625 408 1690 466 IN
1727 409 2048 468 PSALMUM
2081 411 2262 470 XLVI.

3300 427 3396 484 ill

1821 523 2015 580 ductus
2052 537 2173 596 est,
2215 529 2310 584 sed
2353 529 2629 599 Ascendit,
2673 546 2730 591 ut
2788 538 3094 596 ostenderet
3136 556 3260 597 eum
3314 556 3410 598 as-

1818 617 2066 675 cendisse
2111 621 2258 677 nullo
2280 621 2388 678 alio
2429 639 2553 680 eum
2608 627 2861 694 ducente,
2915 630 3010 686 sed
3052 633 3226 704 ipsum
3269 633 3408 690 hanc

1819 708 1961 764 viam
1988 723 2108 766 esse
2137 710 2456 783 ingressum.
2507 717 2689 774 Helias
2735 721 2879 776 enim
2923 722 3015 792 qui
3065 739 3170 778 non
3214 723 3405 780 eadem

1821 814 1927 869 qua
1980 800 2224 858 Christus
2286 805 2374 860 via
2425 819 2799 877 processerat,
2846 810 3142 867 ducebatur
3182 813 3252 868 ab
3301 815 3408 870 alia

1821 899 2085 961 potestate
2135 892 2228 964 (4.
2251 893 2377 967 Reg.
2409 895 2466 950 9..
2503 897 2625 970 11).
2675 899 2792 955 Non
2821 909 2938 956 erat
2982 903 3126 957 enim
3161 902 3407 958 humanm

1820 990 2023 1038 natura:
2043 984 2125 1038 via
2145 987 2421 1057 peregrina
2445 988 2670 1057 ingredi.
2687 989 3005 1060 Unigcnitus
3025 1001 3203 1048 autem
3219 1007 3409 1047 ascen-

1819 1072 1899 1128 dit
1922 1075 2137 1144 propria
2163 1085 2447 1146 potestate.
2477 1078 2737 1146 Quocirca
2772 1081 2946 1137 Lucas
2971 1097 3185 1153 quoque
3209 1081 3293 1138 sic
3318 1083 3406 1139 di-

1818 1162 2006 1220 cebat:
2031 1162 2102 1219 Et
2122 1167 2242 1236 ﬁxis
2261 1166 2420 1223 oculis
2435 1169 2755 1225 intuebantur
2773 1171 2919 1226 illum
2941 1183 3139 1228 euntem
3162 1175 3215 1227 in
3227 1175 3410 1229 cadum

1821 1252 1957 1324 (Act.
1989 1254 2041 1310 1.
2067 1254 2182 1325 lli).
2208 1255 2328 1312 Non
2357 1256 2512 1324 dixit,
2535 1257 2668 1314 Cum
2711 1261 2826 1330 ipse
2864 1271 3254 1329 assumeretur,
3285 1279 3407 1331 nec,

1818 1343 1952 1399 Cum
1982 1353 2322 1414 portaretur:
2349 1356 2469 1402 erat
2511 1350 2653 1405 enim
2697 1351 2816 1421 ejus
2859 1352 3106 1424 proprius
3142 1355 3407 1420 incessus,

1820 1434 1962 1504 quod
1986 1434 2164 1490 ﬁebat.
2209 1436 2266 1491 Si
2313 1449 2493 1495 autem
2541 1449 2826 1512 antequam
2857 1442 3297 1514 cruciﬁgeretur,
3332 1445 3411 1501 fe-

1821 1523 2038 1579 rebatur
2061 1539 2225 1596 super
2247 1541 2434 1599 aquas,
2459 1529 2635 1585 adhuc
2683 1531 2886 1600 patibili
2915 1541 2971 1588 et
3014 1535 3158 1604 gravi
3182 1550 3412 1604 corpore

1819 1615 2218 1672 circumdatus:
2245 1617 2374 1688 quid
2399 1620 2592 1674 mirum
2617 1621 2661 1676 si
2693 1631 2972 1692 postquam
3008 1625 3412 1696 incorruptibile

1820 1708 2070 1779 sumpsit,
2118 1724 2298 1766 acrem
2333 1712 2606 1768 secuerit?
2630 1712 2730 1770 Ubi
2756 1724 2934 1771 autem
2967 1714 3032 1769 In
3045 1717 3251 1787 jubilo.’
3280 1719 3412 1787 Quis

1816 1795 2093 1868 jubilavit,
2139 1801 2354 1870 quando
2401 1801 2686 1858 ascendit?
2733 1805 2896 1876 Atqui
2939 1803 3042 1861 hoc
3075 1807 3290 1862 silentio
3335 1809 3418 1864 fa-

1819 1896 1966 1943 ctum
1991 1897 2092 1956 est,
2134 1899 2189 1946 et
2218 1889 2466 1946 undecim
2495 1891 2670 1948 solum
2708 1894 3062 1964 praesentibus
3110 1896 3409 1968 discipulis.

1821 1980 1985 2037 Vides
2009 1996 2116 2038 non
2163 1992 2413 2053 oportere
2432 1983 2696 2042 dictiones
2733 1987 3052 2057 simpliciter
3079 1998 3135 2045 et
3162 2005 3268 2047 uno
3295 2000 3415 2046 tan-

1823 2080 1936 2128 tum
1966 2072 2129 2128 modo
2162 2074 2428 2145 accipere,
2468 2073 2564 2130 sed
2591 2076 2730 2133 scire
2778 2077 2904 2148 quid
2931 2079 3010 2134 eis
3037 2079 3413 2150 signiﬁcetur?

1821 2163 2283 2233 Quemadmodum
2312 2165 2456 2221 enim
2482 2165 2591 2222 dixi
2631 2168 2684 2223 in
2729 2169 2992 2239 prooemio
3023 2169 3241 2238 Psalmi,
3269 2169 3414 2242 jubi-

1823 2257 1908 2312 lus
1935 2257 2138 2328 aliquid
2179 2256 2329 2313 aliud
2374 2258 2675 2330 signiﬁcat,
2727 2276 2922 2331 nempe
2949 2262 3258 2329 victoriam,
3297 2272 3412 2318 tro-

1821 2364 1995 2420 paeum
2028 2368 2042 2406 :
2069 2348 2210 2421 quod
2231 2364 2360 2422 ergo
2379 2349 2468 2407 hic
2492 2350 2641 2418 dicit,
2669 2350 2737 2406 In
2750 2351 2939 2424 jubilo,
2975 2355 3078 2409 hoc
3094 2363 3196 2422 est,
3227 2368 3415 2410 ascen-

1821 2438 1902 2494 dit
1926 2439 1981 2495 in
2009 2439 2230 2497 victoria
2254 2482 2270 2509 ,
2313 2455 2436 2496 cum
2460 2450 2691 2498 mortem
2719 2442 2971 2513 vicisset,
3013 2453 3290 2516 peccatum
3321 2446 3416 2502 de-

1818 2529 2058 2599 iecisset,
2103 2529 2378 2587 daemones
2437 2528 2768 2602 fugavisset,
2805 2547 3047 2589 errorem
3091 2535 3410 2606 expulisset,

1820 2618 2000 2674 omnia
2050 2619 2105 2675 in
2157 2619 2350 2675 melius
2378 2629 2674 2690 mutasset,
2725 2621 2781 2678 in
2829 2625 3102 2696 antiquam
3163 2627 3412 2696 patriam,

1821 2712 1932 2766 imo
1957 2725 2086 2767 vero
2110 2710 2268 2782 longe
2288 2712 2586 2781 meliorem,
2615 2724 2854 2770 nostram
2885 2724 3130 2772 naturam
3160 2716 3416 2774 deduxis-

1819 2811 1924 2858 set.
1954 2800 2090 2859 Cum
2115 2805 2257 2862 enim
2280 2805 2608 2872 advenisset,
2635 2823 2796 2864 nemo
2825 2809 2876 2864 ei
2901 2810 3118 2878 restitit,
3151 2825 3260 2867 non
3287 2827 3416 2882 pec-

1821 2895 1926 2952 cati
1952 2897 2214 2969 tyrannis,
2243 2913 2353 2954 non
2373 2899 2562 2955 mortis
2585 2900 2847 2970 potentia,
2876 2915 2983 2957 non
3010 2904 3091 2957 vis
3119 2902 3412 2969 maledicti,

1820 3003 1929 3044 non
1958 2988 2226 3055 interitus,
2252 3004 2359 3046 non
2390 2991 2644 3062 nequitia:
2681 2993 3026 3064 magnitudo,
3075 3009 3182 3050 non
3213 2995 3414 3066 aliquid

1819 3080 1963 3136 aliud
2009 3080 2274 3152 ejusmodi
2300 3096 2314 3134 :
2343 3081 2441 3145 sed
2477 3097 2600 3137 cum
2627 3081 2743 3139 lucc
2770 3085 2949 3140 omnia
2980 3093 3252 3156 tamquam
3285 3101 3411 3142 ara-

1820 3188 1978 3229 neam
2025 3172 2385 3245 perfregisset,
2427 3173 2730 3230 daemonum
2767 3185 3045 3244 catervas,
3078 3193 3270 3233 nervos
3298 3177 3416 3233 dia-

1819 3264 1951 3332 boli,
1979 3273 2033 3320 et
2061 3264 2176 3320 hinc
2204 3265 2383 3321 omnia
2406 3264 2740 3338 proﬂigasset
2759 3307 2774 3333 ,
2802 3269 3044 3324 ascendit
3078 3270 3240 3326 rebus
3266 3283 3414 3327 recte

1818 3355 2006 3426 geSIis.
2037 3364 2096 3410 ut
2122 3356 2309 3411 voluit.

1891 3445 1946 3501 5.
1985 3445 2243 3513 Quocirca
2274 3445 2470 3503 Paulus
2496 3462 2706 3519 quoque
2733 3448 2849 3519 ejus
2875 3458 3132 3522 troprnum
3164 3468 3410 3522 narrans,

1821 3533 2080 3590 dicebat:
2127 3533 2254 3588 Cum
2295 3537 2622 3608 exspoliasset
2661 3541 2972 3610 principatus
3015 3559 3078 3596 ac
3104 3553 3406 3614 potestates,

1821 3625 2048 3679 traduxit
2083 3625 2255 3695 libere,
2301 3627 2365 3682 de
2410 3629 2482 3683 eis
2518 3631 2570 3684 in
2617 3631 2784 3702 seipse
2827 3633 3146 3704 triumphans
3193 3637 3412 3706 (Galeas.

1818 3715 1870 3773 2
1906 3717 2019 3786 l5).
2046 3718 2113 3773 Et
2141 3733 2326 3774 rursus
2352 3734 2365 3771 :
2398 3718 2593 3775 Delevit
2632 3722 2769 3792 quod
2791 3733 2898 3778 erat
2921 3724 3158 3781 adversus
3187 3746 3278 3782 nos
3297 3731 3414 3784 chi-

1819 3809 2132 3880 rographum
2179 3812 2232 3864 in
2271 3813 2508 3880 decretis,
2539 3814 2675 3884 quod
2697 3825 2807 3870 erat
2833 3817 2976 3872 nobis
3001 3822 3331 3886 contrarium,
3368 3833 3413 3877 et

1819 3901 1987 3971 ipsum
2014 3901 2077 3956 de
2106 3904 2268 3958 medio
2294 3903 2518 3973 sustulit,
2540 3907 2742 3977 aﬁigens
2757 3908 2886 3962 illud
2904 3912 3044 3964 cruci
3060 3911 3223 3984 (Ibid.
3242 3912 3314 3969 v.1
3333 3917 3408 3976 .l).

1821 3990 2075 4046 Dominus
2118 3994 2171 4046 in
2214 4010 2332 4048 vace
2373 3995 2522 4050 tubte.
2577 3996 2720 4052 Idem
2767 4015 2951 4055 rursus
3003 4003 3283 4073 signiﬁcat,
3316 4005 3414 4061 huc

1819 4092 1923 4150 est,
1949 4084 2000 4138 in
2032 4085 2283 4154 pra‘clara
2318 4085 2558 4141 victoria.
2608 4088 2706 4144 llic
2728 4101 3007 4148 autemest
3033 4094 3176 4150 aliud
3202 4112 3415 4167 quoque

1821 4172 2244 4242 intelligendum,
2269 4191 2461 4246 nempe
2482 4177 2533 4232 id
2561 4178 2726 4236 fuisse
2755 4182 2979 4252 clarum,
3008 4196 3271 4255 apertum,
3300 4190 3414 4244 illu-

1819 4273 1950 4319 stre.
1975 4267 2136 4336 Atqui
2163 4267 2340 4324 nullus
2367 4269 2418 4324 id
2456 4278 2582 4326 tunc
2621 4273 2787 4336 novit,
2819 4289 2940 4330 cum
2967 4275 3139 4346 ﬁeret,
3189 4280 3282 4334 sed
3307 4289 3413 4335 tum

1819 4357 1991 4412 evasit
2016 4359 2379 4428 manifestum,
2424 4376 2583 4430 quam
2629 4364 2675 4419 si
2721 4364 2843 4419 tuba
2885 4367 3206 4437 cecinisset,
3253 4379 3415 4440 atque

1818 4446 1954 4502 adeo
1982 4448 2150 4504 multo
2181 4452 2367 4522 magis.
2419 4451 2553 4507 illud
2578 4455 2741 4522 enim,
2771 4457 2912 4526 quod
2952 4466 3076 4515 tunc
3110 4461 3411 4518 clanculum

1812 4527 2017 4594 factum
2042 4551 2144 4609 est,
2196 4558 2354 4598 nemo
2383 4544 2494 4600 fere
2524 4563 2709 4602 eorum
2749 4550 2839 4619 qui
2867 4551 3051 4606 orbem
3081 4554 3413 4620 terminabi-

1820 4639 1933 4686 tant
1965 4632 2261 4701 ignoravit,
2312 4634 2406 4690 sed
2453 4636 2624 4706 ipsum
2677 4640 2898 4708 perinde
2937 4644 3192 4698 revelavit
3229 4661 3410 4701 rerum

1819 4731 2004 4777 natura
2026 4766 2040 4790 ,
2069 4739 2132 4778 ac
2163 4725 2207 4780 si
2233 4724 2355 4780 tuba
2399 4729 2705 4796 cecinisset,
2735 4730 2844 4786 imo
2885 4731 3054 4787 multo
3081 4735 3274 4806 magis.
3295 4736 3408 4791 Nc-

1818 4829 1920 4883 que
1949 4818 2091 4870 enim
2137 4817 2262 4872 tuba
2307 4833 2508 4873 canens
2541 4822 2610 4874 ita
2649 4836 2838 4876 omnes
2878 4836 3122 4881 vocasset
3165 4826 3230 4880 ad
3281 4827 3409 4883 illud

1818 4910 2205 4978 speetaculum,
2251 4911 2390 4966 sicut
2432 4922 2614 4980 postea
2637 4929 2814 4968 rerum
2845 4931 2945 4968 vox
2971 4918 3204 4973 ostendit
3230 4935 3412 4974 ascen-

1816 5012 1956 5062 sum,
1981 5001 2150 5070 magis
2187 5001 2346 5055 etiam
2373 5017 2531 5072 quam
2556 5005 2752 5058 tonitru
2781 5020 2892 5062 rem
2921 5009 3117 5061 claram
3145 5008 3408 5066 efﬁciens.

1815 5087 2000 5158 Neque
2025 5089 2166 5144 cuitu
2188 5092 2383 5145 tonitru
2417 5093 2486 5146 ita
2510 5103 2757 5149 vocasset
2799 5097 2984 5151 orbem
3009 5106 3186 5166 terrae,
3234 5109 3293 5154 ut
3319 5117 3410 5157 re-

1817 5195 1936 5233 rum
1967 5182 2202 5236 ostensio
2223 5196 2316 5237 eos
2343 5184 2433 5252 qui
2465 5194 2590 5239 tunc
2611 5197 2786 5250 erant,
2835 5197 2890 5242 cl.
2935 5191 3021 5256 qui
3048 5199 3229 5258 postea
3256 5203 3412 5250 erant

1816 5271 2001 5326 futuri.
2032 5271 2254 5326 Tonitru
2279 5275 2420 5328 enim
2452 5287 2534 5329 est
2563 5283 2766 5330 tantum
2798 5280 3133 5334 manifestum
3163 5298 3405 5350 prmsen-

1818 5365 1996 5430 tibus;
2053 5365 2163 5435 ipsa
2208 5382 2337 5421 vero
2361 5369 2611 5423 omnibus
2650 5373 3086 5440 generationibus
3128 5375 3254 5430 tuba
3295 5379 3410 5432 cla-

1815 5457 1946 5521 rius,
1978 5467 2029 5511 et
2061 5459 2256 5512 tonitru
2283 5460 2521 5528 apertius
2547 5462 2781 5515 ostendit
2809 5465 2947 5534 quod
2977 5464 3172 5519 factum
3203 5475 3309 5521 est.

1899 5546 2008 5602 l'oa:
2034 5549 2164 5601 tuba:
2187 5549 2426 5616 apostoli.
2456 5580 2527 5590 ——
2544 5550 2652 5606 Nec
2670 5569 2796 5608 vero
2819 5555 3155 5610 aberraveris
3180 5557 3227 5611 si
3255 5559 3409 5613 tubas

1813 5638 2088 5693 vocaveris
2109 5654 2201 5693 ora
2233 5641 2622 5708 apostolorum,
2648 5661 2752 5699 non
2776 5647 2930 5701 tubas
2955 5649 3171 5718 quidem
3201 5665 3367 5705 mreas
3386 5691 3402 5715 ,

1813 5731 1907 5785 sed
1938 5745 2070 5786 auro
2115 5731 2460 5800 pretiosiores
2487 5776 2503 5800 ,
2548 5746 2604 5790 et
2631 5739 2858 5807 gemmis
2898 5739 3398 5809 tuagniﬁcenlitres.

1817 5822 1924 5880 Cur
1954 5839 2080 5895 ergo
2127 5839 2232 5879 non
2263 5823 2427 5894 dixit,
2460 5827 2515 5882 lu
2543 5828 2693 5899 tuba,
2718 5830 2811 5886 sed
2838 5871 2853 5900 ,
2885 5830 2950 5886 In
2981 5846 3097 5887 voce
3126 5832 3400 5888 tubwL’St-
