4156 6462
812 413 915 466 iis
1530 408 1583 465 S.
1628 407 1901 464 JOANNIS
1936 404 2414 464 CHRYSOSTOMI
2457 404 2772 461 AllCHlEP.
2815 404 3343 462 CONSTANTINOP.
3961 403 4093 457 216

794 525 1066 594 'gniticaus
1094 537 1277 579 eorum
1299 521 1656 585 concordiam,
1671 521 1805 575 sicut
1824 520 1982 575 etiam
2002 520 2129 574 dicit
2146 517 2336 574 Paulus
2361 532 2374 568 :

814 614 932 667 Sive
960 629 1075 683 ergo
1103 628 1217 683 ego,
1231 613 1332 665 sive
1355 610 1448 672 illi,
1464 612 1535 665 sic
1548 610 1973 677 praedicamus“.
2004 607 2120 663 Cor.
2154 608 2240 663 15.
2264 608 2375 677 ﬂ).

812 703 882 756 Et
934 718 1116 757 rursus
1162 722 1176 757 :
1229 700 1575 755 Multitudinis
1612 710 1774 753 autem
1813 700 2118 753 credentium
2152 708 2257 751 erat
2293 713 2379 750 cor

812 806 995 859 unum,
1025 802 1075 846 et
1100 793 1270 845 anima
1298 808 1400 844 una
1426 791 1564 861 (Act.
1612 790 1668 846 4.
1695 789 1818 859 52);
1856 791 1976 844 tuba
2020 798 2195 845 autem
2222 802 2380 841 cane-

812 884 962 949 bant,
994 895 1097 937 non
1130 883 1195 936 ad
1224 882 1418 937 bellum
1466 882 1763 946 incitantes,
1798 881 1892 935 sed
1939 880 2284 949 praedicantes
2326 887 2381 932 ct

812 973 1182 1027 annuntiantcs
1207 973 1502 1027 victoriam.
1527 972 1977 1039 Quemadmodum
2009 972 2148 1027 enim
2178 972 2228 1025 in
2259 986 2378 1025 cas-

813 1064 935 1129 tris,
960 1064 1171 1133 quando
1212 1079 1331 1117 cum
1384 1065 1549 1134 signis
1588 1064 1819 1119 inaciem
1865 1064 2144 1132 prodeunt,
2176 1079 2377 1133 praece-

812 1151 1101 1207 duuttuba:
1135 1166 1254 1222 qum
1281 1162 1569 1222 praesentes
1600 1154 1861 1219 excitant,
1888 1169 1993 1209 non
2031 1163 2247 1223 aspectu
2286 1169 2375 1209 so-

816 1244 949 1304 lum,
983 1240 1074 1295 sed
1098 1244 1258 1297 etiam
1300 1242 1478 1296 auditu
1515 1243 1623 1296 :ita
1655 1252 1778 1298 tunc
1818 1241 2010 1298 factum
2049 1255 2129 1299 est
2161 1262 2174 1295 :
2203 1243 2379 1314 ingre-

813 1333 1077 1388 dientibus
1106 1334 1359 1403 apostolis
1386 1333 1436 1386 in
1465 1347 1885 1404 unamquamque
1910 1334 2173 1388 civitatem
2194 1375 2207 1398 ,
2238 1334 2377 1389 tubte

810 1424 1092 1491 sonabant,
1122 1432 1176 1479 et
1213 1422 1280 1477 ad
1330 1423 1648 1477 audiendum
1704 1437 1891 1478 omnes
1930 1424 2293 1479 accurrebant.
2321 1425 2371 1479 7.

811 1513 1026 1568 Psallite
1073 1512 1182 1567 Deo
1226 1522 1418 1580 nostro,
1460 1514 1659 1583 psallite
1695 1530 1716 1568 ε
1754 1515 1954 1581 psallite
2001 1515 2127 1585 Regi
2167 1527 2372 1583 nostro,

807 1604 1024 1672 psallite.
1050 1603 1103 1658 8.
1140 1602 1389 1670 Quoniam
1417 1605 1693 1677 resumatis
1722 1614 1867 1659 terra
1894 1604 2047 1671 Deus,
2066 1606 2263 1675 psallite
2287 1623 2376 1659 sa-

813 1692 1026 1761 pienter.
1056 1691 1108 1748 9.
1131 1692 1376 1763 Regnavit
1405 1691 1538 1747 Deus
1564 1710 1717 1763 super
1752 1705 1937 1765 gentes.
1970 1694 2253 1766 Postquam
2275 1698 2375 1765 igi-

802 1792 892 1835 tur
910 1782 1142 1835 narravit
1166 1797 1324 1852 quam
1353 1797 1539 1852 magna
1568 1784 1693 1848 sint,
1716 1792 1771 1839 et
1795 1798 1949 1853 quam
1975 1786 2224 1853 praeclara
2258 1801 2375 1856 qua:

803 1872 987 1939 gessit,
1011 1871 1327 1941 universum
1344 1871 1529 1927 orbem
1558 1882 1713 1928 terras
1739 1876 1968 1929 vocatad
1990 1890 2109 1931 eum
2134 1877 2374 1932 laudibus

804 1959 1177 2015 celebrandum
1219 1976 1337 2016 cum
1368 1975 1559 2032 magno
1600 1962 1777 2016 studio
1815 1971 1869 2017 et
1898 1964 2165 2035 diligentia
2204 1983 2218 2019 :
2248 1981 2374 2023 usus

804 2061 885 2106 est
900 2052 1100 2107 idcirco
1121 2054 1432 2122 repetitione
1454 2070 1469 2107 :
1488 2067 1586 2109 nec
1605 2054 1788 2108 invitat
1806 2055 2139 2111 solummodo
2151 2057 2216 2111 ad
2233 2059 2374 2127 ps:d-

804 2141 1040 2206 leudnm,
1067 2140 1162 2197 sed
1202 2142 1269 2196 ad
1310 2141 1640 2211 psallendum
1694 2158 1816 2198 cum
1866 2159 2054 2216 magna
2095 2148 2370 2217 sapientia.

802 2230 936 2297 Quid
966 2240 1048 2287 est
1067 2273 1085 2297 ,
1110 2231 1321 2288 Psallite
1346 2234 1635 2303 sapienter?
1662 2234 1793 2291 Cum
1832 2251 1950 2306 qua:
1973 2276 1988 2301 ,
2020 2238 2209 2307 inquit,
2240 2238 2370 2292 facta

812 2332 956 2389 sunt,
978 2322 1285 2391 didiceritis,
1318 2325 1715 2381 considerantes
1752 2342 1928 2383 rerum
1959 2338 2231 2399 gestarum
2262 2345 2376 2383 ma-

800 2412 1149 2483 gnitudinem.
1173 2411 1299 2470 Mihi
1337 2426 1512 2471 autem
1543 2417 1752 2472 videtur
1786 2420 1944 2473 etiam
1986 2420 2185 2490 aliquid
2228 2421 2371 2476 aliud

800 2503 1155 2570 suhindicare,
1184 2520 1303 2560 cum
1322 2505 1472 2571 dixit,
1504 2504 1771 2576 Sapienter
1798 2523 1817 2563 :
1842 2522 1947 2563 non
1973 2524 2103 2565 voce
2141 2520 2368 2577 tantum,

798 2593 893 2650 sed
914 2595 1075 2649 etiam
1098 2596 1247 2649 factis
1260 2595 1518 2664 psallere;
1544 2612 1649 2651 non
1661 2597 1846 2667 lingua
1860 2606 2081 2665 tantum,
2100 2600 2194 2655 sed
2206 2601 2370 2655 etiam

796 2685 925 2738 vita.
955 2681 1197 2755 Regnavit
1234 2684 1369 2741 Deus
1393 2688 1532 2741 enim
1556 2704 1707 2756 super
1738 2699 1951 2759 agentes,
1978 2690 2165 2761 inquit.
2201 2692 2367 2756 Alius,

802 2774 977 2844 Supra
999 2786 1187 2846 gentes.
1207 2775 1273 2830 Et
1297 2777 1558 2845 quodnam
1573 2777 1655 2832 hic
1677 2794 1894 2848 regnum
1923 2780 2087 2834 dicit?
2107 2780 2222 2835 Non
2242 2780 2371 2835 illud

804 2866 945 2936 quod
969 2867 1169 2922 obtinet
1200 2868 1402 2923 ratione
1425 2870 1706 2924 creationis
1724 2865 1855 2935 ,‘sed
1884 2870 1983 2927 hoc
2000 2872 2139 2943 quod
2166 2874 2371 2929 ratione

798 2956 935 3023 ejus,
965 2956 1031 3010 ad
1056 2972 1211 3027 quam
1236 2972 1327 3012 eas
1352 2959 1592 3024 adscivit,
1628 2962 2051 3017 necessitudinis.
2084 2962 2206 3017 Fuit
2224 2965 2366 3018 enim

800 3061 897 3103 res
946 3048 1180 3103 omnium
1219 3050 1378 3104 etiam
1426 3049 1685 3110 antehae.
1718 3061 1774 3105 ut
1803 3051 1892 3120 qui
1930 3060 2073 3106 esset
2110 3052 2286 3123 opifex
2316 3062 2369 3109 et

799 3148 1009 3193 creator
1034 3157 1048 3193 :
1076 3155 1215 3194 nunc
1240 3149 1417 3195 autem
1443 3152 1497 3195 et
1522 3142 1811 3199 iubentium
1863 3152 1917 3198 et
1948 3144 2141 3215 gratias
2171 3145 2369 3200 haben-

797 3230 930 3284 tium
954 3246 967 3283 :
999 3230 1139 3302 quod
1164 3230 1375 3301 quidem
1402 3240 1483 3287 est
1508 3234 1743 3287 maxima
1770 3232 1923 3288 laude
1950 3234 2186 3304 dignum,
2220 3244 2275 3290 et
2313 3236 2365 3291 in

800 3319 983 3387 primis
1005 3319 1390 3386 admirandum,
1414 3335 1534 3375 eum
1556 3322 1809 3391 qui’prius
1836 3322 2153 3379 contumelia
2172 3322 2370 3379 afiicie-

802 3411 955 3465 batur
979 3424 1009 3464 a
1052 3409 1271 3476 Iudaeis,
1301 3410 1539 3466 eﬂ‘ecisse
1568 3420 1624 3465 ut
1669 3420 1809 3466 tanta
1840 3412 1993 3467 ﬁeret
2037 3414 2279 3481 mutatio,
2311 3423 2371 3469 ut

799 3497 994 3568 ubique
1024 3507 1304 3553 caneretur
1327 3508 1419 3553 :et
1440 3500 1528 3568 qui
1555 3514 1653 3554 nec
1676 3500 1961 3569 prophetas
1988 3501 2243 3572 legerant,
2269 3519 2368 3559 nec

798 3590 850 3644 in
880 3591 993 3660 lcge
1017 3590 1224 3646 educati
1251 3589 1458 3647 luerunt
1474 3633 1491 3657 ,
1529 3591 1637 3647 imo
1660 3606 1790 3647 vero
1814 3593 1966 3661 plane
1991 3602 2145 3648 erant
2184 3595 2366 3649 ferinis

794 3680 1052 3747 moribus,
1100 3690 1315 3750 repente
1342 3681 1524 3736 mutati
1551 3690 1696 3748 sunt,
1728 3690 1781 3736 et
1813 3682 2058 3738 omnibus
2084 3684 2186 3740 illis
2214 3685 2365 3754 abje-

792 3774 894 3828 etis
920 3773 1213 3839 erroribus,
1245 3787 1304 3827 se
1337 3772 1385 3826 ei
1418 3772 1772 3842 subjeeerunt,
1804 3786 1909 3827 non
1954 3772 2093 3839 duae,
2117 3783 2207 3829 aut
2233 3783 2363 3839 tres,

793 3873 887 3919 aut
921 3872 1166 3934 quatuor,
1195 3872 1285 3918 aut
1310 3862 1496 3918 decem
1520 3872 1738 3933 gentes,
1773 3862 1865 3917 sed
1916 3864 2005 3932 qui
2060 3864 2364 3920 universum

794 3955 980 4007 orbem
1010 3961 1270 4009 terrarum
1292 3952 1615 4009 incolebant.
1641 3951 1779 4007 Deus
1801 3953 1935 4007 sedet
1955 3970 2104 4024 super
2126 3956 2361 4009 thronum

792 4054 1022 4099 sanctum
1048 4062 1218 4099 suum.

866 4136 1053 4191 Sedere
1078 4135 1185 4191 Deo
1204 4136 1323 4207 quid
1341 4138 1367 4191 2
1391 4135 1577 4191 Sancte
1606 4152 1831 4208 regnare.
1858 4163 1933 4177 —
1959 4136 2093 4205 Quid
2121 4146 2200 4192 est
2220 4179 2235 4204 ,
2264 4136 2363 4194 ει.

794 4229 877 4281 det
895 4242 1047 4296 super
1070 4226 1302 4279 thronum
1319 4227 1346 4281 2
1368 4226 1590 4295 chnat,
1620 4226 1812 4295 inquit,
1840 4227 2117 4298 imperium
2136 4228 2360 4284 obtinet.

794 4317 960 4371 nocte
985 4326 1159 4370 autem
1182 4315 1334 4380 dixit,
1367 4314 1630 4370 Sanctum.
1658 4316 1771 4371 Non
1802 4318 1972 4371 solum
1994 4318 2134 4371 enim
2155 4327 2361 4388 regnat,

792 4408 887 4463 sed
913 4409 1071 4463 etiam
1117 4417 1301 4463 sancte
1348 4416 1549 4477 regnat.
1601 4408 1735 4475 Quid
1784 4418 1884 4473 est,
1917 4417 2096 4464 sancte
2144 4414 2364 4481 regnat?

795 4500 952 4555 Pure.
995 4498 1247 4553 llomines
1275 4498 1414 4552 enim
1457 4497 1546 4569 qui
1588 4498 1805 4554 veniunt
1841 4498 1908 4555 ad
1939 4499 2038 4555 hoc
2064 4501 2360 4569 imperium,

793 4603 855 4644 ea
906 4596 1167 4657 potestate
1206 4586 1272 4641 ad
1302 4586 1546 4656 injuriam
1592 4585 1921 4642 inferendam
1959 4598 2196 4643 utuntur.
2231 4589 2362 4645 illud

792 4686 969 4732 autem
1001 4677 1276 4745 imperium
1316 4686 1396 4730 est
1430 4676 1497 4730 ab
1525 4681 1668 4731 omni
1700 4690 1758 4732 re
1785 4676 2041 4746 ejusmodi
2084 4679 2359 4747 intactum,

793 4783 1001 4837 purum,
1032 4778 1082 4821 et
1120 4778 1381 4821 sanctum.
1407 4764 1587 4835 Neque
1608 4767 1747 4821 enim
1776 4768 1933 4833 fraus,
1964 4784 2137 4839 neque
2165 4769 2360 4838 aliquid

793 4858 1053 4928 ejusmodi
1105 4857 1233 4912 illud
1285 4857 1542 4927 judicium
1573 4858 1863 4925 corrumpit
1902 4866 1953 4911 et
1990 4858 2357 4925 circumvenit,

794 4950 885 5003 sed
911 4958 992 5004 est
1014 4963 1219 5020 purum,
1251 4948 1536 5011 sincerum,
1559 4962 1890 5017 quacumque
1908 4951 2131 5015 puritate
2156 4948 2360 5018 fulgens

796 5043 1006 5107 clarius,
1050 5040 1390 5110 resplendeus
1443 5037 1689 5093 ineliabili
1734 5038 1919 5107 gloria.
1960 5039 2046 5092 l0.
2099 5038 2359 5108 Principes

796 5130 1090 5203 papillarum
1115 5129 1397 5199 congregati
1432 5138 1548 5181 sttttl
1593 5143 1707 5181 cum
1757 5126 1863 5179 Deo
1907 5127 2200 5181 Abraham:
2231 5145 2357 5199 quo-

794 5224 928 5277 niam
953 5222 1046 5276 Dei
1074 5223 1225 5290 fortes
1250 5230 1394 5274 terra
1413 5220 1720 5274 vehementer
1746 5219 1921 5273 elevati
1941 5229 2074 5273 sunt.

862 5316 911 5369 6.
956 5313 1050 5367 llic
1093 5311 1323 5365 ostendit
1357 5310 1623 5379 quomodo
1653 5310 1807 5363 fuerit
1831 5320 2103 5363 extensum
2130 5326 2357 5381 evange-

794 5407 941 5470 lium,
968 5402 1107 5473 quod
1136 5417 1239 5455 non
1270 5401 1438 5455 solum
1468 5400 1697 5469 privatos
1724 5399 1915 5466 attigit,
1948 5399 2040 5452 sed
2063 5414 2155 5454 eos
2196 5402 2355 5455 etiam

792 5496 878 5562 qui
907 5500 1031 5548 sunt
1056 5491 1283 5546 redimiti
1318 5490 1634 5551 diademate,
1662 5498 1715 5543 et
1734 5489 1919 5542 sedent
1943 5489 1992 5541 in
2024 5488 2157 5543 solio
2184 5494 2352 5559 regio.

796 5585 994 5638 Deinde
1020 5581 1305 5637 ostendens
1338 5595 1459 5634 eum
1486 5594 1605 5634 esse
1636 5594 1796 5633 unum
1827 5578 1988 5633 Deum
2012 5577 2145 5633 Novi
2174 5590 2225 5635 et
2251 5580 2353 5635 Ve-

794 5677 923 5730 teris
948 5672 1291 5737 Tcstamcnti,
1334 5672 1459 5727 dicit
1490 5688 1503 5725 :
1534 5670 1657 5724 Cum
1687 5671 1790 5724 Deo
1820 5672 2114 5737 Abraham,
2150 5674 2200 5727 id
2235 5684 2313 5728 cst
2336 5715 2351 5741 ,

796 5766 885 5823 ille
906 5764 1017 5835 ipse
1049 5763 1139 5835 qui
1177 5774 1229 5819 et
1255 5770 1555 5819 nostrorum
1579 5762 1834 5831 majorum
1867 5762 2007 5819 Deus
2035 5771 2151 5830 est,
2182 5773 2233 5819 ct
2263 5766 2349 5834 qui

2486 515 2592 570 illis
2616 517 2771 571 ctiam
2795 516 2963 587 legem
2988 518 3150 572 daiit.
3176 517 3240 571 Et
3257 517 3375 571 ideo
3403 514 3611 570 diccbat
3629 513 3886 570 Jeretuias
3960 516 4093 567 υαο

2485 608 2546 660 bo
2572 608 2705 662 vobis
2735 618 3079 663 testamentum
3106 625 3285 662 novum
3312 649 3326 670 ,
3356 622 3456 660 non
3483 606 3759 660 secundum
3791 615 4091 659 testatura-

2484 705 2608 757 tum,
2629 699 2763 767 quod
2787 697 2901 750 dedi
2928 698 3153 765 patribus
3180 699 3379 762 vestris,
3410 697 3461 749 in
3503 696 3585 749 die
3610 711 3709 767 quo
3738 712 3827 767 ego
3855 711 4077 763 appre-

2485 790 2635 843 hendi
2660 806 2862 843 manum
2888 805 3060 843 eorum
3089 798 3145 841 ut
3185 789 3445 842 educerem
3478 803 3561 840 eos
3605 788 3671 841 de
3707 798 3840 840 terra
3884 785 4089 855 (Egy-

2486 881 2559 947 pto'
2598 878 2729 948 (ler.
2778 880 2867 933 3i.
2924 879 3011 933 3|.
3059 878 3147 944 32)
3176 918 3190 941 ,
3220 877 3508 933 ostendens
3540 892 3699 931 unum
3730 886 3782 930 et
3808 877 4093 929 euindmu

2483 983 2603 1025 esse
2631 968 2983 1039 legislaturem
3010 976 3065 1022 et
3108 967 3233 1023 Novi
3258 978 3311 1022 et
3339 966 3551 1022 Veteris
3585 967 3938 1021 Testamenti.
4014 971 4092 1023 Et

2484 1057 2690 1112 Baruch
2719 1074 2900 1112 rursus
2927 1058 3137 1111 dicebat
3165 1075 3179 1110 :
3208 1056 3311 1110 Hic
3333 1068 3406 1111 est
3448 1056 3588 1111 Deus
3612 1069 3779 1111 noster
3800 1098 3815 1122 ,
3845 1074 3951 1110 non
3989 1076 4090 1109 re-

2483 1150 2737 1217 putabitur
2787 1148 2921 1202 alius
2964 1156 3142 1216 pra’tcr
3192 1148 3379 1217 ipsum.
3430 1146 3631 1201 Invenit
3681 1164 3876 1202 omnem
3928 1149 4090 1201 viam

2480 1239 2703 1290 scicntia!
2729 1247 2775 1290 et
2814 1237 2951 1290 dedit
2982 1252 3093 1290 eam
3118 1234 3280 1289 Iacob
3309 1237 3416 1303 ﬁlio
3441 1253 3555 1302 suo,
3576 1246 3623 1289 et
3670 1236 3835 1291 Israe‘l
3871 1238 4090 1290 dilecto

2480 1345 2593 1382 suo.
2622 1326 2806 1382 Postea
2829 1339 2993 1382 autem
3016 1329 3070 1382 in
3094 1338 3225 1382 terra
3244 1330 3382 1382 visus
3405 1339 3515 1387 est.
3549 1340 3595 1383 et
3624 1347 3736 1383 cum
3773 1330 4088 1384 hominibus

2481 1429 2798 1474 conversatus
2819 1431 2895 1474 est
2934 1418 3177 1491 (Boruclt.
3208 1420 3259 1474 5.
3301 1419 3541 1490 36-58),
3573 1419 3876 1489 signiﬁcans
3905 1437 4088 1475 eum-

2480 1509 2602 1564 dem
2627 1525 2749 1565 esse
2779 1512 2866 1580 qui
2898 1511 3065 1581 legem
3092 1509 3278 1574 dedit,
3306 1517 3361 1564 et
3391 1510 3478 1579 qui
3508 1510 3809 1565 incarnatus
3833 1519 3918 1564 est
3964 1528 3979 1563 :
4021 1523 4085 1565 ct

2478 1615 2601 1655 eum
2650 1602 2738 1671 qui
2784 1602 3086 1655 incarnatus
3106 1609 3208 1662 est,
3243 1600 3412 1669 legem
3457 1600 3687 1655 dedisse.
3735 1599 3845 1654 lloc
3890 1602 4081 1655 etiam

2479 1692 2607 1746 dicit
2635 1691 2891 1762 pmpheta
2918 1708 2931 1743 :
2955 1691 3254 1762 ϐοηθῆσαί
3273 1691 3742 1760 sunt,.inquit,cum
3764 1689 3868 1744 Deo
3894 1691 4083 1744 Abra-

2480 1782 2619 1835 ham.
2650 1781 2909 1836 Hebraeus
2933 1790 3108 1835 autem
3140 1796 3235 1849 pro
3262 1795 3331 1835 eo
3355 1780 3495 1850 quod
3519 1790 3617 1844 est,
3647 1779 3773 1834 Cum
3797 1779 3927 1847 Deo,
3965 1781 4081 1835 Em

2480 1872 2597 1927 Elei
2627 1873 2898 1926 Abraham.
2924 1872 2989 1926 Et
3014 1888 3121 1942 quo
3143 1870 3323 1938 modo,
3354 1886 3553 1941 qumso,
3588 1871 3688 1927 hoc
3715 1872 3912 1927 factum
3931 1884 4031 1928 est
4054 1875 4079 1925 2

2481 1964 2729 2028 Quoniam
2760 1960 2861 2017 Dei
2916 1966 3071 2031 fortes
3117 1971 3265 2016 terra
3312 1964 3626 2015 vehementer
3678 1962 3854 2016 elevati
3913 1974 4072 2018 sunt.

2477 2052 2700 2120 Quinam
2740 2062 2865 2107 sunt
2906 2063 3082 2107 autem
3111 2052 3207 2107 Dei
3232 2051 3417 2119 fortes,
3445 2053 3546 2108 nisi
3573 2054 3835 2123 apostoli,
3866 2053 4081 2109 ﬁdeles

2476 2144 2704 2198 omnes?
2729 2142 2989 2209 Quoniam
3017 2145 3157 2198 enim
3196 2144 3433 2213 potentia
3476 2159 3659 2199 eorum
3702 2159 3871 2215 usque
3918 2146 4080 2201 adeo

2476 2232 3033 2303 resplenduit,.omnes
3061 2232 3301 2287 vicerunt
3326 2250 3339 2286 :
3366 2243 3513 2288 recte
3540 2244 3715 2289 autem
3748 2249 3843 2290 eos
3867 2237 4079 2304 appel-

2476 2324 2604 2379 lavit
2634 2324 2815 2379 fortes.
2845 2324 3037 2393 Quidni
3066 2324 3209 2381 enim
3234 2322 3422 2388 fortes,
3453 2325 3540 2395 qui
3570 2324 3828 2381 adversus
3860 2327 4073 2381 orbem

2478 2423 2634 2469 terra:
2662 2415 2827 2470 aciem
2857 2415 3241 2476 instruxerunt.
3270 2414 3528 2470 adversus
3549 2414 3840 2481 daemones,
3868 2417 4077 2471 adver-

2476 2519 2567 2559 sus
2591 2505 2880 2567 diabolum,
2920 2505 3181 2560 adversus
3213 2506 3457 2576 populos,
3500 2506 3755 2562 adversus
3783 2508 4068 2576 civitates,

2475 2594 2730 2650 adversus
2779 2604 2986 2664 gentes,
3016 2594 3272 2649 adversus
3323 2604 3597 2667 tyrannos,
3646 2596 3905 2652 adversus
3946 2608 4073 2653 tur-

2475 2695 2652 2740 menta
2706 2700 2770 2740 ac
2823 2685 3098 2755 supplicia,
3150 2686 3406 2741 adversus
3450 2687 3762 2757 sartagines,
3792 2687 4072 2743 adversus

2478 2774 2719 2829 foruaces
2737 2816 2751 2839 ,
2777 2774 3030 2830 adversus
3060 2776 3493 2831 consuetudinem
3513 2818 3531 2845 ,
3562 2776 3815 2833 adversus
3845 2788 4069 2834 natura:

2478 2868 2808 2937 tyrannidem
2842 2909 2858 2935 ,
2904 2876 2960 2923 et
3005 2869 3180 2922 omnia
3233 2868 3522 2923 diruebant
3551 2870 3591 2937 ⁸,
3640 2877 3695 2925 et
3744 2873 4069 2940 superiores

2472 2956 2720 3011 omnibus
2750 2956 3065 3023 evadebant,
3096 2966 3150 3012 et
3177 2973 3206 3013 a
3231 2959 3379 3013 nullo
3398 2960 3793 3016 vincebantur?
3818 2976 4067 3032 quomo-

2473 3044 2542 3100 do
2564 3061 2667 3099 non
2695 3045 2879 3109 fortes,
2898 3048 2988 3115 qui
3009 3047 3091 3102 vel
3120 3057 3241 3117 post
3265 3057 3511 3113 mortem,
3533 3056 3734 3103 tantam
3758 3052 4069 3107 ostendunt

2472 3134 2752 3189 virtutem?
2778 3135 3043 3203 quomodo
3070 3150 3179 3190 non
3210 3134 3404 3203 fortes,
3434 3151 3662 3206 quorum
3710 3138 3877 3195 verba
3928 3152 4067 3195 sunt

2471 3224 2658 3294 quovis
2692 3224 2975 3281 adamante
2998 3226 3210 3282 duriora
3231 3268 3245 3292 ,
3274 3242 3373 3282 nec
3411 3228 3573 3283 ullum
3604 3244 3668 3284 ea
3690 3238 3899 3301 tempus
3922 3232 4067 3288 abo-

2473 3315 2629 3382 levit,
2652 3316 2745 3370 sed
2772 3316 3007 3387 quotidie
3065 3317 3234 3386 majus
3279 3316 3666 3374 incrementum
3704 3322 4012 3390 suscipiunt
4048 3341 4061 3375 :

2470 3406 2595 3460 dum
2622 3405 2808 3461 omnes
2851 3407 3043 3476 ubique
3080 3408 3225 3462 orbis
3258 3418 3518 3464 terrarum
3573 3426 3698 3466 oras
3743 3414 4063 3482 evangelica

2470 3496 2774 3565 pradieatio
2825 3498 3095 3566 pervadit?
3144 3498 3247 3553 Pro
3291 3498 3375 3553 bis
3425 3501 3675 3555 omnibus
3722 3501 3965 3573 benigno
4004 3516 4065 3559 et

2469 3586 2717 3642 clementi
2750 3588 2859 3642 Deo
2889 3589 3081 3659 gratias
3118 3604 3337 3659 agamus
3368 3608 3381 3643 :
3408 3593 3659 3661 quoniam
3688 3593 3736 3647 ei
3782 3594 3955 3663 gloria
4004 3608 4063 3652 ct

2470 3682 2737 3751 potentia,
2768 3689 2992 3736 nuncet
3018 3696 3265 3751 semper,
3296 3689 3351 3737 et
3380 3682 3434 3738 iu
3474 3684 3671 3739 sarcula
3704 3686 4057 3742 saeculorum.

2470 3773 2660 3826 Amen.

2896 3880 2961 3936 IN
2998 3879 3317 3941 PSALMUM
3356 3885 3564 3941 XLVII.

2822 3998 2874 4052 1.
2903 3995 3161 4051 Canticum
3182 3996 3380 4052 Psalmi
3400 4000 3522 4067 ﬁliis
3541 3999 3686 4055 Core.

2466 4105 2520 4160 2.
2554 4107 2771 4177 Magnus
2799 4106 3043 4162 Dominus
3070 4118 3116 4162 et
3141 4108 3411 4163 laudabilis
3450 4110 3615 4175 valde,
3646 4113 3697 4165 in
3726 4114 3932 4168 civitate
3963 4119 4058 4171 "ei

2536 4200 2715 4265 nostri,
2745 4200 2798 4252 in
2823 4208 2989 4253 monte
3001 4210 3171 4253 sancto
3191 4201 3321 4269 ejus,
3346 4200 3400 4253 5.
3423 4200 3543 4253 bene
3561 4202 3810 4258 radicibus
3831 4205 4056 4272 ﬁrmans

2537 4292 2873 4345 exsultatione
2916 4290 3157 4344 universte
3204 4300 3369 4343 terch.
3426 4290 3573 4344 Alius
3618 4292 3767 4355 dicit,
3818 4293 4055 4351 Pulchro

2536 4382 2772 4452 germine,
2794 4380 2981 4449 gaudio
3001 4382 3244 4433 universis
3267 4390 3432 4433 (me.
3464 4380 3633 4448 Alius,
3655 4382 3728 4436 Ab
3747 4383 3894 4439 initio
3916 4404 4055 4455 prc-

2534 4473 2721 4543 scripto
2739 4470 3005 4543 splendore
3024 4471 3268 4524 universi:
3293 4480 3459 4524 terra.

2537 4585 2587 4638 ί.
2630 4582 2726 4638 Hic
2771 4597 2980 4653 quoque
3024 4581 3284 4651 significat
3313 4580 3685 4637 liberationem
3730 4598 3760 4636 a
3792 4584 3956 4640 bellis
3997 4598 4050 4643 et

2464 4674 2672 4744 pugnis.
2700 4672 2833 4740 Quia
2860 4673 3000 4727 enim
3030 4688 3060 4726 a
3090 4672 3361 4740 Babylone
3407 4673 3647 4739 reversi,
3691 4683 3747 4729 et
3798 4688 3830 4728 a
3885 4675 4048 4748 longa

2463 4767 2766 4835 captivitate
2805 4765 3009 4819 liberati
3031 4807 3044 4826 ,
3074 4772 3269 4817 terram
3298 4773 3574 4833 paternam
3599 4776 3920 4835 receperunt
3949 4810 3967 4835 ,
3995 4782 4049 4823 et

2463 4872 2492 4911 a
2517 4858 2695 4913 multis
2724 4857 2876 4911 bellis
2903 4864 3202 4922 evaserunt,
3233 4871 3331 4924 pro
3352 4856 3435 4910 his
3451 4858 3697 4913 omnibus
3723 4859 3829 4914 Deo
3846 4859 4045 4917 horum

2462 4949 2719 5003 bonorum
2742 4948 3148 5017 auctorigratias
3172 4960 3405 5016 agentes,
3436 4949 3531 5003 hos
3554 4949 3778 5020 hymnos
3806 4966 4041 5011 mttunt:

2460 5040 2641 5094 dicunt
2664 5050 2839 5095 autem
2872 5055 2885 5091 :
2919 5039 3135 5108 Magnus
3181 5037 3455 5104 Dominus,
3491 5051 3539 5093 et
3568 5041 3840 5097 laudabilis
3868 5048 4038 5103 valde.

2462 5132 2681 5203 Magnus
2704 5132 2916 5201 quidem
2958 5130 3157 5197 dicunt,
3199 5130 3293 5185 sed
3318 5146 3475 5200 quam
3520 5147 3765 5202 magnus,
3801 5148 3908 5188 non
3963 5140 4041 5192 di-

2460 5230 2624 5275 cunt:
2658 5219 2759 5275 hoc
2807 5220 2947 5274 enim
2997 5235 3153 5275 nemo
3201 5220 3330 5285 scit;
3379 5230 3431 5275 et
3483 5221 3603 5276 ideo
3627 5222 3941 5292 subjunxit:
3977 5228 4039 5282 Et

2461 5312 2726 5365 laudabilis
2753 5311 2913 5364 valde.
2938 5310 3052 5365 Non
3074 5320 3155 5366 est
3182 5313 3321 5365 enim
3354 5312 3473 5368 linis
3500 5314 3613 5381 ejus
3634 5316 4036 5385 magnitudinis.

2459 5404 2607 5470 Quod
2629 5414 2806 5459 autem
2837 5402 2984 5465 dicit,
3016 5413 3095 5457 est
3120 5403 3381 5473 ejusmodi
3408 5422 3420 5457 :
3453 5404 3841 5473 Oportetillum
3864 5413 4035 5465 solum

2459 5496 2623 5565 gloria
2663 5494 2876 5548 afﬁcere
2918 5502 2972 5547 et
2998 5493 3242 5560 laudare,
3272 5493 3431 5564 idque
3462 5509 3622 5565 supra
3664 5511 3877 5551 omnem
3926 5516 4038 5556 mo-

2522 5650 2538 5680 ί
2575 5656 2717 5699 Unus.
2741 5648 2967 5696 adversus
2988 5646 3289 5710 tyrannidem
3322 5652 3524 5705 natm-re,
3550 5648 3779 5699 adversus
3818 5650 4032 5703 denunt:-

2457 5716 2596 5766 tm'es,
2641 5716 2869 5759 adversus
2885 5707 3042 5773 reges,
3076 5707 3305 5773 adversus
3334 5711 3510 5773 {autem
3535 5718 3576 5759 et
3618 5712 3761 5771 sitim,
3807 5714 4034 5765 adversus

2462 5779 2678 5832 mortem,
2703 5776 2746 5821 et
2769 5770 2925 5821 omnia
2945 5768 3214 5820 diruebwu.
