4156 6420
181 405 293 463 ﬂ?

182 523 313 578 dum
341 534 360 575 :
384 514 616 575 sla-dae
667 521 863 580 nempe
906 517 1030 562 eum
1073 505 1291 574 propter
1339 495 1477 551 hanc
1516 489 1779 548 inﬁnitam

184 622 243 669 et
291 598 887 678 incoluprobensibiiem
936 593 1186 652 essentia
1235 583 1678 678 magnitudinem,
1715 586 1783 678 ot-

190 709 412 773 ιιι-αμα
437 669 645 754 summa
674 690 792 763 ejus
820 688 874 746 in
901 700 1002 743 nos
1031 679 1313 740 beneﬁcia.
1343 676 1476 733 Nam
1507 681 1565 730 et
1586 669 1805 736 voluit,“

186 765 240 851 et
477 801 598 860 qua
621 782 812 841 voluit.
868 778 936 835 In
964 776 1165 865 ciuitate
1311 766 1474 825 nostri
1492 806 1508 835 ,
1531 765 1585 820 in

186 852 367 943 ..ἐστι
386 852 515 956 ejus:
542 876 681 949 Quid
710 872 881 931 dicis?
912 868 1026 927 Illic
1060 864 1180 937 eius
1222 860 1439 919 laudem
1477 852 1779 918 concludis,

187 977 282 1048 qui
305 948 656 1043 «tmagnus,
684 965 774 1039 qui
800 958 1101 1026 laudabilis,
1129 956 1185 1012 in
1205 954 1420 1010 civitate
1449 956 1513 1006 et
1529 948 1586 1003 in
1620 957 1783 1001 mon-

191 1036 290 1125 te?
318 1063 437 1122 ιιοι
469 1036 573 1119 is.
599 1036 743 1126 duo.
771 1053 965 1127 inquit,
990 1049 1085 1108 sed
1110 1045 1253 1121 quod
1276 1057 1377 1101 nos
1398 1049 1524 1097 ante
1549 1038 1655 1095 sua
1680 1036 1785 1127 hoc

188 1123 615 1228 cognoverimus.
651 1123 750 1206 Vel
796 1123 1085 1218 propterea
1131 1149 1280 1228 ergo
1308 1131 1444 1228 dixit
1494 1127 1672 1228 illud,
1711 1123 1787 1181 In

191 1218 395 1304 enim
417 1244 512 1300 ou
554 1240 736 1307 nostri,
778 1236 866 1294 vel
901 1234 1089 1290 volens
1133 1218 1443 1292 ostendere,
1488 1218 1638 1295 quod
1681 1228 1789 1290 per

190 1335 612 1411 magnitudinem
639 1327 1017 1387 miraculorum
1044 1334 1168 1395 qua:
1195 1317 1274 1375 ibi
1287 1316 1424 1411 facta
1439 1316 1787 1411 suun-ostens-

190 1402 821 1499 sssitejusmagnitudo
864 1413 1114 1489 etgloria
1144 1427 1161 1466 :
1192 1407 1338 1482 quod
1375 1420 1477 1499 eos
1506 1402 1787 1499 quierant

188 1491 423 1592 captivi;
447 1515 539 1589 qui
567 1491 811 1584 disjecti,
839 1508 929 1580 qui
971 1500 1263 1573 contempti
1282 1536 1301 1569 ,
1329 1496 1420 1570 qui
1460 1494 1524 1551 in

192 1583 379 1668 hostili
407 1583 575 1664 velut
613 1583 668 1660 iu
700 1600 953 1673 septum
981 1593 1391 1655 detinebantur,
1430 1594 1490 1643 ut
1523 1583 1667 1641 adeo
1692 1596 1784 1637 re-

193 1708 359 1775 pente
382 1698 515 1756 clari
539 1702 738 1760 essent,
761 1685 1130 1765 procura'verit
1157 1697 1173 1735 :
1300 1691 1361 1737 et
1382 1677 1474 1751 qui
1506 1688 1602 1733 eos
1633 1673 1786 1775 vices

194 1764 342 1859 rant,
367 1794 718 1862 superarent,
747 1791 802 1840 et
824 1780 889 1838 ad
915 1780 1153 1851 priorem
1175 1772 1416 1862 redirent
1455 1764 1787 1862 prosperity

194 1896 306 1942 tem
330 1858 353 1952 ν,
402 1858 460 1939 et
503 1878 751 1949 mu'quus
805 1872 994 1947 patriae
1046 1875 1218 1925 status
1263 1863 1346 1920 eis
1387 1858 1785 1919 restitueretur.

192 1972 453 2033 Ostendit
465 1971 607 2027 enim
626 2010 643 2037 ,
671 1964 863 2038 iriquit,
890 1964 1062 2034 ipsum
1088 1959 1251 2015 etiam
1270 1960 1636 2011 creaturarum
1652 1958 1803 2038 qum

194 2066 447 2123 videntur
469 2036 778 2134 magnitudo
810 2072 825 2110 :
852 2052 951 2110 sed
966 2048 1220 2124 quoniam
1235 2041 1541 2114 complures
1555 2036 1788 2109 antiqui-

192 2164 287 2212 tus
307 2161 463 2211 erant
494 2151 654 2224 paulo
696 2142 1107 2217 insipientiores,
1127 2135 1529 2224 cognitionem,
1560 2141 1683 2224 quae
1714 2141 1783 2183 ex

195 2245 433 2303 inimicis
465 2218 521 2301 ei
551 2256 620 2298 ex
646 2236 870 2295 victoria
899 2232 1093 2299 oritur,
1136 2226 1341 2299 adjicit,
1371 2220 1638 2285 mirabilia
1665 2218 1787 2274 haec

198 2346 405 2407 tropica
450 2331 662 2390 assidue
690 2330 903 2400 erigens
922 2366 939 2391 ,
966 2332 1023 2381 et
1046 2334 1135 2378 res
1158 2319 1213 2375 in
1232 2314 1443 2374 -meiius
1468 2309 1663 2370 mutari
1682 2323 1787 2365 cna

198 2399 350 2491 IIII—ﬁ
377 2436 442 2479 ac
457 2428 649 2493 praeter
665 2399 815 2489 spem
843 2423 900 2471 et
917 2408 1372 2485 exspectationem
1401 2416 1617 2462 omnem
1641 2399 1788 2471 ejus-

194 2515 345 2573 modi
367 2491 622 2572 miracula
645 2510 831 2571 edens.
872 2506 1023 2564 Hanc
1059 2511 1239 2559 autem
1260 2505 1415 2555 vocat
1444 2496 1563 2567 ejus
1595 2491 1784 2550 civita-

199 2620 347 2679 tem,
379 2624 487 2665 nou
509 2606 643 2663 alias
670 2603 790 2676 eius
824 2602 1039 2673 privatas
1079 2591 1437 2668 providentia,
1463 2586 1558 2679 sed
1591 2594 1653 2641 ut
1686 2584 1788 2679 hos

196 2673 481 2768 ostendat,
508 2695 650 2769 quod
674 2673 741 2751 ad
763 2688 1086 2762 cognitionis
1109 2685 1374 2741 rationem
1407 2678 1621 2744 attinet,
1663 2673 1786 2730 aliis

196 2790 363 2848 Ιιιὶιω
385 2788 540 2859 longe
567 2786 792 2859 priores.
820 2780 934 2837 illa:
961 2778 1106 2835 enim
1134 2774 1252 2847 ejus
1277 2772 1382 2829 dici
1421 2773 1675 2842 poterant
1698 2780 1788 2821 ra-

196 2884 346 2939 tione
370 2856 584 2935 tantum
596 2874 823 2947 opiﬁcii;
865 2872 981 2927 haec
1014 2882 1148 2925 vero
1185 2864 1349 2923 etiam
1383 2863 1592 2918 ratione
1632 2856 1787 2913 fami.

197 2971 442 3030 iiaritatis
466 2977 522 3027 et
545 2946 988 3027 necessitudinis,
1015 2968 1071 3016 et
1114 2955 1262 3030 quod
1299 2954 1416 3009 haec
1453 2949 1632 3008 omnia
1676 2946 1789 3002 illic

197 3068 394 3123 ﬁerent
418 3059 691 3118 miracula.
720 3056 874 3114 Tunc
909 3055 1087 3124 itaque
1126 3064 1189 3109 ea
1224 3036 1506 3104 dicebatur
1537 3041 1631 3098 Dei
1652 3040 1786 3097 civi-

197 3165 321 3221 tas;
348 3168 490 3211 nunc
529 3159 709 3208 autem
739 3162 839 3204 nos
865 3158 1055 3203 omnes
1090 3140 1187 3197 Dei
1219 3138 1468 3195 dicimur.
1510 3132 1613 3202 Qui
1652 3131 1788 3187 enim

198 3248 390 3306 Christi
412 3254 551 3314 sunt,
573 3241 772 3314 inquit,
800 3252 1005 3295 carnem
1027 3228 1389 3302 cruciﬁxit-unt
1420 3243 1541 3282 eum
1579 3225 1715 3281 uitiis
1738 3231 1787 3279 et

192 3333 610 3408 concupiscentiis
636 3329 776 3403 (Gal.
804 3329 861 3387 5.
889 3325 1005 3399 ει).
1030 3322 1222 3380 Vidisti
1244 3331 1508 3377 summam
1526 3314 1787 3399 etinten-

198 3392 464 3484 tissimam
523 3392 814 3478 virtutem?
879 3392 1121 3473 Et'ideo
1163 3408 1530 3482 appellabatur
1574 3392 1790 3476 quoque

197 3532 359 3576 mons
378 3516 495 3583 Dei,
517 3512 766 3585 quoniam
794 3509 937 3565 Deus
953 3506 1061 3562 illic
1073 3503 1367 3561 colebatur.
1381 3498 1518 3555 Bene
1530 3496 1789 3553 radicibus

197 3612 416 3681 ﬁrmans
459 3604 792 3662 multatione
838 3601 1085 3657 universa
1141 3604 1308 3651 terrc.
1369 3592 1582 3648 Dictum
1632 3586 1789 3647 valde

196 3677 509 3766 obscurum,
533 3704 591 3752 et
614 3694 736 3751 ideo
780 3697 992 3764 oportet
1038 3684 1339 3743 attendere.
1384 3682 1449 3739 Ei
1489 3681 1633 3737 enim
1655 3720 1670 3745 ,
1696 3677 1789 3748 qui

198 3788 567 3866 perfunctorie
594 3787 758 3859 legit,
786 3796 1034 3855 magnam
1061 3778 1215 3835 affert
1238 3775 1623 3866 dubitationem
1653 3790 1668 3827 :
1697 3768 1789 3840 qui

206 3865 264 3941 id
290 3889 468 3939 autem
507 3878 788 3950 diligenter
817 3871 1175 3945 persequitur,
1204 3865 1409 3923 videbit
1450 3874 1789 3932 consequenv

204 3974 360 4039 tiam,
392 3980 447 4026 et
470 3947 771 4025 accuratam
795 3962 1180 4021 sententiarum
1198 3954 1613 4014 connexionem.
1634 3947 1791 4017 Quod

200 4064 351 4121 enim
379 4061 527 4128 dicit,
546 4068 628 4116 est
654 4054 918 4129 ejusmodi
946 4071 960 4109 :
988 4052 1211 4134 Magnus
1229 4048 1483 4103 Dominus
1512 4046 1566 4099 in
1591 4043 1792 4098 ciuitate

200 4156 305 4213 Dei
326 4154 483 4209 nostri
503 4194 519 4221 ,
542 4153 596 4207 in
621 4160 790 4207 monte
814 4156 988 4204 sancto
1015 4138 1107 4201 suo
1125 4149 1247 4200 bene
1265 4142 1523 4208 radicans,
1554 4138 1658 4194 hoc
1688 4144 1790 4204 est,

202 4247 346 4306 bene
371 4244 640 4304 radicibus
682 4243 922 4307 ﬁrmans,
955 4248 1012 4296 et
1044 4253 1164 4295 eam
1212 4235 1433 4309 pulchre
1476 4235 1695 4289 ﬁrmans
1732 4245 1797 4288 ac

202 4336 483 4396 stabiliens
507 4336 560 4391 in
591 4334 788 4407 gaudio
825 4340 882 4390 et
904 4331 1088 4389 laetitia
1124 4329 1286 4385 totius
1314 4327 1462 4383 orbis
1502 4335 1793 4383 terrarum.

204 4430 321 4489 lloc
358 4429 516 4485 etiam
545 4427 685 4482 alius
710 4425 936 4481 obscure
970 4419 1278 4493 signiﬁcans
1303 4418 1459 4486 dixit,
1489 4415 1798 4485 Prtesm'pto

204 4520 477 4594 splendore
498 4520 745 4577 unica-ste
757 4526 924 4574 terra.
955 4515 1091 4573 Eam
1128 4514 1271 4572 enim
1305 4512 1430 4570 fecit
1457 4510 1799 4581 splendorem

206 4625 263 4671 et
291 4612 527 4669 iretitiam
552 4609 819 4666 universae
850 4617 1026 4663 terrae.
1056 4604 1208 4662 illinc
1232 4611 1312 4662 est
1341 4602 1462 4659 lous
1483 4601 1718 4674 pietatis,
1746 4609 1804 4656 et

209 4703 419 4762 radices
447 4710 503 4760 et
537 4700 793 4773 principia
825 4698 920 4754 Dei
944 4695 1284 4769 cognitionis.
1324 4693 1474 4751 lianc
1497 4706 1647 4765 ergo,
1676 4707 1799 4747 cum

210 4792 336 4850 talis
367 4799 541 4861 esset,
570 4790 839 4847 radicibus
879 4787 1112 4844 ﬁrmavit
1139 4801 1203 4842 ac
1230 4784 1484 4841 stabilivit
1530 4783 1600 4839 ad
1642 4797 1801 4838 orna-

212 4890 451 4940 mentum
475 4883 637 4937 totius
661 4877 810 4937 orbis
822 4888 1118 4942 terrarum,
1143 4875 1211 4932 ad
1241 4873 1661 4931 exsultationem
1684 4914 1700 4941 ,
1731 4871 1799 4928 ad

211 4972 463 5046 gaudium
492 4972 654 5029 totius
696 4968 899 5027 mundi.
948 4966 1288 5039 Jerosolyma
1340 4964 1486 5021 enim
1533 4972 1659 5018 tunc
1685 4970 1804 5018 erat

214 5064 468 5137 magistra
489 5061 749 5118 universa
776 5070 957 5127 terrm,
978 5066 1037 5115 ct
1061 5058 1151 5130 qui
1183 5055 1432 5112 volebant
1456 5054 1558 5110 lrui
1583 5053 1798 5127 gaudio,

214 5158 523 5229 mitumque
548 5163 603 5212 et
625 5161 997 5210 ornamentum
1022 5165 1217 5223 capere
1242 5192 1259 5219 ,
1286 5150 1411 5206 hinc
1434 5164 1496 5205 ca
1526 5165 1643 5220 quae
1667 5149 1804 5204 bona

214 5257 275 5304 et
306 5247 529 5303 honesta
569 5252 724 5302 erant
757 5243 1052 5300 discebant.
1086 5242 1155 5298 Et
1195 5241 1319 5299 ideo
1347 5239 1451 5296 hoc
1497 5238 1805 5309 signiﬁcans

216 5353 326 5395 non
349 5337 502 5404 dixit,
522 5335 810 5392 Radicibus
834 5334 1072 5399 limans,
1099 5331 1195 5388 sed
1215 5374 1231 5397 ,
1263 5330 1401 5386 Bene
1424 5331 1638 5401 ﬁrmans
1660 5330 1804 5384 radi-

217 5428 378 5485 cibus.
408 5427 558 5495 Quod
582 5426 628 5483 si
654 5426 791 5483 velis
824 5425 1059 5496 idipsum
1095 5423 1343 5493 accipere
1369 5421 1659 5493 anagogice
1678 5461 1695 5487 ,
1726 5420 1804 5476 vi-

215 5518 373 5575 debis
398 5533 573 5574 rerum
595 5517 895 5574 veritatem.
928 5516 1063 5572 ilinc
1096 5516 1239 5571 enim
1270 5512 1533 5585 processit
1573 5514 1808 5568 exsulta-

220 5615 298 5667 tio
321 5625 417 5682 per
458 5608 765 5682 Marsum
802 5609 987 5664 orbem
1040 5616 1301 5663 terrarum
1326 5648 1342 5674 ,
1371 5606 1497 5661 hinc
1547 5604 1811 5677 processit

216 5701 473 5775 gaudium
513 5696 573 5757 eT
593 5700 794 5766 laetitia,
824 5699 950 5755 hinc
996 5707 1316 5755 emanarunt
1352 5697 1528 5753 fontes
1572 5696 1808 5767 philoso-

221 5794 385 5867 phiae.
417 5792 511 5851 ubi
534 5790 776 5851 Christus
801 5791 900 5848 fuit
925 5789 1233 5859 cruciﬁxus,
1266 5787 1407 5846 unde
1434 5786 1656 5862 profecti
1680 5795 1805 5848 sunt

1290 373 1655 440 EXPOSI‘I'IO
1687 366 1759 435 IN
1796 365 2125 431 PSALHUI
2162 368 2256 429 XL
2265 368 2384 429 νη..

3385 357 3492 416 ass

1886 486 2113 560 apostoli
2143 526 2159 541 .
2182 484 2267 540 lu:
2290 483 2437 548 Sion,
2463 479 2627 546 enim,
2649 476 2837 548 inquit,
2871 474 3153 547 egredietur
3174 471 3276 536 les,
3307 480 3354 526 et
3382 485 3494 526 uer»

1887 581 2004 636 bim
2041 576 2254 633 Domini
2277 584 2344 629 ea:
2367 570 2658 628 Jerusalem
2678 567 2867 642 (Misit.
2901 567 2955 623 4.
2975 564 3037 638 ‘3)
3069 580 3084 621 :
3118 563 3279 620 habet
3309 568 3509 619 autent.

1888 671 1993 729 hoc
2014 668 2265 742 gaudium
2302 665 2520 723 radices
2538 659 2890 718 immortales.
2938 656 3147 713 Montes
3168 652 3301 712 Sion
3330 655 3505 711 latera.

1884 763 2162 837 aquilonis.
2198 761 2375 825 Alius,
2413 756 2618 813 Dentes
2665 754 2797 811 Sion
2843 756 3041 825 femora
3078 748 3357 821 aquilonis.
3386 746 3496 803 lic-

1884 856 2066 913 braeus
2078 860 2281 920 autem,
2296 850 2371 905 Ar
2387 849 2518 907 Sion
2528 846 2766 920 jerelulie
2790 844 3046 916 sophoun.
3065 841 3179 909 Qua
3207 840 3277 896 de
3299 851 3491 903 caua,

1886 959 2109 1019 quaram
2135 940 2381 1000 meminit
2418 954 2563 996 nunc
2596 936 2885 1009 aquilonis,
2910 944 2964 991 et
2992 936 3155 990 situm
3191 930 3293 988 loci
3334 930 3501 986 nobis

1887 1036 2183 1097 describit?
2202 1034 2468 1105 Quoniam
2496 1031 2715 1089 assidue
2740 1029 2941 1086 bellum
2966 1026 3092 1081 hinc
3108 1023 3503 1089 suseitabatur.

1887 1127 2265 1188 invadentibus
2289 1123 2565 1192 barbaris,
2619 1122 2782 1193 idque
2839 1117 3117 1191 prephcta:
3154 1115 3341 1172 dicunt
3382 1115 3497 1170 iro.-

1888 1230 2116 1295 quenter
2135 1261 2153 1288 ,
2182 1218 2383 1276 bellum
2411 1216 2479 1272 ab
2502 1214 2754 1285 aquilone
2790 1209 3126 1283 appellantes
3146 1206 3285 1276 (Jer.
3318 1206 3369 1261 ι.
3399 1205 3491 1261 l3.

1891 1315 1982 1389 Η)
2005 1332 2023 1385 ;
2050 1324 2104 1373 et
2131 1313 2363 1371 lcbetcm
2391 1310 2539 1367 illinc
2558 1307 2854 1365 ferventem
2868 1303 3183 1360 describunt
3205 1318 3219 1357 :
3244 1300 3320 1365 ita
3346 1299 3492 1356 enim

1888 1411 1991 1466 sita
2007 1416 2093 1466 est
2109 1407 2259 1477 regio
2273 1400 2635 1468 Persarum,si
2651 1399 2911 1455 habeatur
2926 1397 3065 1453 ratio
3083 1391 3487 1464 Palaestinam).

1888 1502 2043 1574 Quod
2064 1500 2263 1557 factum
2290 1496 2567 1555 admirans
2587 1534 2608 1563 ,
2648 1494 2753 1550 hoc
2783 1490 3081 1564 subiunxit,
3115 1485 3425 1558 signiﬁcans
3470 1502 3488 1540 ι

1890 1594 2021 1652 Eam
2050 1606 2173 1664 quin
2191 1590 2342 1647 illinc
2368 1586 2586 1645 assidue
2603 1582 2925 1649 vexabatur,
2958 1579 3133 1636 iecisti
3155 1580 3491 1648 inexpugna-

1886 1687 2074 1744 bilem.
2111 1679 2346 1740 Perinde
2381 1678 2527 1736 enim
2574 1690 2640 1733 ac
2679 1675 2727 1732 si
2764 1674 2886 1746 quis
2910 1671 3119 1729 diceret
3145 1670 3215 1726 de
3239 1682 3490 1739 corpore,

1888 1780 2103 1837 Partem
2150 1775 2299 1831 illam
2340 1770 2664 1829 imbecillam
2714 1765 2890 1824 fecisti
2933 1762 3285 1820 valentiorem
3327 1778 3342 1814 :
3387 1758 3493 1814 hoc

1889 1873 2055 1930 etiam
2085 1869 2174 1925 hic
2196 1868 2312 1940 ipse
2338 1863 2675 1928 subindicat,
2716 1860 2905 1917 dicens
2933 1870 2952 1913 :
2978 1855 3120 1912 unde
3142 1854 3321 1909 luctus
3343 1859 3398 1907 et
3425 1851 3495 1905 la-

1889 1976 2115 2039 crymm,
2137 1960 2281 2018 unde
2318 1959 2473 2031 origo
2512 1954 2914 2019 calamitatum,
2942 1963 3023 2007 ea:
3050 1955 3231 2015 partes
3255 1944 3494 2015 impleta

1891 2038 2020 2116 sunt
2041 2058 2338 2127 voluptate,
2358 2050 2749 2119 aiacritateque
2773 2045 2961 2101 animi.
2987 2040 3139 2099 Unde
3166 2038 3349 2105 minae,
3371 2049 3491 2091 me-

1891 2160 1999 2219 tus,
2024 2159 2081 2208 et
2106 2126 2339 2221 pericula
2359 2185 2377 2214 ,
2417 2144 2545 2200 hinc
2568 2139 2820 2213 gaudium
2846 2144 2904 2193 et
2942 2132 3125 2189 laetitia
3146 2128 3176 2187 ἰ
3215 2144 3321 2187 nec
3348 2126 3493 2183 uitus

1888 2215 2145 2313 deinceps
2188 2237 2385 2295 metuit
2418 2234 2789 2306 aquilonarem
2826 2228 2975 2284 illam
3022 2231 3235 2297 partem
3276 2215 3490 2286 mundi,

1890 2344 2051 2392 nemo
2080 2308 2264 2387 animo
2290 2328 2523 2400 angitur,
2553 2338 2712 2381 nemo
2729 2318 3054 2391 suspicatur,
3070 2314 3167 2371 sed
3187 2324 3376 2369 omnes
3390 2308 3491 2365 de-

1888 2436 2019 2502 gunt
2044 2427 2099 2483 ili
2135 2422 2344 2489 laetitia,
2367 2422 2491 2477 cum
2520 2418 2638 2489 eius
2662 2414 2872 2471 radices
2899 2408 3082 2466 ﬂxeris
3112 2407 3168 2463 in
3194 2403 3490 2473 voluptate.

1889 2492 2079 2581 Divitiis
2105 2518 2241 2591 regis
2261 2514 2456 2589 magni.
2497 2514 2555 2570 d.
2585 2509 2724 2565 Deus
2750 2508 2806 2563 in
2833 2503 3067 2561 domibus
3093 2501 3203 2570 eius
3226 2492 3493 2570 cognosci-

1889 2625 1992 2680 tur,
2009 2622 2128 2668 eum
2146 2586 2384 2679 suscipiet
2400 2606 2588 2677 ipsum.
2606 2601 2779 2660 Alius.
2797 2597 3041 2671 Cognitis:
3052 2602 3147 2649 est.
3165 2590 3338 2658 Alius,
3356 2586 3493 2680 Deus

1889 2706 1943 2761 in
1969 2678 2122 2776 regiis
2148 2703 2258 2775 eius
2285 2678 2619 2771 cognoscetur
2660 2692 2731 2747 ad
2764 2688 3131 2746 munimentum
3174 2683 3271 2755 (ὁ).
3313 2678 3492 2744 Alius,

1887 2771 2044 2851 Deus.
2065 2795 2119 2848 in
2150 2771 2359 2864 palatiis
2398 2791 2509 2859 ejus
2550 2784 2784 2856 cognitus
2812 2786 2886 2836 est
2909 2777 2980 2833 ad
2996 2771 3330 2847 eripiendum
3356 2783 3491 2824 eam.

1959 2885 2016 2941 2.
2046 2882 2311 2941 Prmdica‘t
2349 2880 2466 2951 ejus
2502 2877 2857 2948 dignitatem,
2900 2868 3149 2933 laudem,
3193 2876 3489 2927 coronam,

1889 2978 2116 3036 dicens:
2143 2974 2336 3031 Ciuitas
2363 2970 2498 3042 regis
2526 2967 2722 3039 magni.
2770 2960 2975 3020 Deinde
3014 2955 3310 3015 ostendens
3352 2967 3492 3024 quo-

1890 3069 2053 3127 modo
2067 3068 2138 3123 sit
2162 3066 2354 3123 civitas
2380 3062 2523 3133 regis
2550 3057 2747 3129 magni,
2778 3051 3050 3125 adiungit,
3078 3046 3221 3103 Deus
3242 3047 3297 3100 in
3322 3045 3492 3098 domi-

1889 3161 1982 3216 bus
2010 3160 2119 3231 ejus
2138 3154 2477 3233 cognoscitur,
2502 3161 2749 3221 magnam
2768 3136 3059 3202 ostendens
3075 3136 3490 3211 providentiam,

1890 3226 2041 3323 quod
2060 3250 2180 3305 eam
2201 3226 2368 3303 totam
2395 3241 2542 3301 omni
2566 3256 2633 3297 ex
2658 3246 2811 3311 parte
2839 3240 3042 3300 servet,
3075 3244 3182 3286 non
3209 3226 3353 3284 illius
3373 3232 3495 3279 tan-

1892 3351 2007 3398 tum
2029 3340 2194 3396 totius
2220 3351 2404 3395 curam
2433 3344 2650 3407 gerens,
2673 3328 2771 3385 sed
2790 3327 2952 3383 etiam
2984 3324 3039 3380 in
3064 3330 3496 3391 unamquamque

1891 3432 2111 3489 domum
2138 3442 2290 3485 suam
2319 3423 2615 3483 ostendens
2655 3415 3071 3492 providentiam.
3131 3409 3301 3467 Nobis
3346 3408 3495 3464 enim

1892 3527 2053 3583 etiam
2081 3522 2285 3593 absque
2309 3533 2376 3576 eo
2401 3525 2488 3574 est
2526 3513 2794 3585 cognitus,
2832 3506 3067 3564 inimicis
3092 3511 3273 3558 autem
3318 3514 3389 3557 ex
3428 3512 3498 3555 eo

1893 3630 2044 3673 suam
2069 3591 2305 3671 ostendit
2328 3608 2604 3666 virtutem.
2622 3603 2891 3673 Tempore
2907 3597 3052 3655 enim
3077 3591 3348 3659 Esechitc,
3369 3604 3495 3647 cum

1894 3706 2246 3764 barbarorum
2299 3698 2474 3756 nubes
2503 3709 2626 3756 eam
2672 3692 2993 3757 invasisset,
3032 3695 3091 3745 et
3128 3693 3300 3763 totam
3331 3680 3497 3739 veluti

1895 3810 2093 3869 sagena
2138 3789 2617 3856 circumdedisset,
2672 3787 3016 3841 recesserunt
3066 3792 3191 3835 cum
3261 3774 3499 3831 maxima

1898 3864 2116 3945 suorum
2155 3883 2309 3940 clade
2334 3880 2643 3948 relictisque
2680 3871 3033 3953 cadaveribus
3077 3871 3157 3944 (4.
3204 3868 3333 3940 Reg.
3379 3864 3495 3936 i9).

1900 4067 2189 4143 ignominia
2232 4064 2409 4120 ati'ccti
2438 4066 2799 4117 recesserunt.
2845 4057 3003 4123 Haec,
3058 4051 3264 4124 inquit,
3313 4048 3500 4104 omnia

1898 4170 2050 4235 gesta
2077 4164 2203 4216 sunt
2236 4157 2336 4213 Dei
2378 4151 2754 4227 providentia,
2802 4160 3032 4217 eamque
3083 4142 3397 4215 praeclaram
3444 4146 3503 4194 et

1901 4232 2164 4325 insignem
2206 4248 2469 4307 iecerunt.
2497 4244 2613 4301 Non
2644 4242 2819 4299 solum
2839 4247 3019 4296 autem
3045 4234 3188 4308 quod
3219 4232 3499 4305 praeclara,

1903 4345 1997 4402 sed
2036 4345 2196 4400 etiam
2222 4339 2365 4413 quod
2405 4337 2543 4395 adeo
2569 4333 2826 4408 prmelara’
2849 4329 2987 4387 facta
3010 4329 3117 4393 sit,
3156 4337 3350 4396 magna
3376 4336 3505 4378 eva-

1903 4440 1992 4496 sit.
2018 4438 2072 4496 5.
2104 4435 2368 4502 Quoniam,
2393 4446 2507 4488 ecce
2529 4444 2673 4502 reges
2700 4435 2850 4483 terra:
2874 4420 3168 4495 congregati
3200 4426 3343 4482 sunt,
3372 4431 3501 4471 eon-

1903 4538 2146 4587 renernnt
2171 4528 2226 4582 in
2252 4541 2433 4580 unum.
2465 4521 2640 4590 Alius,
2680 4517 2819 4576 Ecce
2862 4516 2996 4571 enim
3040 4527 3183 4587 reges
3229 4508 3394 4566 simul:
3422 4508 3505 4563 in-

1903 4619 2080 4678 structi
2104 4628 2240 4674 sunt.
2259 4616 2313 4673 6.
2341 4614 2367 4670 1
2375 4613 2455 4685 psi
2477 4612 2701 4669 sidentes
2721 4609 2820 4677 sic,
2846 4603 3085 4663 admirati
3110 4607 3259 4667 sunt,
3288 4608 3503 4654 contur-

1905 4711 2010 4766 ιαιί
2027 4715 2163 4773 sunt,
2193 4705 2428 4761 commoti
2451 4711 2568 4759 sunt
2589 4717 2609 4757 :
2634 4701 2688 4758 ’1.
2718 4707 2906 4755 tremor
2929 4692 3269 4767 apprehendit
3292 4707 3399 4747 eos.
3422 4689 3507 4745 lbi

1906 4803 2106 4859 dolores
2122 4811 2177 4855 ut
2189 4796 2536 4871 parturientis,
2552 4795 2605 4851 8.
2618 4795 2669 4849 in
2684 4792 2870 4863 spiritu
2884 4787 3182 4849 uehementi.
3203 4786 3379 4851 Alius,
3401 4783 3507 4840 Per

1906 4903 2106 4950 uentum
2126 4892 2417 4947 violentum.
2445 4886 2620 4954 Alius,
2642 4882 2872 4940 Ardoris.
2892 4879 3130 4936 Cantores
3157 4892 3309 4933 naues
3330 4874 3505 4932 Thar-

1907 4984 1997 5040 sis.
2021 4983 2173 5039 Alius”
2194 5024 2209 5050 ,
2239 4972 2563 5051 Coufringes.
2596 4975 2853 5032 Hebrtcus
2901 4978 3080 5029 autum
3127 4968 3201 5023 ait
3222 5009 3238 5035 ,
3266 4966 3505 5024 Titanis.

1911 5077 2017 5133 Hic'
2036 5082 2218 5130 narrat
2240 5071 2471 5136 bellum,
2504 5067 2701 5123 bellum
2725 5062 2981 5130 difﬁcile,
3023 5058 3261 5129 undique
3299 5056 3506 5113 conﬂa-

1911 5176 2045 5235 tum,
2065 5174 2120 5221 et
2138 5163 2421 5219 clariorem
2450 5157 2747 5214 victoriam.
2777 5152 3043 5225 Quoniam
3072 5150 3218 5208 enim
3248 5148 3385 5204 dixit
3403 5189 3423 5215 ,
3445 5147 3511 5202 ιι.

1910 5259 2021 5314 ium
2067 5256 2116 5313 ci
2141 5252 2485 5327 patrocinari,
2526 5257 2583 5305 et
2624 5248 2743 5318 ejus
2781 5258 2968 5301 curam
3014 5256 3224 5314 gerere,
3274 5237 3512 5294 ostendit

1911 5351 2163 5419 deinceps
2204 5344 2475 5417 quomodo
2501 5356 2623 5399 eam
2648 5337 2971 5411 susciperet.
3011 5333 3147 5390 Nam
3190 5346 3313 5389 cum
3343 5331 3507 5384 innu-

1912 5440 2199 5501 mcra‘biics
2257 5446 2446 5509 gentes
2482 5449 2600 5490 eam
2645 5430 2967 5487 invasissent
2996 5426 3125 5498 (hoc
3166 5422 3312 5480 enim
3340 5419 3512 5492 signi-

1975 5605 2050 5668 (ιι)
2080 5610 2187 5674 non
2203 5599 2323 5674 satis
2359 5601 2593 5674 accurate.
2617 5589 2790 5674 dicitur
2822 5586 3082 5651 regionem
3119 5590 3371 5633 Persarum
3396 5590 3513 5633 εεω

1913 5658 2386 5729 δάέἐιιιθιιιτίοηθιιι
2410 5658 2691 5708 Palaestinae.
3452 5698 3462 5707 θ

1920 5720 2554 5841 τώὲ)1ἶὲξὲιξ¹ιᾶιοτιπεωιίο
2579 5724 2655 5767 est
2699 5709 2963 5776 Symmachi
2987 5713 3042 5761 et
3061 5707 3246 5771 quinta
3268 5702 3509 5754 Edilhun.

1938 5799 2033 5844 Fide
2056 5799 2286 5851 Ilexsptu.
