4156 6462
684 530 804 579 ticat
840 536 934 593 per
960 532 1142 589 regum
1171 512 1620 577 multitudinem),
1648 515 1702 561 et
1742 517 1849 558 non
1880 498 2052 593 solum
2101 495 2250 549 inva-

684 588 882 669 sissent
901 652 917 675 ,
939 588 1041 664 sed
1061 595 1219 660 etiam
1242 599 1541 671 congregati
1561 593 1729 650 aciem
1756 588 2148 650 instruxissent,
2169 599 2254 639 res

682 701 942 775 ejusmodi
968 708 1132 770 gesta:
1169 702 1321 761 sunt,
1354 701 1409 747 ut
1439 689 1537 759 ipsi
1564 688 1774 743 abirent
1804 679 2161 775 obstupefacti
2186 676 2257 731 ob

683 771 746 851 ea
777 809 897 865 qua
921 800 1070 847 tanto
1117 785 1370 843 miraculo
1408 782 1544 837 facta
1586 790 1726 834 sunt.
1768 775 1843 831 Ita
1872 776 2013 830 enim
2061 771 2254 827 bellum

685 883 1082 945 conficiebatur,
1110 888 1169 933 ut
1212 876 1312 947 ipsi
1353 874 1574 929 horrore
1602 887 1667 926 ac
1708 879 1921 937 torpore
1949 867 2086 935 pleni
2113 878 2259 919 rece-

685 978 874 1030 derent
892 1014 908 1039 ,
933 981 988 1027 et
1012 986 1132 1027 cum
1153 983 1341 1039 magna
1372 966 1532 1021 animi
1560 961 1954 1034 perturbatione
1971 957 2253 1019 resilirent,

689 1069 814 1124 dum
841 1064 990 1119 multi
1020 1076 1246 1133 paucos,
1268 1070 1322 1115 et
1343 1060 1376 1114 ii
1407 1057 1495 1127 qui
1525 1055 1739 1109 ordines
1765 1054 2142 1113 instruxerant,
2173 1048 2248 1100 di-

688 1159 831 1214 visos
870 1155 1154 1215 timerent,
1186 1164 1284 1204 nec
1307 1161 1461 1202 secus
1504 1144 1842 1199 afficerentur
1884 1155 2041 1211 quam
2071 1138 2262 1193 mulier

690 1260 809 1311 qua:
837 1243 1080 1315 parturit.
1112 1241 1263 1297 Unde
1305 1238 1509 1293 clarum
1547 1244 1697 1301 erat,
1726 1233 1921 1289 bellum
1951 1247 2055 1285 non
2098 1229 2261 1284 fuisse

691 1347 894 1405 gestum
932 1332 1165 1389 humano
1201 1344 1385 1393 more,
1429 1327 1523 1383 sed
1557 1327 1724 1382 Deum
1775 1324 1940 1379 fuisse
1973 1322 2162 1377 ducem
2209 1321 2260 1375 in

693 1425 1075 1481 committenda
1121 1422 1323 1493 praelia,
1349 1421 1441 1493 qui
1488 1434 1593 1474 non
1614 1417 1785 1473 solum
1833 1415 2050 1485 spiritus
2076 1427 2259 1468 eorum

693 1515 1056 1589 deprimebat,
1085 1513 1180 1569 sed
1208 1513 1365 1570 etiam
1389 1518 1621 1567 mentem
1647 1521 1829 1563 eorum
1859 1503 2259 1574 conquassabat,

696 1609 879 1679 eisque
906 1608 1119 1662 dolores
1143 1604 1459 1659 immittebat
1485 1610 1540 1657 et
1562 1598 1878 1655 ineﬂabilem
1909 1599 2153 1651 timorem
2181 1594 2264 1649 af-

695 1697 900 1754 ferebat
930 1714 946 1751 :
975 1711 1039 1751 ac
1062 1694 1281 1766 perinde
1300 1691 1491 1749 accidit
1508 1733 1523 1757 ,
1551 1705 1615 1745 ae
1640 1690 1684 1744 si
1712 1702 1898 1759 magna
1924 1686 2096 1742 classe
2120 1700 2266 1739 con-

695 1794 930 1856 gregata,
957 1785 1244 1840 vehemens
1272 1791 1459 1838 ventus
1483 1781 1720 1841 irruens,
1744 1792 1930 1832 omnes
1954 1792 2113 1830 naves
2140 1790 2267 1829 con-

700 1878 934 1932 trivisset
955 1917 971 1940 ,
1006 1876 1246 1929 triremes
1265 1872 1635 1933 demersisset,
1664 1882 2012 1938 magnamque
2049 1874 2267 1933 repente

699 1968 1147 2037 perturbationem
1201 1962 1489 2033 iniecisset.
1552 1961 1650 2015 Hic
1684 1960 1825 2014 enim
1875 1958 2001 2012 mihi
2056 1957 2266 2011 videtur

701 2072 797 2127 per
820 2058 923 2111 hoc
946 2055 1245 2125 exemplum
1274 2061 1329 2107 et
1352 2052 1586 2107 victoria:
1610 2050 1914 2104 facilitatem
1938 2090 1955 2115 ,
1978 2058 2033 2103 et
2058 2059 2266 2118 pertur-

704 2148 930 2203 bationis
966 2144 1380 2217 magnitudinem
1424 2142 1744 2212 significare.
1772 2141 1902 2195 Nam
1950 2140 2004 2193 hi
2055 2154 2268 2210 quoque

702 2258 822 2295 cum
851 2254 1094 2311 magnam
1120 2240 1345 2294 classem
1376 2244 1669 2307 parassent,
1693 2242 1749 2290 et
1768 2248 1831 2288 ex
1853 2233 2133 2302 longinqua
2164 2231 2263 2284 ali-

698 2348 804 2400 qua
830 2340 884 2387 et
902 2331 1071 2386 aliena
1088 2329 1301 2399 regione
1322 2329 1612 2393 venissent,
1643 2327 1717 2381 ira
1742 2324 1835 2380 Dei
1858 2324 2016 2379 veluti
2037 2322 2264 2395 quodam

704 2420 1004 2475 vehementi
1046 2427 1206 2473 vento
1259 2430 1445 2472 omnes
1494 2415 1781 2485 perierunt.
1825 2415 1891 2469 Et
1935 2412 2057 2468 ideo
2092 2413 2267 2468 locum

701 2524 911 2579 quoque
932 2507 1234 2577 significans
1273 2506 1413 2561 unde
1449 2514 1744 2569 venerunt,
1789 2504 2061 2575 subjunxit
2103 2504 2266 2567 illud,

700 2599 932 2653 Titanis.
961 2598 1036 2653 ita
1060 2599 1217 2653 etiam
1245 2597 1555 2668 signiﬁcavit
1581 2596 1833 2652 Hebraeus
1858 2595 2267 2665 perdictionem,

701 2705 860 2759 quam
888 2695 1064 2744 vestra
1089 2701 1250 2743 causa
1278 2686 1564 2756 adjeeimus
1606 2687 1659 2740 in
1703 2685 1928 2740 leetioue
1968 2693 2267 2742 contextus.

706 2781 799 2835 Vel
841 2780 941 2834 hoc
965 2795 1093 2851 ergo
1118 2779 1223 2834 dici
1253 2787 1459 2850 potest,
1491 2778 1574 2832 vel
1613 2777 1739 2831 illud
1763 2778 1904 2847 quod
1949 2786 2074 2832 ante
2125 2777 2267 2843 dixi,

703 2871 1147 2940 quemadmodum
1191 2884 1351 2925 naves
1393 2869 1615 2925 'l‘ltarsis
1656 2868 1941 2924 vehemens
1965 2877 2154 2924 ventus
2200 2868 2273 2924 ir-

702 2978 864 3017 ruens
883 2976 1027 3034 saape
1061 2961 1307 3017 contrivit
1338 2981 1354 3016 :
1386 2960 1456 3015 ita
1482 2962 1641 3016 etiam
1686 2962 2078 3017 multitudinem
2128 2961 2273 3017 illam

706 3054 844 3108 Deus
871 3052 1220 3109 conturbavit.
1248 3051 1303 3105 9.
1324 3052 1467 3107 Sicut
1495 3052 1776 3106 audiuimus
1799 3094 1815 3119 ,
1852 3068 1920 3106 si;
1966 3052 2181 3106 vidimus
2218 3053 2273 3105 in

703 3144 899 3197 civitate
929 3142 1128 3197 Domini
1149 3145 1412 3207 virtutum,
1433 3142 1487 3196 in
1513 3142 1709 3196 civitate
1730 3141 1825 3197 Dei
1863 3142 2041 3197 nostri.
2086 3141 2273 3196 Vidisti

706 3231 977 3301 quomodo
1003 3233 1216 3302 exponit
1230 3232 1281 3285 id
1295 3230 1434 3299 quod
1460 3240 1542 3286 est
1566 3233 1832 3300 superius,
1851 3230 1985 3286 Bene
1998 3231 2232 3287 radicum
2247 3234 2275 3287 Γ

710 3322 826 3378 Non
866 3322 995 3376 dixit
1023 3323 1165 3378 enim
1187 3362 1203 3388 ,
1238 3321 1339 3391 Qui
1366 3322 1502 3379 bene
1548 3323 1833 3391 radicavit,
1873 3324 1988 3388 sed,
2026 3323 2163 3379 Bene
2190 3341 2275 3378 ra-

706 3415 879 3469 dicum
900 3429 920 3468 :
950 3412 1051 3469 hoc
1093 3424 1195 3482 est,
1234 3415 1444 3471 assidue
1484 3416 1787 3486 providens,
1832 3416 2045 3471 assidue
2091 3430 2273 3471 curam

705 3518 915 3570 gerens,
958 3501 1168 3558 assidue
1191 3504 1452 3559 muniens.
1502 3504 1786 3574 Postquam
1828 3505 1969 3558 enim
1997 3504 2131 3559 dixit
2157 3519 2276 3573 qum

707 3605 833 3649 tunc
872 3595 1236 3663 contigerunt,
1266 3593 1336 3649 ad
1360 3608 1448 3649 res
1497 3595 1741 3664 antiquas
1766 3594 2056 3649 nan-undas
2090 3609 2277 3650 rursus

706 3686 967 3741 convertit
995 3687 1311 3751 orationem,
1338 3686 1627 3742 ostendens
1656 3686 1769 3741 haec
1796 3686 1992 3741 habere
2018 3701 2139 3741 cum
2172 3688 2277 3742 illis

711 3777 1045 3833 affinitatem.
1069 3776 1198 3843 Qum
1222 3777 1364 3832 enim
1386 3817 1402 3844 ,
1426 3777 1625 3845 inquit,
1654 3776 1831 3831 verbis
1859 3776 2159 3832 audivimus
2177 3819 2192 3842 ,
2214 3792 2277 3833 ea

714 3868 867 3922 factis
893 3868 1139 3935 vidimus,
1172 3868 1418 3922 victorias
1442 3866 1558 3932 Dei,
1591 3877 1788 3935 tropaa
1809 3907 1824 3931 ,
1854 3882 2035 3923 curam
2065 3882 2128 3921 ac
2159 3883 2277 3937 pro-

714 3960 1018 4027 videntiam,
1074 3969 1128 4014 et
1175 3974 1293 4029 qua:
1329 3958 1631 4028 opinionem
1688 3968 1940 4028 superant
1999 3960 2275 4013 miracula.

713 4050 854 4104 Deus
880 4050 1023 4104 enim
1048 4063 1331 4118 numquam
1359 4047 1641 4102 intermisit
1656 4048 1770 4103 base
1785 4047 1981 4103 facere.
2003 4048 2131 4118 Ejus
2153 4062 2281 4119 ergo

713 4147 798 4194 est
821 4138 1130 4193 et'liberare
1155 4153 1185 4191 a
1214 4137 1457 4207 periculis
1474 4177 1490 4205 ,
1522 4146 1577 4192 et
1602 4137 1864 4195 deducere
1886 4140 1953 4194 ad
1979 4140 2070 4195 Dei
2098 4141 2281 4210 cogni-

716 4229 935 4282 tionem.
966 4228 1129 4283 Recte
1157 4238 1335 4282 autem
1363 4228 1602 4285 meminit
1628 4228 1881 4305 propheta
1910 4245 2095 4285 eorum
2116 4273 2131 4298 ,
2162 4247 2281 4302 quae

716 4313 873 4389 longo
895 4328 1019 4373 ante
1042 4326 1278 4387 tempore
1313 4317 1448 4373 facta
1474 4327 1618 4373 sunt.
1643 4317 1931 4388 Oportebat
1953 4324 2093 4376 enim
2138 4336 2191 4379 et
2218 4341 2284 4379 cx

718 4408 990 4464 veteribus
1018 4406 1424 4471 narrationibus,
1454 4418 1509 4463 et
1536 4425 1602 4463 ex
1622 4424 1809 4465 recens
1832 4412 1996 4480 gestis
2014 4412 2211 4478 doceri,
2231 4424 2289 4469 ut

718 4498 1005 4553 crassiores
1034 4513 1097 4553 ex
1138 4498 1229 4563 iis,
1262 4514 1379 4568 quae
1417 4499 1644 4565 ﬁebant,
1674 4499 1737 4556 iis
1764 4516 1977 4573 quoque
2003 4519 2121 4573 qua:
2149 4503 2285 4560 facta

720 4597 873 4643 erant
897 4590 1195 4655 crederent,
1227 4599 1281 4645 et
1306 4589 1502 4661 duplex
1527 4591 1730 4645 lucrum
1758 4590 2014 4658 facerent,
2042 4606 2288 4668 essetque

720 4682 799 4735 eis
828 4682 1027 4736 auditio
1065 4696 1162 4751 pro
1192 4684 1325 4738 visu.
1356 4682 1492 4737 Deus
1522 4683 1751 4756 fundavit
1776 4701 1889 4740 eam
1929 4688 1984 4741 in
2025 4698 2287 4743 aeternum.

722 4772 810 4826 10.
834 4770 1190 4839 Suscepimus,
1223 4771 1389 4838 Deus,
1436 4775 1828 4829 misericordiam
1866 4785 2005 4830 luant
2030 4777 2083 4830 in
2127 4781 2289 4834 medio

727 4861 901 4931 populi
920 4862 1010 4914 tui.
1050 4861 1228 4929 Alius,
1257 4860 1641 4917 £stimavimus
1659 4904 1674 4928 ,
1705 4864 1873 4933 Deus,
1898 4867 2291 4924 misericordiam

726 4960 863 5001 tuam
889 4950 943 5003 in
967 4952 1127 5004 medio
1154 4952 1328 5021 pepuli
1355 4956 1371 4987 ¹
1389 4955 1487 5009 tui.
1515 4951 1769 5008 Hebraeus
1798 4964 2003 5021 autem,
2032 4956 2291 5013 Ecltalacls

726 5041 1008 5095 demntenu.
1036 5043 1121 5097 Η.
1146 5042 1436 5099 Secundum
1455 5058 1634 5097 nomen
1653 5052 1815 5111 tuum,
1847 5044 1984 5102 Deus
2000 5086 2017 5114 ,
2048 5049 2119 5104 sic
2141 5052 2292 5104 etiam

728 5134 840 5183 laus
865 5142 948 5184 tua
962 5132 1013 5185 in
1028 5132 1165 5199 ﬁnes
1186 5142 1347 5187 terrm.

798 5224 853 5277 5.
877 5223 1130 5290 Quoniam
1149 5223 1373 5285 dixerat,
1394 5222 1520 5285 Quae
1540 5224 1857 5287 audivimus,
1881 5241 1941 5281 ea
1967 5235 2020 5282 et
2044 5228 2292 5299 vidimus,

797 5326 815 5358 ί
840 5324 967 5387 Reg.
990 5324 1084 5389 6:54
1101 5326 1266 5386 templi
1293 5326 1470 5389 (vanu),
1490 5340 1603 5389 quas
1622 5331 1704 5375 est
1720 5340 1837 5376 vera
1858 5326 2027 5378 lectio.
2049 5329 2297 5385 Chrt'sost.

734 5390 898 5452 tamen
940 5388 1064 5449 legit
1086 5390 1254 5452 populi
1298 5388 1458 5450 (λαοῦ)
1490 5388 1658 5438 contra
1700 5391 1961 5439 veritatem
1992 5390 2303 5452 Hebraicam.

734 5446 916 5557 35311.
954 5446 1096 5534 quod
1128 5446 1210 5557 bic
1257 5446 1581 5557 exprimitur,
1624 5472 1791 5557 templi
1831 5471 1918 5524 lui.
1968 5476 2087 5557 cum
2133 5446 2301 5557 autem

734 5548 1107 5607 Cbrysostomus
1138 5548 1323 5611 legerit
1371 5548 1421 5603 in
1476 5548 1639 5611 priore
1678 5548 1827 5608 loco,
1873 5548 2044 5613 populi
2076 5548 2174 5609 lui,
2216 5564 2301 5599 se-

736 5609 949 5658 cundum
997 5611 1437 5673 exemptarpsuum
1489 5624 1586 5673 _t.xx
1634 5609 2023 5673 Interpretumt
2055 5624 2151 5673 non
2193 5610 2300 5663 ausi

735 5684 905 5733 sumus
941 5668 1201 5719 lectionem
1237 5668 1449 5720 alterius
1482 5668 1789 5733 interpretis
1810 5671 1957 5721 unius
1990 5668 2185 5733 Codicls
2214 5687 2301 5721 au-

735 5728 966 5840 ctoritate
995 5738 1207 5790 mutare,
1229 5745 1337 5779 cum
1363 5732 1573 5781 maxime
1607 5728 1693 5781 ille
1718 5746 1824 5782 eam
1863 5734 2126 5787 lectionem
2176 5732 2299 5785 iulia

737 5802 856 5840 rem:
941 5828 951 5839 .

737 5802 951 5854 repetat.

1357 398 1414 455 S.
1453 392 1732 455 JOAXNIS
1765 376 2232 445 CHRYSOSTOMI
2273 374 2592 436 ARCHIEP.
2626 376 3164 435 CONSTANTINOP.

2360 503 2501 544 nunc
2526 488 2655 543 dicit
2677 497 2733 544 ct
2754 488 2886 559 quid
2904 474 3132 546 audierit
3150 532 3168 557 ,
3191 501 3245 547 et
3267 491 3395 563 quid
3412 492 3619 548 viderit.
3640 493 3779 561 Quid
3804 509 3975 565 ergo

2359 580 2579 648 audivit,
2599 590 2655 635 et
2674 580 2801 651 quid
2839 581 3008 636 vidit?
3032 581 3183 649 Quod
3216 583 3307 639 Dei
3331 585 3497 654 gratia
3527 584 3703 641 reddit
3742 586 3971 641 civita-

2360 683 2467 729 tem
2487 673 2773 729 firmiorem
2794 682 2849 729 et
2872 674 3263 730 inconcussam.
3315 676 3427 731 Hoc
3450 685 3533 732 est
3557 680 3700 733 enim
3742 680 3789 732 ei
3816 678 3977 732 frus-

2359 763 2686 829 damentum,
2712 763 2812 819 hoc
2837 765 3021 831 robur,
3047 768 3148 821 hoc
3166 781 3281 821 eam
3305 766 3429 822 facit
3451 769 3974 840 inexpugnabilan.

2362 868 2467 908 non
2495 854 2739 909 humanae
2761 869 2891 924 opes
2919 857 3259 922 etauxilium,
3294 873 3399 912 non
3426 859 3511 913 vis
3528 874 3979 926 armorum,nec

2362 953 2537 999 turres
2570 952 2627 999 et
2648 944 2872 1010 mnia;
2896 946 2989 1000 sed
3016 946 3185 1015 quid?
3213 946 3349 1001 Deus
3376 960 3493 1002 eam
3520 951 3655 1019 regit
3676 959 3732 1005 et
3767 950 3981 1005 conti-

2364 1044 2474 1089 net.
2492 1036 2603 1090 Hoc
2622 1037 2764 1090 enim
2783 1050 2879 1091 eos
2893 1036 3124 1091 maxime
3138 1036 3315 1091 doceri
3338 1040 3593 1108 oportuit,
3610 1050 3663 1093 et
3680 1041 3977 1109 prnpbeta

2363 1125 2576 1180 assidue
2605 1126 2723 1180 illos
2747 1141 2815 1181 eo
2833 1126 3070 1181 deducit.
3094 1127 3443 1196 Suscepimus,
3470 1126 3632 1192 Deus,
3659 1130 3983 1183 misericor-

2364 1216 2502 1270 diam
2522 1226 2659 1270 tuom
2684 1219 2737 1271 in
2765 1218 2927 1272 medio
2949 1219 3123 1289 populi
3150 1220 3241 1273 tui.
3266 1219 3403 1285 Quid
3431 1228 3534 1275 est.
3570 1220 3908 1290 Suscepisti“
3940 1221 3981 1275 .’

2365 1305 2725 1377 Speravimus,
2753 1309 3203 1378 exspectavimus,
3225 1310 3570 1380 cognovimus
3592 1320 3733 1365 tuam
3756 1311 3983 1366 buma-

2366 1400 2586 1454 nitatem
2606 1408 2661 1455 et
2678 1399 3037 1457 clementiam.
3068 1400 3331 1469 Quoniam
3356 1402 3499 1457 enim
3524 1402 3697 1469 dixit,
3731 1403 3978 1459 Funda-

2366 1493 2460 1557 vit,
2479 1492 2754 1559 radicavit,
2777 1493 2986 1558 muniit,
3014 1493 3304 1550 ostendens
3332 1504 3529 1549 tantam
3558 1494 3977 1565 providentius.

2367 1598 2472 1637 non
2500 1583 2761 1653 proficisci
2787 1598 2850 1638 ex
2878 1584 3085 1640 meritis
3113 1599 3298 1640 eorum
3321 1585 3409 1654 qui
3430 1600 3549 1641 eam
3569 1596 3972 1657 assequuntur,

2368 1674 2461 1730 sed
2491 1673 2783 1745 procedere
2808 1691 2872 1732 ex
2896 1676 3133 1732 bonitate
3158 1677 3273 1746 ejus
3293 1678 3381 1747 qui
3409 1677 3496 1733 illa
3533 1678 3680 1743 facit,
3711 1690 3764 1733 et
3785 1680 3973 1736 simul

2370 1767 2559 1821 volens
2588 1766 2777 1821 fastum
2801 1781 2985 1821 eorum
3014 1768 3368 1837 comprimere
3390 1811 3406 1835 ,
3433 1770 3513 1824 sic
3554 1770 3802 1841 loquutus
3826 1782 3923 1828 ess
3945 1812 3973 1839 .

2370 1856 2472 1911 hoc
2498 1856 2877 1928 propemodum
2908 1858 3119 1915 dicens:
3142 1859 3271 1914 Tum
3299 1862 3811 1917 suntmiserieordiac
3830 1864 3975 1920 itare

2370 1947 2622 2018 praeclara
2650 1947 2880 2002 facinora
2904 1990 2919 2013 ,
2947 1957 3053 2004 tum
3076 1950 3278 2019 gloriae,
3308 1960 3413 2005 tua:
3441 1952 3806 2008 bonitatissEt
3825 1954 3975 2011 ideo

2368 2040 2678 2110 Subiunxit:
2718 2040 3013 2095 Secundum
3057 2056 3237 2095 nomen
3274 2051 3449 2107 tuum,
3493 2041 3648 2108 Deus,
3678 2043 3978 2101 sicetlasu

2371 2141 2455 2185 tua
2481 2135 2535 2185 in
2559 2132 2684 2200 ﬁnes
2699 2141 2862 2186 terra.
2892 2131 3051 2197 Laus,
3071 2132 3260 2203 inquit,
3278 2142 3367 2185 tua
3390 2149 3475 2189 res
3492 2134 3627 2189 adeo
3642 2135 3970 2204 prmclaras,

2371 2238 2591 2294 magnas
2629 2233 2685 2280 et
2724 2224 3067 2280 admirabiles
3112 2237 3385 2296 operatur,
3431 2228 3569 2283 adeo
3608 2232 3845 2285 excelsas
3893 2238 3968 2284 et

2370 2317 2648 2389 gloriosas.
2694 2316 2814 2372 Non
2862 2318 3004 2373 enim
3050 2317 3117 2372 ad
3165 2332 3468 2374 mensuram
3513 2335 3694 2375 curam
3736 2322 3973 2391 gessisti

2371 2424 2554 2465 eorum
2575 2424 2711 2480 quos
2738 2410 2999 2465 beneﬁcio
3027 2409 3225 2476 aflicis,
3256 2426 3355 2467 nec
3385 2420 3601 2482 propter
3625 2429 3809 2469 eorum
3836 2431 3974 2474 mo-

2373 2500 2505 2568 rita,
2553 2501 2648 2557 sed
2695 2516 2791 2571 pro
2818 2509 2904 2555 tua
2953 2501 3336 2571 magnitudine.
3368 2501 3505 2558 Laus
3530 2520 3658 2575 ergo
3706 2517 3813 2570 tua,
3849 2506 3973 2565 hoc

2373 2603 2475 2656 est,
2503 2603 2591 2647 tua
2632 2593 2938 2658 celebratio,
2979 2608 3099 2663 qua:
3148 2609 3213 2648 ex
3264 2595 3515 2663 operibus
3545 2596 3778 2666 profecta
3830 2608 3966 2669 est,

2373 2683 2499 2738 fecit
2528 2693 2583 2737 ut
2611 2682 2861 2754 praeclara
2892 2694 2977 2738 tua
3022 2683 3157 2739 facta
3197 2684 3592 2754 cvulgarentur.
3624 2687 3778 2743 Facta
3805 2689 3967 2745 enim

2373 2776 2587 2832 fuerunt
2612 2776 2665 2830 in
2696 2776 2996 2840 Palmstina,
3026 2776 3121 2831 sed
3146 2784 3366 2845 propter
3403 2778 3669 2846 ingentem
3714 2780 3969 2848 ipsorum

2376 2867 2788 2937 magnitudinem
2827 2876 3185 2936 pervenerunt
3220 2867 3289 2920 ad
3336 2878 3604 2925 extremos
3648 2871 3779 2926 fines
3804 2872 3970 2929 orbis

2377 2968 2637 3014 terrarum
2662 2998 2679 3024 ,
2731 2970 2785 3013 et
2808 2959 2895 3029 qui
2926 2968 3077 3014 erant
3094 2957 3284 3029 procul
3308 2960 3534 3026 remoti,
3587 2976 3648 3017 ea
3689 2963 3968 3021 sciebant.

2376 3051 2507 3117 Quae
2531 3050 2663 3105 facta
2687 3050 2864 3120 itaque
2890 3049 3099 3106 fuerant
3128 3052 3181 3105 in
3202 3048 3469 3121 Egypto,
3500 3053 3753 3110 meretrix
3782 3053 3971 3110 Hieri-

2376 3140 2591 3194 cuntina
2613 3140 2814 3194 sciebat
2835 3140 3021 3193 melius
3038 3154 3197 3209 quam
3228 3139 3290 3205 ii,
3322 3141 3409 3209 qui
3432 3140 3783 3198 interfuerant
3813 3143 3965 3215 (los.

2375 3230 2429 3284 2.
2454 3228 2564 3301 10).
2592 3228 2797 3284 Rursus
2816 3244 2935 3297 qua:
2965 3229 3017 3282 in
3044 3229 3323 3284 Palaestina
3350 3242 3659 3299 evenerant,
3686 3233 3724 3287 ii
3742 3248 3972 3305 quoque

2377 3322 2467 3390 qui
2512 3321 2565 3375 in
2595 3335 2812 3390 regione
2855 3321 3133 3376 Persarum
3176 3320 3515 3388 habitabant,
3565 3324 3969 3393 pradicubant;

2378 3426 2498 3481 qua:
2526 3424 2711 3465 rursus
2729 3421 2875 3481 gesta
2906 3409 3115 3465 fuerant
3140 3411 3193 3465 in
3220 3410 3439 3467 Perside
3456 3454 3471 3478 ,
3500 3426 3757 3469 noverant
3783 3416 3881 3487 qui
3905 3418 3974 3473 in

2378 3503 2631 3558 extremis
2654 3502 2846 3556 finibus
2873 3512 3028 3557 terra:
3051 3503 3296 3573 agebant.
3328 3503 3662 3576 Quapropter
3687 3523 3779 3564 rex
3817 3524 3970 3579 quo-

2378 3611 2484 3667 que
2508 3595 2651 3650 misit
2671 3594 2853 3649 literas
2880 3609 2977 3665 per
3007 3596 3312 3651 universum
3337 3596 3521 3652 orbem
3555 3608 3729 3665 terrae,
3762 3602 3973 3670 pradi-

2379 3701 2509 3741 eans
2532 3701 2595 3741 ea
2639 3701 2758 3755 quae
2796 3685 2849 3740 in
2888 3684 3103 3741 fornace
3131 3695 3423 3741 eveneth
3449 3687 3609 3758 (Dan.
3665 3692 3718 3745 5.
3747 3691 3860 3762 98).
3896 3694 3974 3749 Et.

2384 3776 2504 3832 ideo
2532 3775 2617 3830 hic
2639 3790 2849 3845 quoque
2873 3790 2992 3830 cum
3014 3774 3255 3841 dixisset,
3289 3775 3426 3831 Laus
3456 3788 3544 3831 tua
3564 3780 3616 3832 in
3642 3780 3768 3849 ﬁnes
3788 3789 3969 3852 terra,

2384 3867 2653 3937 subjungit
2684 3885 2700 3921 :
2729 3865 2939 3920 Iustitia
2959 3868 3109 3937 plena
3152 3876 3223 3923 est
3247 3869 3453 3924 dextera
3501 3878 3606 3925 tua.
3634 3872 3793 3941 Quod
3814 3876 3971 3932 enim

2383 3957 2596 4011 assidue
2625 3955 2800 4012 facere
2826 3957 3124 4022 consuevit,
3155 3958 3293 4013 utab
3319 3960 3383 4013 iis
3410 3975 3530 4030 qua:
3558 3976 3686 4033 erga
3714 3963 3974 4024 homines

2386 4050 2517 4105 fiunt
2544 4050 2798 4105 ascendat
2835 4049 2901 4103 ad
2930 4064 2993 4105 ea
3018 4090 3035 4115 ,
3074 4065 3195 4120 qum
3232 4051 3302 4106 ad
3328 4051 3499 4121 ipsius
3524 4064 3765 4110 naturam
3794 4060 3971 4125 perti-

2385 4148 2545 4207 nent,
2588 4140 2691 4195 hoc
2714 4142 2873 4195 etiam
2904 4139 3030 4195 fecit
3065 4141 3117 4195 in
3148 4143 3397 4210 praesenti
3422 4160 3439 4196 :
3468 4160 3574 4199 non
3608 4155 3663 4199 ut
3692 4147 3865 4216 aliqua
3892 4148 3971 4205 ad

2389 4232 2555 4286 Deum
2582 4229 2836 4285 accedere
2864 4238 2955 4283 aut
2982 4229 3050 4285 ab
3075 4244 3141 4285 eo
3168 4232 3421 4288 recedere
3446 4236 3774 4305 cogitemus,
3794 4237 3970 4308 absit;

2390 4319 2750 4389 sedquoniam
2796 4319 3099 4374 infirmatur
3144 4336 3321 4377 sermo
3367 4332 3423 4379 et
3471 4324 3649 4397 lingua
3695 4329 3966 4399 humana,

2389 4419 2599 4480 oportet
2625 4409 2779 4465 dictis
2806 4409 2914 4465 Deo
2939 4410 3153 4481 dignum
3180 4426 3396 4469 sensum
3426 4417 3679 4474 tribuere.

2460 4500 2671 4555 Iustitia
2709 4500 2817 4556 Deo
2842 4501 3077 4557 conteret.
3103 4532 3174 4543 —
3201 4504 3332 4572 Quae
3354 4520 3482 4576 ergo
3514 4508 3608 4565 Dei
3636 4519 3837 4567 natura:
3864 4513 3970 4570 ad-

2392 4602 2535 4659 sunt,
2559 4602 2620 4647 ea
2645 4591 2811 4658 dicit,
2854 4606 2974 4663 quae
2999 4602 3125 4647 sunt
3164 4593 3281 4663 ejus
3303 4596 3611 4653 substantiae
3658 4602 3969 4671 conjuncta.

2392 4683 2643 4749 Quaenam
2672 4692 2849 4737 autem
2875 4698 2937 4738 ea
2978 4683 3141 4737 sunt?
3167 4683 3411 4751 Iustitia,
3451 4687 3650 4759 inquit,
3704 4693 3852 4762 plena
3891 4705 3974 4751 est

2395 4775 2597 4827 dextera
2623 4783 2731 4829 tua.
2758 4771 3005 4830 Ostendit
3028 4775 3202 4842 enim,
3243 4790 3308 4831 ea
3357 4793 3476 4847 qum
3528 4777 3662 4836 fiunt
3691 4798 3797 4839 non
3847 4800 3972 4845 esse

2395 4880 2459 4919 ex
2488 4866 2689 4921 meritis
2731 4880 2917 4920 eorum
2959 4880 3096 4935 quos
3120 4866 3379 4925 beneficio
3397 4870 3578 4937 afficit,
3611 4874 3705 4929 sed
3754 4889 3822 4931 ex
3871 4891 3973 4934 sua

2396 4953 2722 5021 substantia,
2758 4955 3009 5027 quoniam
3040 4956 3152 5026 ipsa
3182 4958 3297 5029 ejus
3331 4960 3626 5017 substantia
3670 4964 3973 5024 delectatur

2393 5046 2595 5115 justitia
2614 5086 2630 5112 ,
2660 5046 2867 5101 laetatur
2886 5047 3205 5117 benignitate
3228 5056 3285 5105 et
3301 5052 3602 5108 clementia.
3622 5053 3733 5111 Hoc
3755 5065 3837 5113 est
3852 5058 3975 5127 ejus

2398 5152 2565 5206 opus,
2597 5135 2712 5192 haec
2738 5146 2823 5192 est
2862 5137 2978 5206 ejus
3009 5141 3371 5208 consuetudo,
3416 5153 3473 5198 et
3495 5144 3615 5201 ideo
3663 5155 3807 5202 tanta
3831 5151 3972 5206 accio

2400 5227 2613 5298 piebant
2652 5229 2722 5285 ab
2748 5242 2814 5284 eo
2856 5228 3131 5285 beneficia.
3161 5231 3617 5300 Quemadmodum
3663 5239 3806 5293 enim
3837 5239 3973 5313 ignis

2401 5328 2485 5374 est
2508 5320 2837 5386 calefacere,
2866 5329 2922 5375 et
2966 5321 3093 5376 solis
3121 5322 3384 5380 illustrare
3413 5345 3429 5379 :
3460 5327 3529 5380 ita
3557 5326 3715 5383 etiam
3740 5328 3857 5400 ejus
3888 5342 3973 5390 est

2401 5409 2716 5469 benefacere
2740 5429 2755 5477 ;
2786 5412 2893 5467 imo
2920 5427 3047 5468 vero
3071 5429 3139 5469 ne
3162 5414 3240 5470 sic
3268 5415 3480 5486 quidem
3500 5456 3518 5482 ,
3544 5419 3638 5474 sed
3680 5420 3833 5492 longe
3861 5439 3972 5479 am-

2406 5503 2561 5573 plius.
2592 5504 2657 5558 Et
2695 5504 2817 5559 ideo
2863 5504 2941 5559 sic
2976 5519 3188 5576 quoque
3225 5506 3401 5562 dixit:
3445 5507 3657 5565 Iustitia
3701 5512 3852 5583 pleno
3903 5525 3975 5573 es:

2404 5590 2609 5646 dextera
2652 5603 2772 5659 tua,
2827 5592 2942 5663 ejus
2994 5593 3357 5662 affluentiam,
3405 5598 3817 5673 illamque'sjus
3854 5621 3974 5662 esse

2409 5682 2716 5738 substantia:
2741 5683 3096 5754 conjunctam,
3125 5687 3450 5757 significans.
3482 5690 3566 5745 f2.
3593 5690 3813 5747 Lateriu-
3839 5706 3974 5752 mons

2416 5774 2561 5841 Sion,
2597 5786 2642 5829 et
2679 5778 2923 5847 exsultent
2965 5779 3087 5844 ﬁlia,
3126 5778 3353 5845 Iudam,
3392 5791 3595 5851 propter
3620 5782 3821 5852 judicia
3858 5793 3974 5853 tua,
