4070 6428
142 528 303 576 ι..
329 525 430 582 per
458 508 581 565 hac
609 501 841 563 ostendit
865 500 1048 557 divina
1072 510 1136 555 ea
1161 509 1279 553 csso
1304 508 1422 565 qua:
1448 492 1735 582 dicuntur,

140 618 306 675 aqua
330 579 467 657 nihil
490 598 637 668 loqui
666 593 939 667 proprium
958 630 975 657 ,
1002 588 1097 644 sed
1126 602 1190 643 ea
1214 585 1415 651 dicere,
1446 596 1566 655 qua:
1591 579 1744 675 andi:

141 669 241 749 vit:
268 690 525 749 ludimvi
549 686 695 743 enim
721 726 738 752 ,
765 684 959 754 inquit,
988 680 1101 735 Deo
1122 691 1302 732 aurem
1336 688 1531 737 meam,
1562 669 1741 725 audivi

146 786 211 840 ab
240 785 329 839 inc
346 822 367 849 ,
396 791 460 837 et
481 794 612 850 qua:
634 778 688 832 in
719 785 954 830 mentem
994 783 1166 825 meam
1191 782 1221 821 a
1246 764 1493 836 supernis
1512 761 1741 818 demissa

143 888 362 941 mea
394 874 543 930 dico.
593 870 665 925 Et
703 869 827 924 ideo
867 864 1080 921 dicebat
1122 860 1282 915 Isaias
1312 875 1328 914 :
1362 856 1609 911 Dominus
1656 853 1742 907 dat

146 970 265 1025 ibi
287 970 525 1038 lingunt!
549 963 824 1024 doctrina,
852 968 908 1012 ut
927 956 1104 1020 sdam,
1132 952 1329 1023 quando
1351 963 1626 1005 sermonem
1665 945 1743 1038 di-

141 1077 248 1116 m
262 1036 501 1128 oportet
512 1072 535 1110 :
546 1054 741 1123 adjecit
758 1050 882 1105 mihi
892 1064 1063 1103 aurem
1080 1047 1148 1100 ad
1158 1043 1464 1098 audiendum
1485 1039 1532 1111 (Ι
1539 1041 1633 1093 sai.
1650 1036 1739 1094 50.

142 1154 213 1223 ε).
237 1149 303 1205 ει
319 1162 518 1204 rursus
531 1144 739 1202 Paulus
756 1154 770 1196 ἒ
788 1139 1018 1194 Fidae:
1036 1136 1233 1199 auditu,
1256 1133 1461 1187 auditus
1472 1140 1639 1185 autem

142 1220 336 1293 ,ἐνει-
356 1236 509 1306 υεὲ(
533 1236 695 1289 Rom.
734 1231 824 1287 ιο.
846 1230 959 1300 l7).
987 1227 1146 1283 Vides
1170 1224 1315 1280 illum
1348 1237 1559 1293 quoque
1598 1220 1744 1290 prius

142 1331 296 1388 fiam
332 1329 680 1391 auditorem,
710 1332 767 1379 et
795 1321 990 1377 deinde
1027 1316 1344 1374 doctorem?
1375 1316 1441 1371 Et
1468 1314 1588 1369 ideo
1611 1312 1746 1367 dixit

140 1422 291 1476 etiam
314 1420 465 1474 alius
488 1419 788 1485 interpres,
817 1411 879 1466 Et
893 1409 1166 1466 cantillabit
1185 1423 1270 1461 cor
1286 1422 1469 1460 meum.
1489 1401 1622 1471 Quid
1639 1410 1743 1467 est,

138 1510 415 1565 manabit
430 1509 459 1562 .’
478 1508 682 1573 Callet,
704 1504 848 1559 dicet
866 1501 1125 1571 psalmum
1151 1498 1377 1567 aliquem
1392 1491 1742 1563 spiritualem.

135 1602 182 1657 Ξ
224 1610 411 1659 autem
453 1597 598 1653 dicit
644 1594 1069 1656 meditationem,
1102 1603 1172 1645 ne
1208 1585 1562 1643 conturberis.
1616 1582 1746 1650 Qua:

134 1695 265 1748 eain
294 1708 326 1746 a
358 1690 583 1762 Spiritu
614 1694 923 1755 acceperat,
951 1681 1253 1738 ea'assidue
1280 1677 1632 1733 meditabatur
1654 1716 1668 1736 .
1693 1683 1747 1729 et

137 1783 267 1853 and
298 1798 366 1838 se
408 1780 679 1836 versabat
707 1794 723 1843 ;
748 1786 805 1831 et
830 1789 950 1830 cum
987 1774 1074 1828 diu
1110 1780 1395 1835 versasset,
1424 1768 1539 1823 aliis
1568 1765 1745 1837 profcc

135 1875 294 1930 lebat.
343 1870 497 1940 Quid
527 1877 622 1925 est
646 1877 863 1932 autem,
910 1863 978 1919 In
1019 1860 1359 1936 por-abolent?
1414 1859 1511 1915 Est
1553 1872 1745 1913 nomen

134 1964 266 2036 quod
318 1963 499 2019 habet
549 1959 732 2015 multa
778 1955 1093 2027 significata.
1155 1953 1252 2008 Est
1301 1952 1446 2006 enim
1498 1948 1746 2020 parabola

138 2058 370 2129 ιαφειι.
406 2053 734 2124 exemplum
752 2092 769 2118 ,
794 2057 849 2104 et
875 2046 1232 2118 exprobratio,
1258 2053 1314 2099 ut
1338 2043 1551 2114 quando
1575 2041 1703 2096 dicit
1729 2056 1744 2095 :

139 2146 364 2202 Iouini
410 2162 511 2200 nos
540 2145 599 2197 in
629 2139 931 2212 parabolam
980 2139 1033 2192 in
1070 2134 1318 2208 gentibus,
1368 2132 1749 2188 commotionem

135 2239 309 2306 οιιίιίι
331 2237 392 2290 iss
421 2233 644 2307 populis
674 2229 867 2304 (ρεαι.
887 2229 978 2283 ts.
1011 2224 1139 2299 15).
1190 2225 1284 2279 Est
1310 2224 1469 2279 etiam
1499 2221 1747 2292 parabola

140 2330 298 2385 ratio
336 2324 724 2396 anigmatica,
767 2335 924 2389 quam
956 2316 1107 2373 multi
1144 2316 1325 2371 dicunt
1358 2314 1705 2384 quzestioncm
1730 2351 1745 2377 ,

141 2436 251 2491 φη
274 2416 433 2474 aliud
465 2414 698 2487 quidem
727 2411 1009 2483 signiﬁcat,
1039 2407 1134 2464 sed
1174 2406 1225 2462 id
1264 2421 1371 2461 non
1396 2414 1477 2460 est
1504 2411 1747 2472 apertum

143 2510 321 2569 statim
343 2523 418 2565 ex
448 2505 592 2577 ipsis
620 2502 822 2569 verbis,
852 2500 945 2557 sed
986 2499 1141 2554 habet
1169 2510 1383 2553 sensum
1409 2494 1551 2550 intus
1578 2493 1749 2547 laten-

145 2610 264 2668 tem,
292 2596 619 2669 cuiusmodi
644 2602 799 2649 erant
823 2607 882 2649 ea
904 2606 1021 2663 qute
1046 2590 1252 2645 dicebat
1267 2587 1489 2643 Samson
1518 2601 1532 2638 :
1565 2581 1753 2654 Egres-

144 2706 223 2745 ιι
242 2700 315 2745 est
334 2706 370 2742 α
390 2686 704 2742 comedeute
719 2684 875 2747 cibus,
906 2692 951 2737 et
973 2697 1005 2735 οι
1025 2681 1145 2751 {orti
1160 2678 1305 2733 dulce
1332 2676 1479 2749 (Iud.
1511 2676 1596 2730 η.
1626 2676 1747 2741 Il);

146 2789 195 2835 et
218 2778 508 2841 Salomon,
546 2774 1019 2843 Arumadoertetque
1057 2769 1371 2840 parabolam,
1403 2779 1448 2822 et
1485 2766 1751 2820 obscurum

150 2885 424 2924 mat
449 2866 471 2939 (
496 2864 661 2920 Prov.
689 2864 740 2920 1.
772 2862 861 2930 6).
899 2863 1100 2917 Dicitur
1126 2861 1286 2916 etiam
1317 2858 1565 2929 parabola
1596 2856 1748 2913 simi-

152 2962 313 3018 ωδ
342 2977 362 3016 :
393 2962 579 3016 Mam
628 2956 944 3029 parabolam,
996 2953 1188 3024 inquit,
1236 2953 1497 3023 proposuit
1546 2951 1619 3005 eis
1673 2949 1751 3003 di-

149 3068 256 3109 e.
292 3050 537 3111 :Simile
587 3058 662 3104 est
710 3064 918 3119 regnum
968 3046 1204 3100 coelorum
1249 3042 1442 3097 Itantim’
1486 3039 1753 3095 seminanti

155 3145 331 3199 bonum
344 3159 527 3199 um
555 3139 788 3212 (Matth.
820 3139 906 3194 15.
932 3137 1003 3191 ει
1022 3137 1063 3205 ).
1095 3135 1291 3189 Dicitur
1318 3133 1476 3189 etiam
1506 3131 1752 3201 parabola

155 3234 370 3308 ﬁunt:
410 3233 596 3287 oratio
626 3248 641 3283 :
674 3228 783 3283 Fili
803 3228 1018 3283 hominis
1037 3269 1053 3295 ,
1076 3226 1159 3281 dic
1178 3227 1248 3280 eis
1274 3224 1571 3295 parabolam
1598 3222 1750 3276 hanc.

156 3329 329 3398 Mil.
349 3342 551 3397 mgna
571 3364 589 3388 ,
618 3338 831 3394 magna:
857 3321 1043 3375 habens
1068 3335 1256 3389 pennas
1308 3316 1533 3389 (Ezech.
1564 3316 1652 3371 17.
1695 3316 1754 3368 1-

156 3420 261 3484 3):
308 3420 556 3490 aquilam
583 3417 769 3471 dicens
802 3415 1020 3484 Regem.
1069 3412 1269 3467 Dicitur
1295 3412 1453 3465 etiam
1502 3409 1751 3479 parabola

157 3508 313 3580 Rura
360 3518 423 3564 et
469 3508 674 3576 imago,
717 3502 1161 3575 quemadmodum
1188 3501 1418 3557 ostendit
1444 3501 1657 3563 Paulus,
1682 3498 1755 3553 di-

154 3614 274 3655 cens
301 3617 321 3653 :
350 3596 495 3652 Fide
522 3594 707 3650 obtulit
732 3594 986 3649 Abraham
1003 3591 1158 3647 Isaac
1176 3634 1190 3658 ,
1218 3608 1333 3645 cum
1363 3599 1635 3645 tentaretur
1653 3630 1667 3654 ,
1707 3596 1753 3644 et

156 3692 471 3762 ignitum
498 3686 744 3754 olerebat
787 3688 831 3741 is
855 3687 940 3756 qui
982 3693 1267 3754 susceperat
1296 3682 1706 3752 repromissiones
1732 3697 1752 3734 :

157 3785 282 3835 ηδε
300 3782 462 3836 αξη,
491 3779 547 3833 ξπ
576 3776 821 3848 parabole
844 3793 956 3831 eum
976 3773 1181 3845 retulit(
1202 3773 1358 3828 Hebr.
1385 3775 1472 3829 11.
1497 3775 1584 3828 17.
1613 3773 1749 3843 19);

160 3874 252 3927 hoc
272 3884 380 3935 est,
415 3872 471 3927 in
503 3870 693 3939 ﬁgura.
724 3876 778 3923 et
807 3869 857 3922 iu
901 3868 1148 3937 imagine.

221 3967 276 4021 ὃ.
318 3964 595 4019 latorem
623 3960 693 4013 ad
718 3961 1090 4031 inquisitionem
1126 3960 1302 4013 inritat
1341 3958 1627 4029 Scriptura:
1665 3959 1751 4012 ob-

158 4060 389 4112 ararim.
419 4053 660 4122 —Quid
689 4068 815 4124 ergo
860 4051 963 4106 sibi
1009 4052 1122 4105 vult
1167 4052 1253 4107 hic
1295 4052 1586 4121 parabola?
1625 4051 1754 4107 Mihi

162 4150 363 4204 videtur
390 4146 581 4201 dicere
602 4145 983 4199 narrationem.
1014 4142 1068 4198 Si
1099 4151 1278 4198 autem
1303 4142 1596 4199 orationem
1628 4142 1751 4198 facit

160 4238 445 4295 obscuram
493 4245 552 4293 et
596 4235 1004 4305 anigmaticam,
1031 4245 1086 4289 et
1128 4250 1247 4304 qua:
1291 4234 1514 4289 multum
1560 4234 1750 4289 haheat

160 4329 507 4394 Mutis,
532 4342 601 4382 ne
626 4328 706 4381 sic
731 4327 942 4397 quidem
969 4326 1303 4380 conturberis
1335 4346 1348 4381 :
1380 4324 1482 4380 hoc
1501 4325 1641 4380 enim
1671 4325 1750 4378 fa-

160 4422 225 4477 cit
253 4434 309 4476 ut
340 4420 646 4475 aruiitorem
675 4420 905 4482 excitet;
936 4426 989 4472 et
1011 4417 1207 4487 alioqui
1230 4418 1479 4487 quoniam
1524 4417 1751 4471 facilitas

164 4513 355 4567 Iullos
394 4509 466 4564 ad
510 4509 881 4579 negligentiam
920 4507 1155 4574 adducit,
1190 4516 1470 4578 propterea
1519 4508 1752 4577 loquitur

164 4602 214 4656 ἣ
240 4599 520 4672 parabola.
552 4597 686 4652 Nam
713 4597 960 4652 Christus
995 4612 1207 4669 quoque
1238 4598 1402 4652 multa
1436 4597 1751 4667 loquebatur

165 4697 211 4749 ia
240 4692 531 4764 parabolis,
565 4692 850 4760 separatim
889 4701 1065 4746 autem
1096 4705 1188 4745 eas
1212 4690 1454 4746 solvebat
1478 4690 1749 4759 discipulis

166 4784 349 4847 (lere.
378 4787 436 4839 ι.
465 4784 557 4838 33.
583 4784 699 4851 34).
729 4781 984 4837 Parabola
1011 4782 1152 4836 enim
1180 4781 1397 4851 dignum
1437 4781 1504 4835 ab
1534 4780 1751 4851 indigno
1770 4819 1783 4837 ι

164 4876 470 4947 distinguit:
499 4874 692 4944 dignus
706 4874 847 4929 enim
867 4874 1055 4945 quaerit
1078 4872 1315 4927 invenire
1342 4888 1404 4926 ea
1426 4887 1543 4941 quae
1563 4872 1750 4926 dicun-

166 4980 262 5031 tur.
303 4968 562 5037 indignus
586 4975 763 5020 autem
803 4966 1166 5035 praetercurrit
1192 4984 1204 5017 :
1234 4964 1375 5035 quod
1425 4974 1550 5019 tunc
1587 4966 1747 5019 etiam

170 5059 357 5116 event.
397 5056 574 5113 Judsei
620 5056 763 5111 enim
813 5071 881 5110 ne
927 5055 1235 5110 difficultate
1276 5055 1487 5126 quidem
1534 5056 1748 5110 excitati
1788 5048 1796 5059 ’

169 5150 574 5221 impellebatur
587 5146 652 5202 ad
675 5146 1103 5216 interrogandum
1139 5166 1153 5202 :
1181 5147 1248 5200 ita
1274 5162 1377 5200 non
1405 5147 1749 5201 attendebant

169 5244 376 5296 omnino
421 5254 485 5293 ea
528 5253 649 5308 qua:
694 5237 1023 5293 dicebantur.
1071 5237 1151 5291 Ad
1211 5236 1523 5292 movendam
1569 5248 1746 5292 autem

168 5335 511 5402 quaestionem
536 5329 755 5396 sufﬁcit,
777 5328 989 5400 quando
1013 5329 1138 5399 quid
1159 5328 1527 5383 adumbratum
1556 5343 1750 5398 prepo-

170 5425 317 5479 tu’tur.
348 5424 617 5491 Quocirca
646 5422 894 5479 Christus
918 5437 1128 5493 quoque
1154 5421 1256 5476 hoc
1282 5420 1525 5485 faciebat,
1566 5433 1621 5477 et
1664 5423 1745 5477 lo-

166 5514 417 5585 quantur
453 5512 507 5567 in
535 5513 829 5584 parabolis,
878 5526 973 5567 eos
1013 5512 1289 5567 stimulans
1327 5522 1382 5567 et
1425 5512 1649 5567 incitans
1688 5521 1746 5567 ut

166 5605 331 5663 adire
358 5613 625 5676 cuperent
655 5605 672 5635 '
698 5603 790 5673 qui
820 5604 995 5673 supini
1037 5602 1374 5659 dormiebant
1401 5626 1413 5660 :
1440 5604 1534 5659 sed
1563 5621 1629 5661 ne
1668 5606 1745 5661 sic

219 5776 237 5808 ³
259 5771 440 5832 lorel,
462 5767 692 5833 faciebat,
718 5765 931 5819 incitans
952 5770 1003 5818 ut
1026 5770 1201 5821 audire
1222 5772 1467 5834 cuperent,
1493 5775 1589 5819 etc.

1281 375 1641 438 EXPOSITIO
1678 373 1744 431 IN
1771 370 2091 430 PSALMUII
2118 371 2345 430 XLVIII.

3340 377 3446 434 εὖ

1853 485 2068 558 quidem
2116 486 2501 553 attendebant;
2531 485 2777 557 discipuli
2807 494 2983 544 autem
3013 486 3252 544 animum
3288 491 3448 546 adhi-

1847 582 2066 647 bebant,
2112 592 2168 638 et
2212 596 2335 638 cum
2384 588 2568 637 essent
2618 582 2960 652 ignorantes,
2991 583 3077 637 vel
3106 597 3172 637 eo
3213 584 3446 642 maxime

1849 673 2155 738 manebant,
2173 672 2424 744 quoniam
2455 672 2788 744 ignorabant.
2820 672 3078 740 Quocirca
3099 674 3179 728 eis
3200 688 3443 730 seorsum

1847 767 2089 823 solvebat
2134 766 2433 836 parabolas,
2466 775 2521 821 et
2562 764 2684 822 ideo
2718 780 2930 837 quoque
2972 766 3100 821 dicit
3130 782 3145 820 :
3176 764 3445 820 Inclinabo

1846 859 1899 911 in
1928 858 2223 929 parobolam
2262 872 2437 912 aurem
2475 873 2656 913 nteant.
2698 857 2937 927 Aperiunt
2966 856 3020 911 in
3058 857 3297 927 psalterio
3324 872 3447 925 pro-

1848 951 2009 1005 blema
2035 967 2221 1005 meum.
2269 950 2364 1006 ESt
2387 960 2566 1005 autem
2617 949 2891 1020 problema
2935 950 3109 1004 oratio
3134 949 3359 1002 obscura
3388 956 3445 1003 ct

1846 1041 2199 1108 aenigmatica,
2218 1049 2271 1095 et
2293 1040 2413 1095 ideo
2438 1040 2561 1094 alibi
2582 1053 2795 1109 quoque
2815 1038 2943 1094 dicit
2972 1056 2987 1092 :
3016 1037 3223 1108 Loquar
3241 1039 3444 1108 proble-

1848 1140 1985 1186 mata
2013 1148 2046 1186 a
2083 1133 2436 1187 constitutione
2455 1133 2634 1185 mundi
2661 1129 2839 1203 (Psal.
2864 1132 2950 1186 77.
2997 1130 3077 1203 2).
3107 1130 3451 1202 Quapropter

1848 1238 2013 1280 ausus
2041 1232 2122 1278 est
2151 1224 2311 1279 etiam
2352 1237 2547 1278 vocare
2577 1222 2891 1292 sapientiam
2911 1263 2926 1287 ,
2958 1222 3135 1277 divina
3164 1223 3328 1278 fretus
3356 1238 3446 1277 re-

1849 1313 2133 1379 velatione,
2171 1323 2224 1368 et
2251 1314 2371 1369 ideo
2396 1315 2559 1369 etiam
2587 1314 2736 1381 dicit,
2766 1311 2832 1367 In
2855 1314 3116 1385 psalterio,
3145 1313 3443 1369 doctrinam

1849 1404 2181 1474 spiritualem
2214 1404 2479 1471 indicans,
2508 1415 2562 1461 ct
2589 1420 2647 1461 se
2674 1419 2907 1476 superno
2944 1422 3064 1461 esse
3101 1406 3329 1461 Numine
3359 1409 3445 1462 af-

1848 1496 2054 1552 ﬂatum.
2086 1495 2142 1552 In
2185 1497 2378 1552 cantici
2418 1496 2591 1552 forma
2630 1504 2807 1551 autem
2855 1496 2947 1551 dat
2991 1496 3292 1561 consilium,
3322 1509 3447 1551 ora-

1853 1588 2052 1642 tionem
2083 1587 2313 1643 reddens
2351 1588 2677 1643 suaviorem.
2719 1587 2910 1641 Vidisti
2936 1587 3096 1657 quale
3122 1587 3442 1658 prooemium

1849 1679 2193 1748 composuit?
2224 1678 2445 1734 Vocavit
2470 1678 2656 1733 orbem
2688 1687 2866 1743 terrm,
2889 1694 3007 1749 quae
3036 1690 3118 1734 est
3143 1680 3196 1733 in
3235 1679 3340 1734 vita
3365 1680 3446 1734 in-

1849 1773 2205 1842 :cqualitatem
2233 1772 2454 1842 expulit,
2502 1782 2747 1827 naturam
2789 1770 2843 1827 in
2886 1773 3198 1827 memoriam
3227 1788 3446 1829 revoca-

1854 1865 1947 1929 vit,
1978 1865 2334 1935 arrogantiam
2378 1864 2694 1934 compressit
2718 1880 2732 1929 ;
2766 1862 3028 1933 pollicitus
3049 1872 3131 1919 est
3160 1879 3218 1920 se
3246 1866 3445 1936 aliquid

1852 1968 2100 2023 magnum
2133 1961 2187 2009 et
2228 1953 2544 2023 praclarum
2576 1968 2694 2009 esse
2732 1954 3034 2010 dicturum:
3066 1953 3198 2009 dixit
3225 1970 3283 2011 se
3314 1956 3445 2011 nihil

1852 2060 1918 2100 ex
1948 2060 2007 2100 se
2032 2045 2253 2101 allatum
2300 2044 2568 2115 proloqui,
2599 2044 2692 2099 sed
2722 2060 2841 2115 qua:
2869 2044 2938 2099 ab
2978 2044 3070 2098 illo
3096 2046 3337 2111 audivit;
3366 2047 3444 2101 si-

1855 2136 2126 2208 gniﬁcavit
2155 2136 2207 2191 in
2231 2136 2474 2191 oratione
2494 2149 2614 2190 esse
2645 2150 2888 2206 magnam
2921 2135 3321 2205 obscuritatem,
3346 2153 3445 2194 nos

1854 2228 2087 2285 reddens
2115 2228 2464 2293 attentiores;
2497 2227 2762 2297 pollicitus
2793 2234 2877 2283 est
2900 2242 2961 2282 se
2990 2243 3088 2284 nos
3116 2229 3445 2298 spiritualcm

1852 2320 2129 2375 docturum
2170 2321 2520 2391 sapientiam,
2572 2335 2730 2391 quam
2780 2328 3039 2390 perpetuo
3067 2322 3444 2377 meditabatur.

1852 2411 2205 2466 Attendamus
2250 2427 2400 2481 ergo,
2441 2419 2493 2466 et
2538 2426 2604 2465 ne
2652 2419 3049 2479 prmtereamns.
3088 2412 3143 2468 Si
3182 2421 3263 2468 est
3303 2412 3447 2469 cnim

1856 2503 2068 2572 sapiens
2090 2503 2283 2566 oratio,
2307 2512 2360 2557 ct
2376 2501 2647 2573 parabola,
2669 2510 2724 2557 ct
2748 2501 3041 2571 problema,
3059 2511 3239 2557 mente
3267 2514 3449 2559 erecta

1854 2605 1907 2650 et
1954 2594 2183 2650 excitata
2232 2610 2367 2665 opus
2406 2604 2509 2650 est.
2549 2594 2702 2661 Quod
2750 2604 2834 2650 est
2881 2609 3011 2665 ergo
3049 2596 3354 2662 consilium,
3395 2606 3451 2652 et

1854 2685 1993 2756 quod
2025 2684 2319 2755 problema,
2339 2700 2456 2754 qum
2476 2684 2749 2754 parabola,
2771 2692 2825 2738 et
2842 2699 2962 2754 qua:
2981 2684 3261 2753 sapientia,
3287 2701 3447 2755 quam

1855 2776 2056 2831 audivit
2081 2792 2111 2831 e
2136 2775 2423 2845 supernis?
2450 2764 2501 2832 6.
2527 2774 2630 2831 Cur
2659 2775 2861 2841 timebo,
2883 2776 3070 2848 inquit,
3097 2779 3151 2831 in
3171 2778 3255 2830 die
3278 2778 3411 2831 uiola
3426 2780 3455 2833 τ

1855 2867 2027 2931 Alius,
2054 2866 2125 2919 'In
2166 2868 2341 2922 diebus
2370 2867 2602 2934 maligni.
2632 2869 2804 2933 Alius,
2846 2865 2995 2920 Mali.
3030 2867 3198 2937 Syrus
3235 2878 3412 2923 autem
3433 2910 3450 2935 ,

1856 2958 1973 3013 Rha
1993 2954 2093 3031 (α).
2125 2955 2378 3027 luiquitas
2404 2957 2628 3011 calconei
2655 2958 2749 3011 mei
2778 2957 3110 3011 circumdabit
3137 2975 3233 3011 me.
3265 2957 3414 3013 Alius
3434 2998 3449 3023 ,

1865 3046 2201 3118 Vestigiorum
2247 3064 2488 3103 meorum.
2540 3048 2796 3104 Hebraeus
2843 3057 3043 3115 autem,
3090 3050 3203 3102 Aon
3244 3048 3454 3102 accubui

1854 3138 2108 3193 isubbuni.
2143 3138 2330 3203 Vidisti
2361 3140 2631 3209 quomodo
2660 3148 2743 3193 est
2770 3139 3043 3209 problema
3068 3181 3082 3201 ,
3108 3149 3163 3194 et
3200 3140 3450 3209 mtiigma,

1857 3240 1906 3285 et
1936 3231 2161 3285 obscura
2192 3233 2383 3296 oratio,
2412 3242 2468 3284 et
2488 3233 2812 3302 permultum
2843 3232 3182 3286 obscuritatis
3207 3233 3231 3285 ?
3258 3233 3383 3297 Sed,
3408 3235 3453 3289 si

1856 3323 2086 3387 videtur,
2126 3323 2357 3393 primum
2392 3323 2748 3393 intelligamus
2778 3337 3064 3394 quemnam
3096 3324 3225 3378 dicit
3255 3325 3453 3379 malum

1856 3416 2020 3471 diem.
2047 3416 2341 3483 Quemnam
2368 3431 2494 3485 ergo
2524 3416 2718 3470 malum
2750 3416 2891 3470 diem
2919 3415 3057 3470 solet
3085 3430 3278 3471 vocare
3306 3415 3455 3471 Scri-

1856 3510 2056 3581 ptura?
2086 3510 2235 3564 Diem
2278 3509 2664 3575 calamitatum,
2695 3509 2834 3563 diem
2876 3508 3280 3579 suppl‘ciorum,
3311 3509 3453 3566 diem

1856 3615 2236 3655 aerumnarum.
2265 3599 2419 3666 Quod
2461 3599 2623 3655 etiam
2651 3599 2779 3654 dicit
2806 3599 2931 3653 alibi
2971 3599 3201 3654 :Beatus
3247 3600 3336 3669 qui
3371 3601 3454 3654 in-

1858 3692 2038 3763 telligit
2061 3709 2214 3763 super
2239 3708 2450 3764 egenum
2476 3700 2522 3745 et
2555 3706 2829 3761 pauperem
2858 3706 2877 3743 :
2902 3691 2955 3743 in
2988 3692 3070 3744 die
3100 3692 3237 3744 mala
3265 3691 3453 3744 libera-

1858 3784 1927 3838 bit
1966 3801 2081 3839 eum
2106 3784 2354 3838 Dominus
2382 3783 2557 3853 (Psal.
2600 3784 2690 3838 40.
2719 3783 2795 3853 1).
2840 3782 2985 3837 Talis
3009 3793 3092 3838 est
3116 3793 3291 3837 autem
3338 3784 3454 3837 dies

1858 3878 1949 3932 ille
1999 3877 2207 3932 futurus
2255 3877 2629 3947 peccatoribus
2680 3875 2933 3930 terribilis
2982 3883 3035 3928 et
3081 3873 3451 3928 intolerabilis.

1859 3969 2047 4025 Vidisti
2102 3970 2329 4037 primum
2363 3968 2380 3999 ⁸
2412 3966 2689 4021 decretum
2730 3979 2994 4034 suprema:
3039 3965 3355 4034 sapientiw,
3401 3976 3453 4020 et

1856 4059 2123 4131 quomodo
2144 4060 2236 4114 tibi
2266 4057 2690 4121 deﬁniatoratio,
2714 4072 2958 4126 quamam
2982 4058 3089 4111 sint
3109 4057 3267 4128 digna
3286 4066 3453 4122 metu,

1856 4167 2100 4223 quianam
2156 4148 2645 4205 condemnatione?
2690 4148 2800 4201 Nisi
2850 4149 2967 4217 quis
3020 4149 3163 4201 enim
3218 4148 3333 4202 lucc
3376 4148 3455 4202 sic

1857 4246 2061 4313 Optime
2088 4243 2398 4313 distinguat,
2445 4251 2714 4309 tamquam
2760 4241 2813 4293 in
2858 4238 3136 4307 profundis
3177 4239 3411 4293 tenebris
3438 4281 3454 4304 ,

1857 4351 2145 4405 rerumque
2171 4334 2484 4389 confusione
2506 4332 2611 4385 huc
2636 4340 2689 4386 et
2715 4331 2842 4385 illuc
2867 4329 3226 4395 circumlatus,
3252 4331 3455 4385 exitum

1857 4445 1963 4483 non
1986 4427 2205 4485 invenit.

1931 4518 2174 4573 Timenda
2197 4534 2227 4567 a
2252 4532 2349 4569 non
2371 4514 2601 4567 timendis
2622 4513 2744 4567 utile
2759 4520 2830 4567 est
2858 4528 3151 4577 secemere;
3188 4522 3448 4581 peccatum

1855 4612 2019 4667 solum
2056 4609 2276 4664 terribile
2304 4620 2375 4662 est
2404 4624 2464 4661 ac
2504 4606 2803 4661 timendum.
2832 4634 2905 4645 -—-
2934 4603 3046 4659 Nisi
3075 4605 3143 4658 sit
3171 4604 3323 4657 nobis
3354 4603 3453 4659 de-

1860 4706 2065 4759 ﬁnitum
2096 4713 2147 4759 et
2179 4703 2523 4757 constitutmn
2549 4714 2791 4767 quaenam
2820 4697 3033 4766 quidem
3067 4699 3273 4759 timere,
3302 4710 3452 4765 qna:-

1858 4814 1980 4852 nam
2014 4812 2141 4852 vero
2164 4795 2430 4850 exsecrari
2459 4801 2726 4861 oporteat,
2756 4804 2980 4859 magnus
3010 4790 3107 4843 erit
3141 4790 3190 4842 in
3222 4790 3328 4842 vita
3360 4805 3453 4843 er-

1856 4905 1967 4953 ror,
1995 4897 2048 4942 et
2074 4902 2322 4956 magnum
2350 4884 2663 4954 periculum.
2694 4881 2787 4934 Est
2809 4880 2948 4934 enim
2977 4889 3235 4933 extrema:
3266 4893 3458 4931 amen-

1859 4981 1944 5035 tire
1974 4978 2167 5033 timere
2193 4990 2254 5031 ea
2284 4991 2403 5045 quze
2430 4990 2535 5029 non
2581 4980 2706 5027 sunt
2734 4971 2987 5035 timenda,
3021 4985 3083 5023 ea
3123 4986 3249 5025 vero
3278 4969 3454 5025 ridere

1855 5088 1973 5143 qua:
1998 5071 2119 5140 jure
2151 5067 2383 5123 timenda
2412 5076 2554 5122 sunt.
2586 5064 2641 5119 In
2674 5064 2776 5121 hoc
2803 5062 3046 5116 homines
3080 5077 3108 5114 a
3142 5063 3319 5127 pueris
3347 5062 3451 5115 dif-

1856 5167 2053 5230 ferunt,
2086 5162 2227 5233 quod
2270 5162 2322 5215 lii
2364 5160 2600 5231 quidem,
2634 5167 2692 5212 ut
2720 5172 2944 5226 quorum
2975 5170 3077 5207 non
3110 5156 3179 5209 sit
3222 5154 3451 5223 perlata

1856 5258 2030 5312 adhuc
2060 5254 2427 5325 intelligentia,
2462 5252 2636 5305 larvas
2668 5250 2875 5314 timent,
2903 5247 3249 5317 hominesque
3280 5249 3452 5301 saccis

1920 5453 1936 5483 ³
1972 5459 2090 5508 vox,
2112 5446 2340 5512 primum,
2364 5446 2509 5494 deest
2528 5444 2578 5492 in
2600 5442 2741 5491 Savil.
2772 5449 2823 5490 et
2846 5436 2894 5487 in
2919 5452 3017 5487 uno
3040 5436 3228 5486 Codice.

1916 5532 1989 5595 (ιι)
2025 5539 2290 5597 Νοηπδγωε
2327 5527 2487 5584 modo,
2512 5526 2601 5574 sed
2643 5526 2789 5597 etiam
2820 5522 3057 5597 ttebrazus
3078 5524 3177 5597 μὴ..
3192 5532 3265 5578 ra,
3280 5519 3449 5597 habet.

1854 5588 2059 5656 norbae
2084 5588 2249 5661 vaces,
2274 5605 2414 5655 moi
2439 5602 2575 5679 inps
2597 5600 2693 5675 py,
2711 5592 2999 5656 signiﬁcant,
3023 5588 3250 5653 im'quitas
3287 5590 3452 5639 calcu-

1852 5710 2048 5748 neorum
2070 5705 2283 5744 meorum
2305 5687 2623 5741 circumdabit
2645 5699 2719 5748 me
2736 5698 2752 5747 ;
2771 5686 2909 5747 juxta
2933 5683 3262 5745 Symmachum
3283 5688 3451 5732 autem

1854 5758 2108 5812 vertenda:
2130 5766 2262 5819 sunt,
2288 5751 2515 5817 t'm'quitas
2538 5747 2843 5813 vestigiorum
2861 5757 3093 5798 meorum.
