4070 6438
727 397 825 453 Ia?

727 505 974 568 indutus;
1001 514 1203 575 patrem
1231 508 1405 554 autem
1448 508 1538 552 aut
1582 506 1804 552 matrem
1832 496 2145 551 contumelia
2168 495 2286 549 afti-

725 609 847 650 cere
891 595 1026 650 nihil
1051 607 1169 650 esse
1209 590 1551 653 existimant;
1584 599 1640 643 et
1681 588 1733 641 in
1764 589 1937 657 ignem
1983 584 2193 655 quidem
2236 593 2291 639 et

727 686 970 742 lucernas
1008 681 1255 738 ardentes
1284 680 1533 744 insiliunt,
1562 676 1810 745 strepitus
1832 684 2005 729 autem
2033 674 2291 743 quosdam

729 774 946 829 minime
963 770 1225 827 timendos
1242 770 1593 824 extimescunt
1615 784 1629 819 :
1653 766 1748 821 viri
1770 774 1942 820 autem
1960 762 2087 818 nihil
2102 765 2289 817 horum

726 870 934 919 curant.
962 862 1093 930 Quia
1124 874 1249 930 ergo
1276 859 1425 914 mulu
1453 864 1577 911 sunt
1618 855 1795 925 pueris
1822 853 2111 917 stultiores,
2132 850 2292 905 tradit

727 952 865 1008 hanc
890 950 1300 1012 distinctionem,
1318 957 1375 1001 et
1397 946 1523 1001 dicit
1546 958 1787 1014 quaenam
1817 944 2002 997 timere
2025 949 2286 1013 oporteat,

727 1060 830 1099 non
857 1058 923 1099 ea
947 1057 1067 1112 quae
1108 1039 1286 1095 multis
1311 1035 1555 1093 videntur
1598 1035 1877 1100 terribilia,
1927 1038 2289 1101 paupertatem

727 1132 869 1200 dico,
901 1130 1258 1202 ignominiam,
1284 1135 1339 1183 et
1383 1126 1628 1181 morbum
1657 1124 1814 1196 (haec
1854 1122 1993 1179 enim
2020 1136 2131 1176 non
2168 1126 2293 1175 sunt

725 1221 898 1276 solum
926 1221 1106 1275 multis
1130 1213 1406 1286 terribﬂia,
1437 1216 1533 1272 sed
1556 1217 1713 1271 etiam
1740 1214 1965 1269 molesta
1993 1220 2048 1266 et
2073 1210 2249 1280 gravia
2273 1225 2289 1277 ;

723 1322 777 1367 at
803 1311 933 1368 nihil
955 1311 1143 1364 horum
1169 1309 1271 1363 tale
1289 1321 1409 1364 esse
1433 1307 1658 1377 statuit),
1682 1303 1779 1360 sed
1803 1304 1979 1361 solum
1996 1310 2290 1373 peccatum:

727 1402 828 1457 hoc
853 1401 992 1457 enim
1019 1398 1120 1454 sibi
1141 1398 1251 1453 vult
1276 1396 1425 1462 illud,
1454 1395 1704 1473 Iniquitas
1723 1393 1945 1448 δαισαηεί
1968 1392 2065 1445 mei
2082 1390 2295 1444 cireum-

723 1491 862 1545 dabit
904 1506 1001 1544 me.
1040 1488 1154 1544 Hoc
1179 1496 1261 1542 est
1302 1502 1428 1556 ergo
1470 1486 1640 1540 oratio
1682 1482 2031 1554 aenigmatica,
2074 1480 2176 1535 hoc
2211 1487 2294 1534 est

726 1596 893 1640 novus
923 1590 1104 1650 tropus
1130 1588 1183 1633 et
1222 1574 1567 1632 admirabilis.
1600 1572 1766 1629 Valde
1807 1571 1949 1626 enim
1996 1583 2186 1624 novum
2211 1567 2292 1623 vi-

726 1670 881 1726 detur
904 1684 1024 1725 esse
1059 1667 1241 1723 multis
1264 1675 1319 1723 et
1342 1664 1650 1721 admirabile
1687 1662 1885 1729 dicere,
1916 1676 2022 1718 non
2049 1668 2295 1729 oportere

726 1760 1013 1831 quidquam
1061 1758 1247 1813 timere
1290 1770 1472 1812 eorum
1500 1748 1619 1825 qua:
1664 1753 1864 1807 suntin
1890 1752 1993 1806 vita
2037 1750 2214 1820 gravia
2241 1758 2297 1803 et

724 1851 965 1905 molesta.
1017 1846 1153 1915 Quid
1196 1861 1326 1915 ergo
1380 1845 1595 1910 timebo,
1646 1843 1834 1913 inquit.
1884 1842 1937 1896 in
1984 1840 2071 1897 die
2112 1839 2294 1895 mala?

726 1938 900 2009 Unum
926 1947 1154 2003 tantum,
1175 1952 1243 1991 ne
1270 1935 1407 1991 forte
1436 1935 1535 1989 via:
1558 1948 1692 1990 mete
1720 1942 1773 1988 et
1799 1933 1920 1987 vitae
1943 1930 2189 2001 iniquitas
2208 1944 2294 1986 me

724 2028 1037 2085 circumdet.
1083 2026 1231 2082 Solet
1273 2024 1545 2094 Scriptura
1605 2021 1841 2078 fraudem
1883 2036 2074 2077 vocare
2117 2019 2294 2075 calca-

726 2135 882 2176 neum
916 2136 930 2172 :
964 2118 1065 2185 Qui
1085 2117 1261 2171 edebat
1282 2114 1445 2177 enim,
1471 2113 1655 2183 inquit,
1682 2128 1876 2166 mecum
1901 2126 2100 2181 partem,
2126 2119 2294 2164 sustu-

727 2210 861 2266 litin
895 2225 975 2263 me
1009 2209 1297 2261 calcaneam
1322 2202 1492 2276 (Ptol.
1534 2203 1623 2258 40.
1670 2202 1780 2274 10).
1824 2201 1888 2256 Ει
1928 2200 2068 2255 Esau
2109 2212 2294 2253 rursus

725 2301 937 2357 dicebat
956 2298 1024 2354 de
1048 2297 1213 2353 Jacob
1243 2314 1259 2351 :
1290 2295 1409 2349 lam
1433 2294 1649 2350 secunda
1674 2309 1752 2347 me
1778 2291 2115 2362 supplantavit
2140 2288 2291 2359 (Gen.

723 2391 812 2447 27.
840 2389 957 2460 36).
1006 2388 1100 2443 Est
1127 2388 1266 2442 enim
1310 2393 1586 2457 peccatum
1628 2399 1716 2439 res
1756 2380 2036 2453 ejusmodi,
2080 2378 2295 2435 fraudu-
2336 2426 2337 2429 η

726 2482 889 2543 lenta,
938 2485 997 2534 et
1040 2487 1163 2547 apta
1202 2475 1273 2531 ad
1316 2474 1695 2545 arripiendum.
1727 2473 1859 2540 Hoc,
1891 2472 2078 2543 inquit,
2108 2484 2294 2527 vereor

730 2578 999 2640 peccatum
1026 2568 1169 2638 quod
1199 2582 1285 2622 me
1311 2566 1529 2637 decipit,
1556 2566 1694 2636 quod
1732 2580 1817 2620 me
1840 2564 2151 2619 circumdat.

797 2659 851 2713 4.
882 2657 949 2713 Ει
970 2657 1087 2711 ideo
1103 2656 1299 2710 Paulus
1319 2654 1370 2708 id
1393 2663 1541 2709 vocat
1561 2654 1952 2708 circumsistens
1992 2650 2177 2722 (Hebr.
2202 2648 2291 2704 η.

727 2751 807 2818 t),
819 2748 1137 2817 signiﬁcans,
1152 2746 1202 2803 id
1212 2745 1354 2817 quod
1369 2746 1636 2812 continue,
1650 2740 1789 2815 quod
1805 2745 1977 2811 facile,
1993 2743 2133 2815 quod
2148 2742 2294 2799 nullo

727 2839 893 2893 ambit
920 2847 973 2893 et
993 2835 1285 2893 circumdat
1310 2836 1539 2908 negotio.
1568 2837 1623 2889 in
1646 2835 1729 2890 his
1748 2850 1874 2905 ergo
1898 2835 2105 2905 judiciis
2128 2834 2295 2889 multa

729 2931 917 2985 timent
945 2928 1209 2996 homines,
1233 2938 1288 2982 et
1312 2928 1417 2981 vim
1442 2941 1623 2996 opum,
1653 2935 1707 2981 et
1734 2926 2041 2995 potentiam,
2072 2933 2126 2980 et
2152 2924 2296 2995 inju-

726 3022 889 3088 riam,
916 3029 969 3075 et
993 3018 1229 3074 fraudem
1258 3033 1278 3070 :
1306 3016 1415 3071 illic
1435 3027 1608 3071 autem
1637 3015 1768 3071 nihil
1788 3025 1867 3070 cst
1893 3013 2171 3083 ejusmodi,
2199 3012 2296 3069 sed

729 3119 1003 3181 peccatum
1043 3107 1217 3161 solum
1258 3117 1339 3162 est
1368 3105 1620 3172 terribile,
1662 3105 1800 3175 quod
1841 3104 2072 3176 undique
2108 3104 2297 3159 circuit

726 3214 823 3254 eos
863 3201 952 3269 qui
999 3198 1296 3267 capiuntur,
1343 3195 1554 3265 gravius
1599 3209 1756 3265 quam
1798 3195 1969 3265 quivis
2010 3195 2294 3250 exercitus.

729 3288 863 3344 Sunt
903 3302 1030 3357 ergo
1057 3286 1231 3342 omnia
1270 3284 1492 3355 agenda,
1521 3292 1579 3338 ut
1605 3299 1712 3339 non
1737 3284 1803 3339 ab
1845 3284 1961 3354 ipso
2000 3284 2296 3338 circumde-

731 3393 886 3440 mur;
913 3386 1188 3447 postquam
1209 3383 1383 3428 autem
1404 3373 1687 3428 viderimus
1715 3372 1763 3428 id
1783 3386 1881 3427 nos
1906 3371 2043 3429 velle
2059 3386 2300 3440 compre-

733 3466 986 3528 hendere,
1018 3471 1227 3533 oportet
1266 3462 1383 3532 ejus
1427 3460 1734 3516 occasiones
1768 3460 1971 3531 lugere,
2002 3469 2059 3514 ut
2105 3459 2300 3515 faciunt

732 3555 926 3626 egregii
956 3554 1151 3609 milites
1181 3570 1195 3605 :
1226 3552 1367 3623 quod
1392 3553 1436 3606 si
1462 3554 1620 3607 etiam
1663 3552 1800 3622 capti
1829 3551 2103 3618 fuerimus,
2133 3567 2297 3622 opor-

732 3660 805 3704 tet
844 3648 895 3702 id
921 3646 1165 3703 celeriter
1209 3644 1532 3711 rescindere,
1562 3642 2005 3715 quemadmodum
2046 3643 2172 3698 fecit
2196 3643 2300 3698 Da-

729 3738 839 3806 vid,
874 3738 961 3808 qui
992 3753 1087 3807 per
1115 3735 1475 3807 pmnitentiam
1502 3734 1640 3789 vires
1664 3734 1779 3803 ejus
1806 3734 2027 3789 abscidit
2054 3734 2131 3804 (2.
2167 3734 2296 3803 Reg.

732 3829 820 3886 η.
853 3830 965 3899 15).
992 3826 1113 3882 Fuit
1135 3826 1277 3882 enim
1319 3825 1387 3880 ab
1414 3840 1480 3880 eo
1497 3823 1875 3901 circumdatus,
1905 3823 1997 3880 sed
2028 3824 2078 3879 id
2122 3824 2297 3878 statim

732 3920 931 3990 cifugit.
958 3918 1057 3986 Qui
1082 3917 1185 3972 hoc
1210 3916 1459 3979 timuerit,
1483 3916 1609 3970 nihil
1628 3908 1771 3970 aliud
1797 3930 2046 3986 umquam
2073 3914 2297 3979 timebit,

734 4010 829 4065 sed
876 4008 1113 4063 irridebit
1161 4021 1223 4061 ea
1250 4022 1367 4076 quae
1416 4005 1469 4059 in
1498 4006 1744 4075 praesenti
1783 4006 1887 4061 vita
1917 4006 2055 4061 bona
2079 4015 2219 4071 sunt,
2248 4013 2302 4060 et

732 4116 853 4170 quae
879 4090 1101 4153 molesta
1144 4105 1265 4149 sunt
1303 4104 1625 4157 contemnet,
1654 4110 1773 4157 cum
1810 4096 1955 4151 solus
1999 4096 2088 4150 ille
2128 4105 2301 4151 melus

736 4192 850 4259 ejus
874 4196 1106 4243 mentem
1149 4187 1329 4257 agitet.
1358 4185 1499 4239 Nihil
1522 4185 1684 4250 enim,
1714 4186 1844 4240 nihil
1882 4195 2025 4241 certe
2051 4186 2191 4241 aliud
2222 4194 2304 4240 est

737 4280 787 4335 ei
820 4277 1169 4339 formidabile,
1216 4275 1305 4344 qui
1343 4282 1425 4327 est
1452 4273 1553 4329 hoc
1599 4276 1787 4327 timore
1828 4275 2078 4343 praeditus
2106 4291 2119 4325 :
2147 4284 2303 4342 atque

735 4370 940 4425 adeone
983 4367 1095 4436 ipsa
1130 4364 1344 4435 quidem
1371 4376 1537 4426 mors,
1565 4378 1681 4431 qua:
1711 4372 1793 4417 est
1814 4372 1970 4433 caput
1995 4379 2170 4418 rerum
2201 4373 2304 4418 ter-

739 4459 987 4523 ribilium,
1016 4456 1117 4512 nisi
1154 4456 1253 4509 hoc
1283 4467 1443 4507 unum
1470 4451 1658 4507 solum.
1706 4453 2022 4519 Quomodo?
2046 4453 2303 4521 Quoniam

741 4550 898 4605 tradit
933 4548 1209 4617 gehennae,
1235 4544 1481 4614 quoniam
1532 4544 1843 4596 transmittit
1886 4543 1950 4597 ad
1991 4544 2304 4598 immortalia

736 4639 1009 4707 supplicia.
1041 4635 1095 4690 Si
1138 4634 1255 4704 quis
1282 4647 1466 4688 rursus
1490 4632 1543 4685 in
1583 4647 1649 4686 eo
1678 4647 1735 4686 se
1762 4641 1904 4687 recte
1942 4633 2187 4703 gesserit,
2218 4634 2300 4687 iu-

742 4729 883 4783 ducit
906 4740 1117 4781 omnem
1149 4726 1412 4778 virtutem.
1453 4721 1639 4793 Cogita
1668 4724 1809 4777 enim
1838 4733 2032 4792 quanta
2074 4738 2158 4778 res
2200 4726 2303 4790 sit,

743 4834 839 4872 nec
877 4817 1029 4871 bonis
1070 4814 1227 4870 rebus
1267 4814 1647 4877 intumescere,
1674 4827 1773 4867 nec
1802 4813 2037 4869 molestis
2072 4815 2306 4869 animum
2328 4830 2343 4841 ί

742 4905 1037 4970 demittere,
1062 4902 1399 4972 praesentium
1418 4902 1611 4955 nullam
1634 4903 1889 4957 rationem
1903 4904 2115 4973 dueere,
2133 4904 2307 4960 futura

743 4997 1028 5058 respicere,
1060 4992 1199 5047 diem
1241 4993 1387 5047 ilium
1415 5002 1744 5061 exspectare,
1778 4992 1831 5047 in
1859 4993 1947 5046 tali
1991 5002 2131 5048 metu
2175 4992 2309 5049 assi-

744 5089 848 5142 due
863 5088 1079 5141 versari.
1110 5085 1209 5152 Qui
1235 5087 1352 5143 talis
1378 5094 1475 5150 est,
1501 5087 1603 5139 erit
1625 5086 1865 5155 angelus,
1892 5086 1979 5155 qui
2013 5086 2116 5142 hoc
2138 5087 2307 5141 solum

749 5178 981 5234 timuerit
1008 5185 1061 5230 et
1100 5177 1229 5230 nihil
1271 5176 1451 5230 aliud:
1486 5176 1615 5230 nihil
1659 5177 1799 5229 enim
1828 5175 1970 5230 aliud
2013 5176 2235 5241 timebit,
2262 5177 2307 5230 si

746 5272 849 5326 hoc
875 5283 1036 5321 unum
1050 5268 1287 5321 timuerit
1308 5277 1365 5321 ut
1387 5267 1570 5320 timere
1594 5275 1802 5335 oportet
1829 5283 1841 5319 :
1869 5266 2308 5336 quemadmodum

746 5362 835 5427 qui
862 5374 965 5412 non
1008 5357 1114 5411 hoc
1142 5357 1390 5422 timuerit,
1415 5357 1459 5410 is
1483 5357 1583 5409 erit
1608 5357 1866 5411 obnoxius
1891 5358 2070 5412 multis
2098 5359 2308 5411 terrori-

752 5454 869 5505 bus.
901 5451 953 5504 7.
1004 5448 1101 5514 Qui
1141 5449 1396 5516 conﬁdunt
1424 5449 1477 5502 in
1505 5450 1679 5503 virtute
1705 5465 1798 5502 sua
1828 5459 1874 5503 et
1915 5450 1967 5503 in
1996 5450 2312 5503 multitudine

754 5541 1035 5595 divitiarum
1076 5554 1277 5591 suarum
1316 5539 1614 5608 gloriantur.
1643 5539 1814 5604 Alius,
1858 5539 2227 5609 Super-trientes.
2256 5540 2309 5594 8.

757 5628 936 5682 Frater
958 5645 1054 5681 non
1080 5628 1294 5689 redimit,
1324 5628 1529 5680 redimet
1554 5628 1742 5680 homo?
1765 5626 1883 5681 Non
1911 5629 2047 5681 dabit
2076 5625 2179 5681 Deo
2199 5631 2314 5696 pla-

758 5721 999 5774 cationem
1028 5734 1186 5785 suam,
1214 5718 1265 5773 9.
1296 5729 1340 5772 et
1361 5719 1572 5789 pretium
1602 5720 1946 5789 redemptionis
1971 5720 2150 5776 anima
2185 5736 2309 5776 sm.

1406 390 1462 445 S.
1502 386 1776 443 JOA‘NNlS
1807 384 2272 447 CHRYSOSTONI
2312 380 2626 441 ARCIIIEP.
2670 385 3202 442 CONSTANTINOP.
3955 387 4026 444 εἳ

2400 495 2465 550 Et
2500 513 2744 567 quaenam
2773 508 2853 554 est
2883 500 2995 553 haec
3019 501 3400 570 consequentia
3421 502 3445 554 ἲ
3468 502 3671 557 dixerit
3705 501 4026 573 quisptan

2398 587 2646 654 Pulchra,
2676 600 2730 643 et
2754 599 2898 644 recte
2916 589 3213 656 cohaerens,
3242 601 3297 646 et
3321 607 3647 663 magnopere
3676 593 4026 662 dependet

2395 692 2424 730 a
2450 679 2731 749 prioribus.
2767 680 2901 748 Quia
2932 683 3071 736 enim
3112 683 3427 750 loquebatur
3464 685 3532 739 de
3564 683 3828 752 judicio,
3888 695 3960 739 et
3994 683 4026 740 d

2397 767 2484 822 illa
2531 769 2748 824 terribili
2791 770 3059 827 reddenda
3108 772 3333 837 ratione,
3363 786 3419 828 et
3444 773 3513 830 de
3552 775 3867 830 sententia
3919 790 4026 843 qua

2397 859 2662 928 corrumpi
2684 875 2791 914 non
2814 870 2985 929 potest
3016 880 3031 916 :
3059 864 3211 917 multi
3236 871 3413 921 autem
3438 866 3491 920 in
3521 866 3588 921 iis
3609 880 3751 935 qua:
3776 864 3891 919 hic
3911 880 4026 919 sun

2394 946 2627 1015 iudiciis,
2650 948 2913 1018 judieibus
2939 953 3150 1021 emptiS,
3175 953 3262 1021 jus
3289 964 3664 1023 corruperunt,
3688 964 3754 1009 ct
3790 970 4026 1025 pmnan

2400 1036 2669 1104 vitarent;
2721 1040 3037 1095 sententiam
3084 1042 3228 1096 illam
3275 1058 3394 1113 quas
3437 1045 3663 1100 minime
3719 1061 4026 1116 corrump

2398 1134 2571 1195 potest
2598 1128 2912 1197 przedicans,
2957 1141 3009 1185 et
3038 1146 3197 1202 quem
3236 1134 3383 1203 prius
3420 1133 3554 1189 dixit
3591 1136 3877 1191 timorem
3931 1153 4025 1191 au;

2395 1232 2547 1287 gens,
2571 1218 2684 1273 haec
2708 1218 3000 1288 subjunait,
3017 1220 3308 1276 ostendens
3326 1235 3385 1278 se
3409 1232 3552 1278 recte
3567 1220 3823 1292 dixisse,
3853 1240 4025 1295 Opor

2400 1318 2515 1365 tere
2539 1325 2705 1365 unum
2728 1324 2847 1366 esse
2871 1311 3138 1377 timorem,
3169 1326 3362 1381 nempe
3385 1328 3505 1367 eum
3536 1313 3622 1382 qui
3653 1328 3727 1367 ex
3778 1326 4026 1384 peccati

2402 1401 2781 1471 proﬁciscitur,
2807 1408 2863 1456 et
2903 1401 3104 1457 nullum
3133 1402 3316 1457 alium.
3361 1402 3457 1457 ιω
3479 1405 3620 1457 enim
3652 1419 3776 1458 non
3827 1417 4026 1475 potest

2402 1488 2511 1544 illic
2560 1490 2829 1560 corrumpi
2874 1490 3095 1559 pecunia
3128 1508 3142 1544 :
3175 1506 3275 1547 nec
3320 1492 3445 1548 licet
3486 1492 3641 1548 donis
3694 1494 3976 1563 seipsum
4004 1510 4026 1551 ε

2398 1580 2641 1651 gehenna
2673 1583 2881 1651 eripere
2909 1603 2923 1638 :
2955 1596 3055 1637 nec
3079 1583 3302 1637 salutem
3325 1582 3516 1638 ah‘erre
3546 1592 3731 1652 potest
3754 1587 4026 1653 patroci-

2400 1672 2546 1727 nium
2570 1680 2623 1728 et
2645 1672 2871 1727 oratoris
2895 1672 3155 1739 defensio,
3183 1686 3283 1728 nec
3305 1673 3501 1743 aliquid
3526 1673 3701 1727 aliud.
3732 1674 4026 1741 Quamvis

2400 1766 2541 1820 enim
2573 1765 2647 1820 sis
2671 1763 2839 1827 dives,
2865 1764 3106 1834 quamvis
3134 1772 3342 1834 potens,
3368 1768 3609 1835 quamvis
3632 1766 3809 1821 alicui
3842 1778 4026 1823 notus

2402 1864 2453 1908 et
2477 1853 2773 1920 familiaris,
2794 1852 2911 1909 hac
2933 1854 3113 1909 omnia
3137 1863 3260 1909 sunt
3286 1854 3392 1909 illic
3416 1855 3656 1921 inutilia;
3689 1856 3814 1911 illic
3834 1872 4021 1911 unus-

2400 1943 2623 2014 qu'sque
2647 1958 2713 1998 ex
2741 1941 2894 1999 factis
2918 1942 3001 1998 vel
3030 1944 3264 2014 punitur,
3291 1943 3373 1999 vel
3395 1956 3703 1999 coronatur.
3734 1945 4026 2012 Quando-

2399 2035 2613 2105 quidem
2643 2044 2698 2091 et
2743 2035 2833 2105 qui
2876 2044 2992 2091 erat
3016 2044 3170 2090 tetate
3194 2034 3402 2101 Lazari,
3446 2036 3597 2092 valde
3623 2036 3787 2092 dives
3832 2047 3965 2093 erat
3998 2082 4015 2103 ,

2399 2124 2493 2178 sed
2539 2108 2671 2179 nihil
2715 2124 2763 2180 ei
2793 2126 3103 2195 proluerunt
3144 2124 3341 2180 divitia:
3387 2124 3536 2198 (Luc.
3587 2127 3679 2198 ιδ)
3715 2145 3731 2183 :
3762 2136 3823 2182 et
3854 2137 4017 2183 notas

2398 2222 2554 2269 erant
2594 2213 2827 2286 virgines
2855 2213 3165 2283 virginibus,
3192 2213 3288 2269 sed
3327 2214 3458 2269 nihil
3484 2216 3744 2285 easjuvit
3788 2216 3885 2272 illa
3916 2218 4012 2271 fa-

2399 2304 2677 2361 miliaritas
2717 2303 2929 2378 (Matth.
2959 2304 3055 2375 25)
3087 2326 3100 2361 :
3131 2320 3293 2360 unum
3336 2315 3420 2362 est
3454 2307 3600 2361 enim
3646 2306 3765 2362 illic
3811 2308 4007 2363 solum

2401 2396 2541 2467 quod
2565 2396 2845 2465 qutcritur.
2870 2394 2982 2451 Vos
3004 2411 3154 2465 ergo,
3180 2395 3365 2466 inquit,
3394 2397 3481 2466 qui
3504 2397 3697 2466 opibus
3720 2396 3916 2464 ﬁditie,
3944 2414 4008 2453 et

2399 2486 2530 2541 estis
2556 2486 3143 2563 circumdati‘potentia,
3174 2484 3368 2541 frustra
3396 2487 3751 2542 intumescitis
3772 2508 3787 2542 :
3811 2502 4004 2557 neque

2402 2576 2545 2631 enim
2568 2575 2844 2631 vobiscum
2868 2575 3253 2632 transmittetur
3278 2576 3332 2631 in
3375 2575 3503 2631 illud
3527 2576 3789 2646 judicium
3818 2592 3997 2647 pecu-

2399 2667 2503 2721 nia:
2542 2665 2884 2733 abundantia,
2931 2681 3031 2722 nec
3079 2668 3218 2723 vires
3267 2666 3552 2736 potentite;
3581 2666 3679 2723 sed
3728 2682 3835 2722 nec
3877 2666 3996 2724 ulta

2400 2756 2738 2812 necessitudo
2765 2764 2857 2812 aut
2894 2757 3159 2826 cognatio,
3208 2770 3308 2811 nec
3354 2756 3550 2827 aliquid
3587 2756 3859 2825 ejusmodi
3888 2773 3994 2813 vos

2402 2846 2508 2901 illic
2538 2846 2744 2915 eripiet.
2786 2845 2901 2900 Non
2930 2845 3058 2901 licet
3097 2846 3205 2900 illic
3231 2846 3416 2901 solutis
3457 2848 3718 2917 pecuniis,
3745 2855 3839 2903 aut
3875 2848 3989 2905 ulla

2400 2937 2723 3007 expiatione,
2752 2944 2843 2993 aut
2865 2936 3038 3007 pretio
3058 2936 3249 2992 animae
3279 2937 3443 2992 ullum
3474 2952 3723 3007 umquam
3750 2942 3983 2994 servari.

2404 3024 2541 3094 Quid
2571 3040 2700 3095 ergo
2728 3024 2975 3095 estquod
3000 3024 3131 3079 dicit
3154 3024 3425 3094 Scriptura
3454 3046 3468 3081 :
3498 3024 3674 3079 Facite
3698 3026 3837 3081 vobis
3850 3032 3997 3086 ami-

2402 3132 2487 3170 cos
2512 3132 2575 3171 ea;
2614 3116 2789 3186 iniquo
2826 3131 3079 3183 montana,
3106 3124 3161 3169 at
3198 3131 3282 3169 uos
3320 3116 3562 3185 recipiant
3587 3116 3639 3169 in
3670 3127 3857 3171 amna
3900 3129 3985 3170 tu-

2403 3206 2671 3261 bernacula
2722 3204 2871 3277 (Luc.
2916 3206 3005 3261 16.
3046 3205 3148 3276 9)?
3174 3204 3436 3272 Quidnam
3478 3216 3562 3262 est
3588 3205 3740 3277 quod
3772 3206 3978 3262 dictum

2402 3308 2483 3352 est
2504 3298 2527 3350 τ
2550 3296 2688 3355 Nihil
2733 3298 3080 3363 contrarium,
3110 3312 3209 3353 nec
3235 3311 3535 3367 repugnans
3561 3297 3837 3367 prioribus,
3877 3312 3976 3353 seu

2402 3388 2557 3442 valde
2625 3388 2783 3443 etiam
2846 3388 3205 3443 consentiens.
3251 3385 3307 3441 In
3362 3388 3611 3457 pmsenti
3674 3388 3815 3442 enim
3865 3390 3975 3443 vita

2401 3476 2626 3534 faciendi
2674 3488 2799 3534 sunt
2851 3478 3006 3533 amici
3028 3518 3046 3543 ,
3100 3478 3354 3533 solvendo
3405 3478 3653 3549 pecunias
3675 3520 3689 3543 ,
3743 3494 3969 3548 erogan~

2403 3568 2473 3624 do
2510 3578 2572 3624 ac
2608 3568 2969 3623 consumendo
3012 3566 3291 3623 facultates
3331 3568 3383 3623 in
3413 3581 3628 3638 egenos.
3680 3568 3817 3624 Nihil
3838 3584 3969 3639 ergo

2406 3660 2493 3715 hic
2530 3660 2671 3715 aliud
2717 3648 2997 3731 significat,
3023 3659 3126 3714 nisi
3172 3659 3371 3729 largam
3418 3670 3473 3714 et
3517 3661 3781 3729 copiosam
3824 3659 3965 3715 elec-

2404 3767 2704 3823 mosynam.
2749 3752 2806 3808 Si
2846 3752 2987 3807 enim
3016 3766 3139 3808 cum
3187 3750 3318 3805 nihil
3363 3765 3548 3805 eorum
3589 3750 3794 3817 feceris,
3840 3751 3964 3807 illuc

2405 3844 2643 3909 raedae,
2698 3856 2856 3898 nemo
2892 3851 2946 3899 te
2990 3841 3259 3898 defendet.
3315 3842 3495 3911 Neque
3534 3843 3676 3896 enim
3719 3856 3811 3897 nos
3864 3841 3960 3897 de-

2405 3934 2572 3990 fendit
2604 3934 2813 3989 illorum
2857 3933 3110 3999 amicitia,
3148 3932 3241 3988 sed
3266 3932 3407 4001 quod
3446 3948 3513 3986 ex
3552 3946 3784 3988 mamona
3807 3933 3958 3987 amici

2407 4033 2530 4089 facti
2572 4031 2770 4087 fuerint
2798 4050 2813 4090 :
2841 4039 3122 4102 propterea
3152 4028 3365 4097 adjecit,
3392 4028 3590 4083 Amicos
3618 4044 3677 4082 ea:
3700 4044 3915 4081 rnamenta
3936 4069 3954 4095 ,

2408 4133 2467 4179 ut
2491 4124 2628 4178 scias
2654 4122 2794 4193 quod
2821 4122 2937 4191 ipsa
2970 4116 3057 4175 tui
3100 4134 3262 4189 opera
3294 4118 3387 4173 tibi
3424 4126 3641 4188 parcent
3667 4117 3704 4183 ⁸,
3733 4117 3953 4173 eleemo-

2409 4229 2561 4286 syna,
2588 4214 2889 4276 clementia,
2918 4214 2971 4267 in
2996 4226 3253 4282 pauperes
3270 4210 3650 4265 muniﬁcentia.
3674 4208 3792 4264 Nam
3819 4210 3951 4278 quod

2412 4319 2509 4358 nec
2538 4303 2807 4373 cognatio,
2838 4316 2937 4357 nec
2980 4301 3314 4356 necessitudo
3342 4300 3627 4371 quidquam
3652 4298 3800 4369 prosit
3835 4297 3952 4352 abs-

2410 4410 2513 4466 que
2542 4393 2809 4463 operibus,
2857 4392 2979 4447 audi
3018 4391 3160 4461 quod
3203 4391 3328 4445 dicit
3369 4390 3623 4459 propheta
3652 4406 3665 4444 :
3691 4389 3747 4443 Si
3776 4390 3949 4443 steterit

2414 4487 2548 4555 Noe,
2576 4498 2621 4541 et
2639 4486 2758 4552 Job,
2786 4498 2832 4539 et
2870 4485 3075 4551 Daniel,
3108 4485 3241 4553 filios
3267 4499 3385 4537 suos
3410 4493 3456 4535 et
3484 4483 3617 4551 ﬁlias
3636 4498 3742 4536 sua:
3773 4498 3861 4535 non
3884 4482 3946 4535 li-

2411 4583 2646 4635 berabant
2680 4578 2888 4650 (Ezech.
2931 4580 3020 4634 ﬂ.
3054 4579 3143 4634 M.
3177 4577 3287 4646 18).
3317 4577 3383 4630 Et
3415 4576 3541 4645 quid
3581 4575 3695 4629 ditio
3718 4575 3763 4628 in
3789 4574 3943 4629 futura

2411 4672 2538 4737 \ita,
2567 4670 2776 4740 quando
2804 4684 2901 4724 nec
2930 4669 2983 4723 in
3030 4666 3281 4738 praesenti
3309 4666 3592 4737 quidquam
3617 4666 3751 4733 juvat
3774 4667 3939 4721 amici-

2415 4763 2482 4816 tia
2510 4763 2531 4816 ?
2569 4761 2830 4827 Quantum
2862 4760 2993 4814 luxit
3018 4771 3075 4814 et
3115 4759 3259 4814 ﬂevit
3288 4757 3523 4823 Samuel,
3554 4767 3608 4813 et
3634 4757 3820 4813 Saulem
3845 4774 3938 4814 non

2412 4852 2604 4922 eripuit
2641 4852 2714 4922 (l.
2747 4850 2876 4919 Reg.
2912 4850 2996 4904 i5.
3027 4849 3118 4919 35)
3144 4848 3165 4902 ἲ
3195 4856 3448 4917 quantum
3481 4863 3606 4903 vero
3632 4858 3844 4916 precatus
3866 4863 3933 4904 est

2414 4942 2690 5005 Jeremias,
2718 4949 2771 4994 et
2796 4938 3009 4993 Iudaeos
3036 4938 3165 4993 nihil
3188 4938 3323 5007 juvit
3352 4937 3480 5010 (ler.
3516 4938 3601 4993 14.
3634 4939 3681 4992 7.
3708 4938 3818 5008 li)?
3844 4940 3936 4995 imo

2415 5034 2574 5087 etiam
2602 5033 2726 5085 dum
2756 5041 2933 5085 oraret
2960 5029 3057 5083 fuit
3101 5027 3476 5097 reprehensus.
3507 5028 3571 5080 Et
3599 5027 3713 5095 quid
3737 5028 3930 5095 miraris,

2415 5125 2457 5177 si
2486 5123 2615 5178 nihil
2655 5121 2849 5191 profuit
2873 5120 3154 5185 Jercmias,
3182 5118 3393 5188 quando
3421 5131 3518 5172 nec
3547 5116 3731 5171 Mosen)
3753 5118 3930 5187 quidem

2417 5217 2510 5279 ait,
2552 5216 2595 5268 si
2622 5213 2810 5268 fuisset
2837 5213 2924 5266 illo
2958 5221 3218 5279 tempore,
3251 5224 3466 5264 servare
3492 5209 3714 5279 potuisse
3734 5209 3927 5278 ludens,

2416 5305 2844 5375 quandoquidem
2868 5317 3051 5357 eorum
3100 5302 3396 5355 invaluerat
3423 5300 3673 5369 nequitia,
3698 5314 3776 5353 nec
3796 5315 3849 5355 et
3879 5316 3928 5357 se

2415 5400 2609 5467 aliquid
2640 5397 2925 5450 attulerant
2954 5392 3079 5464 (Jer.
3108 5393 3193 5448 15.
3228 5390 3322 5462 i)?

2487 5494 2539 5545 5.
2573 5490 2876 5547 Sanctorum
2900 5502 3099 5556 preces;
3129 5486 3310 5539 animt:
3346 5486 3595 5557 dignitas;
3635 5504 3762 5557 opera
3785 5500 3922 5539 neces-

2482 5668 2495 5697 ι
2532 5671 2669 5711 Juxta
2695 5662 2897 5709 Boisium
2920 5658 3179 5727 legendum
3197 5672 3346 5725 esset,
3369 5670 3623 5726 protegent,
3646 5677 3729 5727 pro,
3749 5670 3916 5725 Mrem.

2422 5730 2510 5776 Sed
2538 5733 2748 5783 vernum,
2774 5731 2985 5787 parcent,
3004 5726 3220 5787 quadrat.
