4070 6422
137 412 229 477 Β

136 544 253 583 sats
287 536 426 581 sunt.
464 556 540 566 —
583 523 855 590 Quantum
895 534 995 592 pro
1035 518 1232 575 laticis
1269 519 1589 574 lamentatus
1626 527 1711 574 est

138 617 327 685 lﬂus,
353 617 548 673 dicens
584 635 597 669 :
631 613 842 667 Fratres
859 654 873 675 ,
904 612 1040 666 bona
1065 610 1262 680 quidem
1285 610 1516 664 voluntas
1543 608 1711 662 cordis

136 709 217 761 ιιιιί
243 718 290 763 et
314 706 602 761 obsecratio
636 704 709 758 ad
743 703 908 759 Deum
945 711 1020 756 est
1057 715 1149 770 pro
1191 700 1314 770 ipsis
1340 699 1358 732 ¹
1395 698 1465 753 ad
1499 699 1712 753 salutent

138 798 305 869 (8..
336 796 429 852 ω.
460 793 581 865 l)?
604 794 745 863 Quid
771 809 900 864 ergo
928 791 1093 846 valuit
1120 789 1235 859 ejus
1262 788 1602 846 obsecratio?
1619 788 1705 844 Ni-

138 890 214 944 hﬂ.
238 890 300 945 Et
323 888 459 959 quid
484 888 617 943 dico
645 886 949 941 obsecratio
965 925 981 950 ,
1008 898 1129 939 cum
1154 897 1250 952 pro
1276 882 1354 936 eis
1389 895 1509 936 esse
1546 881 1709 936 etiam

138 981 391 1035 ultima
418 980 698 1050 optaverit
724 974 898 1050 (Rom.
928 974 983 1031 9.
1016 974 1090 1044 '5)
1114 972 1138 1026 τ
1166 972 1302 1040 Quid
1326 972 1495 1042 ergo?
1519 980 1713 1026 suntm

133 1084 525 1139 manu
576 1076 885 1123 sanctorum
917 1063 1150 1134 preces?
1191 1061 1537 1131 Nequaquam
1566 1102 1581 1126 ,
1613 1060 1709 1116 sed

134 1175 321 1231 οπως
339 1161 513 1215 etiam
536 1158 689 1212 vires
712 1154 931 1219 habent,
958 1152 1173 1224 quando
1192 1161 1246 1206 tu
1272 1164 1484 1222 quoque
1511 1151 1592 1205 eis
1618 1164 1712 1203 au-

135 1248 290 1304 siium
316 1248 534 1305 tuleris.
573 1246 650 1301 Ita
680 1245 843 1301 etiam
874 1244 1063 1299 Petrus
1092 1241 1365 1296 suscitavit
1389 1239 1671 1294 Tabitham
1689 1279 1707 1303 ,

131 1355 216 1394 sua
236 1340 411 1395 solun
432 1338 718 1403 oratione,
746 1334 840 1390 sed
863 1335 1023 1389 etiam
1049 1331 1188 1386 illius
1212 1331 1551 1401 eleemosyna
1570 1328 1709 1399 (Act.

130 1430 175 1486 9.
198 1432 278 1486 56.
304 1428 466 1501 sqq.)
497 1447 513 1481 :
544 1429 620 1482 ita
646 1425 819 1481 sancti
845 1432 1061 1479 orantes
1097 1422 1230 1476 alios
1264 1420 1603 1490 adjuverunt.
1644 1419 1712 1473 Et

128 1522 212 1578 ius
236 1522 448 1592 quidem
483 1520 598 1584 hic,
627 1518 719 1573 ubi
746 1516 973 1572 stadium
1002 1523 1085 1570 est
1111 1524 1165 1570 et
1192 1514 1330 1568 lucta
1359 1530 1371 1565 :
1396 1512 1507 1567 illic
1529 1520 1707 1566 autem

128 1613 236 1667 iii
261 1614 483 1676 borum,
516 1610 616 1665 sed
642 1616 729 1663 est
748 1624 814 1664 ex
838 1607 964 1661 solis
992 1604 1145 1660 factis
1170 1605 1330 1658 salus.
1364 1602 1593 1658 Pulchre
1614 1616 1709 1656 au-

124 1714 215 1757 u-
238 1701 323 1756 bic
358 1700 683 1755 ludiﬁcatur
711 1697 903 1752 divites
926 1734 942 1758 ,
972 1704 1026 1750 et
1069 1708 1162 1749 eos
1199 1693 1288 1763 qui
1329 1693 1705 1747 intumescunt.

122 1794 279 1864 Eque
313 1795 466 1849 enim
508 1792 654 1847 dixit
680 1831 695 1853 ,
726 1789 827 1857 Qui
872 1788 1071 1841 habent
1112 1786 1394 1855 pecunias,
1438 1798 1536 1839 nec
1558 1823 1575 1849 ,
1602 1782 1703 1851 Qui

116 1898 338 1952 meum
385 1881 601 1935 habent
642 1877 938 1949 potentiam
970 1893 985 1930 :
1016 1874 1108 1930 sed
1132 1916 1147 1938 ,
1195 1874 1297 1938 Qui
1343 1870 1607 1941 conﬁdunt
1648 1872 1704 1925 in

119 1974 419 2030 diudiu
442 1972 749 2026 divitiarum
771 1983 999 2031 suarum,
1025 1975 1072 2019 et
1088 1965 1139 2018 in
1154 1965 1258 2018 suis
1271 1961 1458 2017 viribus
1471 1961 1703 2034 glorian-

116 2076 203 2131 υ,
220 2064 579 2123 eosirridens
603 2070 661 2117 et
687 2062 955 2117 insectans
980 2101 993 2122 ,
1019 2058 1159 2129 quod
1186 2057 1386 2113 umbris
1410 2055 1702 2122 conﬁdant,

116 2162 167 2210 et
197 2164 411 2226 propter
449 2153 671 2208 fumum
712 2165 775 2206 se
802 2149 1094 2205 venditent.
1133 2147 1299 2202 Recte
1326 2154 1503 2201 autem
1527 2145 1698 2211 dixit,

117 2244 323 2301 Pedium
350 2240 731 2314 redemptionis
760 2243 947 2295 anima
973 2254 1081 2295 sua:
1119 2255 1221 2292 non
1261 2237 1400 2291 dabit
1425 2253 1446 2290 :
1475 2236 1703 2305 pretium

111 2338 233 2392 eius
256 2336 458 2392 assitme
486 2349 603 2389 non
618 2341 704 2387 est
725 2346 797 2387 ne
824 2330 1108 2385 universus
1126 2327 1340 2397 quidem
1362 2326 1610 2380 mundus.
1639 2323 1706 2379 Et

114 2428 216 2482 ideo
238 2427 460 2482 dicebat
495 2443 513 2480 :
550 2424 691 2491 Quid
714 2422 915 2492 prodest
940 2420 1131 2474 homini
1159 2419 1203 2472 si
1230 2418 1515 2471 universum
1552 2431 1703 2469 mun-

109 2519 499 2581 laberetur,
531 2514 724 2567 enim
746 2520 912 2565 autent
948 2524 1057 2564 sua
1095 2508 1445 2563 detrimentum
1480 2506 1703 2577 patiatur

110 2610 300 2677 unus.
322 2606 415 2664 {6.
439 2606 585 2677 26)?
606 2604 678 2660 Ut
696 2612 875 2659 autem
905 2601 1044 2658 scias
1062 2616 1130 2657 ne
1154 2603 1460 2655 unlversum
1486 2596 1701 2669 quidem

110 2699 345 2756 nandum
393 2711 531 2753 esse
568 2696 803 2765 pretium
844 2692 1074 2758 animm,
1115 2689 1239 2745 audi
1276 2688 1526 2760 quidnam
1558 2687 1701 2743 Pan-

114 2794 185 2844 lus
210 2791 355 2845 dicat
379 2788 450 2843 de
474 2785 606 2840 aliis
631 2785 836 2840 sanctis
861 2799 878 2839 :
908 2781 1272 2838 Circumierunt
1305 2782 1358 2837 in
1391 2778 1551 2837 asinis
1572 2788 1622 2833 ct
1648 2780 1702 2835 in

108 2879 307 2948 capri-is
331 2873 591 2947 pellibus.
614 2879 845 2942 egentes,
866 2872 1053 2941 pressi,
1079 2870 1249 2943 uﬂlicti
1264 2911 1281 2935 ,
1314 2868 1493 2936 quibus
1516 2869 1701 2940 dignus

107 2986 195 3023 asa
215 2979 323 3025 erat
350 2965 591 3022 medus
618 2961 804 3034 (Hebr.
831 2963 915 3018 ll.
938 2961 1028 3016 57.
1054 2961 1165 3031 38).
1194 2958 1421 3015 Iundus
1445 2961 1588 3014 enim
1617 2968 1700 3015 est

106 3071 306 3131 propter
329 3058 603 3114 animam.
635 3051 1093 3123 Quemadmodum
1122 3065 1251 3122 ergo
1281 3065 1385 3104 non
1428 3048 1698 3119 acceperit

108 3150 484 3218 pterdomnm
516 3160 621 3216 pro
639 3144 771 3210 lilio,
795 3145 867 3199 ita
889 3158 987 3199 nec
1011 3143 1155 3199 Deus
1174 3138 1431 3195 mundum
1460 3154 1558 3210 pro
1581 3141 1697 3193 ani-

110 3254 218 3304 na;
248 3238 344 3294 sed
371 3235 641 3307 operibus
679 3242 736 3287 et
760 3240 921 3291 recte
958 3228 1114 3285 factis
1142 3244 1275 3299 opus
1299 3237 1400 3283 est.
1433 3225 1525 3282 Vis
1559 3227 1699 3282 scire

106 3337 345 3395 quantum
397 3327 473 3381 sit
530 3322 762 3393 pretium
811 3320 1103 3374 animarum
1156 3316 1500 3371 nostrarum?
1551 3313 1697 3370 Red-

107 3430 372 3488 eupturus
398 3429 530 3472 eam
561 3411 903 3483 Unigvnitus,
932 3427 1036 3463 non
1077 3405 1331 3462 mundum
1379 3406 1561 3472 dedit,
1589 3421 1695 3461 nou

109 3508 387 3575 hominem,
408 3520 526 3562 non
548 3516 772 3571 terram,
806 3516 918 3556 non
938 3514 1103 3566 mare,
1116 3499 1209 3554 sed
1231 3512 1384 3554 suum
1406 3498 1695 3567 pretiosum

108 3606 430 3672 nquinem.
467 3596 737 3667 Quocirca
779 3590 991 3648 dicebat
1034 3590 1229 3646 Paulus
1272 3605 1287 3642 :
1330 3586 1504 3643 Pretio
1543 3590 1698 3659 empti

106 3694 228 3753 suis,
248 3691 412 3746 nolite
436 3688 556 3758 ﬁeri
573 3686 705 3740 serui
731 3684 988 3738 hominum
1016 3681 1091 3749 (Ι.
1116 3680 1234 3735 Cor.
1256 3676 1309 3734 7.
1339 3677 1413 3733 23
1431 3678 1475 3751 ).
1506 3675 1694 3733 Vidisti

109 3781 522 3853 nagnitmlinem
546 3776 743 3847 pretii?
769 3771 993 3843 Quando
1018 3787 1144 3843 ergo
1162 3785 1280 3826 eam
1311 3770 1438 3824 tanti
1461 3778 1693 3838 emptam

108 3872 391 3939 perdideris
413 3911 433 3936 ,
476 3867 751 3939 quomodo
780 3865 977 3936 poteris
1016 3878 1134 3919 eam
1172 3860 1427 3932 deinceps
1468 3862 1692 3917 emere?

106 3962 323 4019 Cbristus
351 3962 493 4015 etaim
516 3976 551 4012 ι
576 3956 785 4011 mortuis
803 3953 1089 4017 suscitatus,
1111 3969 1213 4007 non
1237 3952 1460 4022 amplius
1480 3950 1693 4005 moritur

108 4051 281 4121 (και.
306 4054 371 4109 ϐ.
400 4049 506 4123 9).
540 4045 727 4103 Vidisti
762 4061 921 4117 quam
963 4046 1033 4099 sit
1082 4043 1311 4113 pretiosa
1365 4042 1539 4097 anima
1574 4080 1591 4106 ,
1639 4050 1695 4096 et

104 4157 281 4215 quanta
311 4145 391 4200 sit
429 4141 552 4210 ejus
587 4138 853 4208 dignitas?
888 4134 967 4191 Ne
1010 4149 1128 4190 eam
1174 4148 1303 4203 ergo
1344 4132 1614 4203 negligas,
1642 4142 1695 4188 et

106 4237 360 4305 captivam
387 4231 617 4288 ellleias.
646 4226 715 4282 Et
740 4222 981 4282 laboravit
1004 4227 1056 4279 in
1076 4234 1352 4289 aeternum,
1377 4222 1466 4278 lo.
1498 4230 1543 4275 et
1569 4222 1694 4275 vivet

106 4329 147 4379 is
163 4328 340 4396 ﬁnem.
372 4323 531 4379 Alius
557 4322 819 4388 interpres
844 4317 1008 4381 dixit,
1044 4316 1109 4370 Et
1137 4316 1320 4384 quierit
1347 4316 1400 4368 in
1426 4315 1689 4369 steculnm.

112 4423 266 4487 Διὶ-ς,
291 4420 431 4475 Cum
456 4414 661 4469 desierit
680 4411 794 4465 huic
812 4411 1019 4475 sinente,
1045 4409 1171 4462 vivet
1190 4408 1244 4461 in
1262 4416 1521 4462 internum.
1542 4405 1689 4471 Quo-

106 4513 227 4566 uians
256 4511 413 4566 enim
441 4506 581 4560 dixit
603 4503 668 4557 de
692 4502 967 4565 divitibus,
997 4499 1245 4568 quoniam
1267 4497 1398 4552 dixit
1416 4496 1485 4550 de
1505 4504 1692 4567 poten-

108 4604 225 4659 tibus
244 4645 261 4665 ,
294 4608 362 4655 et
388 4594 629 4652 ostendit
653 4608 722 4648 ex
750 4590 834 4647 his
861 4589 992 4645 nihil
1023 4588 1157 4643 lucri
1186 4588 1298 4641 lieri
1332 4605 1346 4641 :
1380 4586 1510 4641 dicit
1532 4584 1688 4641 dein-

103 4706 210 4759 cepa
232 4691 308 4748 de
330 4690 404 4743 iis
421 4687 516 4756 qui
543 4686 787 4738 vixerunt
815 4681 868 4735 in
899 4679 1112 4743 virtute,
1142 4676 1210 4732 de
1241 4676 1306 4731 iis
1329 4675 1418 4746 qui
1442 4675 1688 4731 vixerunt

107 4781 147 4833 in
170 4778 458 4838 laboribus
485 4784 543 4829 et
568 4771 943 4827 afﬂictionibus
965 4810 982 4835 ,
1026 4782 1224 4824 acuens
1252 4763 1480 4821 athletas
1505 4766 1688 4837 philo-

104 4871 313 4939 sophia.
360 4864 486 4920 Noli
526 4864 667 4917 enim
705 4861 807 4915 hoc
843 4858 974 4913 mihi
1012 4856 1227 4923 dicere,
1254 4852 1361 4922 ait,
1396 4870 1688 4910 aerumnam

106 4958 249 5017 ilia
272 4957 530 5013 laborem
554 4949 925 5007 cxantlandum’
956 4948 1151 5012 fuisse;
1184 4961 1369 5002 verum
1410 4945 1688 5001 considera

106 5049 347 5113 imm,
373 5043 523 5117 quod
546 5041 708 5098 homo
726 5040 797 5096 sit
816 5035 1153 5103 immortalis,
1179 5034 1321 5107 quod
1340 5036 1448 5090 vita
1471 5036 1688 5091 immor-

107 5141 202 5197 tak
228 5138 514 5207 excipiat,
539 5134 647 5188 vita
671 5146 791 5202 quae
819 5132 977 5186 linem
1004 5144 1111 5184 non
1138 5128 1317 5184 habet.
1349 5127 1560 5195 Quanto
1585 5127 1684 5198 igi-

106 5240 173 5284 tur
192 5230 267 5286 sit
298 5226 540 5286 melius,
568 5237 690 5277 cum
720 5220 809 5275 hic
834 5234 1021 5290 parum
1049 5217 1378 5273 laboraveris
1397 5259 1412 5283 ,
1444 5218 1683 5287 requiem

106 5331 347 5377 ater-ma
392 5314 612 5386 assequi
638 5354 654 5378 ,
683 5326 842 5383 quam
877 5326 999 5365 cum
1036 5309 1123 5366 hic
1151 5310 1245 5366 tibi
1287 5324 1574 5381 parumper
1601 5313 1685 5366 in-

105 5408 345 5473 dulseri,
376 5414 636 5479 perpetuo
654 5401 880 5459 cruciari
902 5400 927 5455 ἲ
947 5398 1149 5458 Deinde
1173 5400 1462 5456 ostendens
1483 5414 1589 5455 non
1620 5400 1683 5456 il-

104 5498 157 5554 lis
173 5502 360 5558 solum
386 5510 513 5551 esse
536 5492 756 5564 praemia
783 5499 837 5547 et
855 5503 1120 5558 coronas;
1151 5488 1246 5545 sed
1265 5490 1426 5545 etiam
1454 5490 1540 5545 hic
1553 5502 1685 5561 quo-

105 5603 344 5659 quenec
388 5584 645 5657 principia
682 5582 1026 5655 praemiorum
1049 5621 1066 5647 ,
1107 5579 1412 5652 subiunxit:
1440 5580 1529 5637 ll.
1562 5578 1684 5636 Non

104 5681 276 5738 “desit
305 5679 575 5734 interim
595 5716 612 5743 ,
644 5690 761 5729 cm
800 5670 978 5727 rideri!
1016 5672 1264 5745 sapientes
1290 5672 1573 5727 morientes.
1606 5668 1683 5727 Ne

152 5813 171 5847 ⁸
196 5820 333 5866 ιω·
357 5810 473 5861 σαι.
489 5844 506 5867 ,
527 5820 617 5873 pro
644 5807 815 5860 Israel.

1228 403 1586 468 EXI‘OSiTIO
1623 405 1689 464 IN
1728 404 2049 464 PSALMUM
2084 402 2312 460 XLVIII.

3306 402 3409 460 230

1820 518 1961 572 enim
1996 516 2123 571 mihi
2162 515 2346 581 dicas,
2396 514 2741 571 Solummodo
2786 517 2961 571 futura
3008 519 3290 587 promittis.
3335 523 3408 576 Du

1820 609 1911 663 tibi
1940 608 2027 663 hic
2050 609 2210 662 etiam
2243 609 2461 678 pignora
2488 622 2806 663 coronarum
2836 648 2851 671 ,
2894 610 2999 663 imo
3032 625 3158 665 vero
3198 612 3409 668 arrham

1819 700 1988 767 ipsam
2012 708 2067 754 et
2094 700 2330 769 pnemia.
2352 698 2647 767 Quomodo,
2672 710 2724 755 et
2744 714 2973 771 quanam
3001 703 3245 758 ratione?
3266 705 3404 773 Qun-

1817 790 1958 845 niam
1983 792 2073 863 qui
2103 790 2525 861 philosophatur,
2543 799 2597 847 et
2626 806 2722 861 spe
2751 792 3047 847 futurorum
3071 794 3315 864 erigitur,
3346 817 3415 859 ne

1817 892 2044 940 mortem
2066 882 2278 953 quidem
2302 891 2526 939 mortem
2547 898 2667 938 esse
2689 883 2889 953 putabit
2911 902 2923 938 :
2942 885 3035 940 sed
3063 885 3245 941 videns
3267 901 3407 940 mor-

1818 981 1963 1026 tuum
1981 971 2248 1041 iacentem
2270 980 2394 1028 ante
2412 972 2616 1038 oculos,
2638 987 2742 1027 non
2766 973 2838 1027 ita
2866 972 3129 1028 afﬁcietur
3152 984 3209 1028 ut
3232 975 3403 1041 multi,

1816 1076 1937 1117 cum
1954 1062 2093 1132 apud
2111 1074 2171 1118 se
2189 1072 2396 1133 reputet
2414 1077 2661 1129 coronas,
2682 1063 2922 1132 praemia,
2941 1062 3077 1117 bona
3097 1063 3405 1129 ineffabilia,

1814 1167 1933 1221 qua:
1954 1168 2129 1221 neque
2153 1153 2341 1208 oculus
2357 1153 2503 1217 vidit,
2524 1167 2623 1208 nec
2638 1153 2782 1209 auris
2801 1153 3003 1208 audivit
3025 1154 3101 1226 (9..
3121 1153 3307 1208 (ἔοι-,2.
3322 1155 3403 1227 9),

1814 1244 1976 1296 vitam
2003 1243 2145 1298 illam
2168 1281 2184 1308 ,
2207 1241 2504 1299 ducendam
2530 1257 2649 1298 cum
2675 1243 2876 1313 angelis
2900 1242 3177 1301 choreum.
3204 1243 3405 1310 Quem-

1812 1334 2101 1391 admodum
2118 1349 2246 1405 ergo
2265 1336 2496 1405 agricola
2519 1350 2640 1391 cum
2664 1335 2809 1391 videt
2834 1334 3163 1393 frumentum
3184 1335 3401 1393 dissolvi

1813 1435 1869 1480 et
1898 1426 2134 1490 interire,
2162 1440 2267 1479 non
2289 1425 2471 1496 abjicit
2496 1425 2753 1492 animum,
2776 1440 2878 1480 nec
2896 1439 3131 1481 maerore
3151 1424 3401 1493 allicitur,

1813 1513 1909 1569 sed
1952 1524 2077 1569 tunc
2120 1514 2350 1570 maxime
2385 1514 2617 1570 exsultat
2650 1524 2704 1570 et
2746 1516 2973 1581 laetatur,
3001 1519 3179 1571 sciens
3207 1518 3321 1572 fore
3345 1528 3403 1572 ut

1810 1602 1903 1660 ille
1933 1603 2174 1659 interitus
2201 1604 2271 1659 sit
2294 1613 2445 1659 ortus
2474 1605 2713 1660 melioris
2742 1605 3059 1675 principium
3082 1646 3095 1669 ,
3127 1614 3184 1661 et
3211 1605 3401 1662 funda-

1814 1704 2050 1751 mentum
2082 1694 2299 1766 majoris
2327 1693 2613 1751 fertilitatis
2640 1712 2655 1748 :
2687 1695 2760 1751 ita
2789 1697 2948 1751 etiam
2970 1694 3168 1765 justus,
3195 1697 3285 1766 qui
3311 1713 3401 1753 re-

1812 1795 1899 1841 cte
1943 1786 2093 1841 factis
2119 1786 2412 1855 gloriatur,
2455 1793 2511 1841 et
2554 1800 2775 1857 regnum
2819 1786 3058 1857 quotidie
3086 1796 3401 1858 exspectat,

1811 1877 2026 1949 quando
2064 1879 2255 1933 viderit
2291 1888 2516 1934 mortem
2556 1879 2711 1934 sitam
2749 1889 2872 1933 ante
2902 1880 3085 1935 oculos
3108 1920 3126 1948 ,
3169 1896 3273 1936 non
3300 1896 3400 1937 an-

1811 1970 1973 2039 gitur,
2008 1983 2106 2025 nec
2129 1983 2189 2024 se
2216 1968 2437 2025 afﬂictat
2463 1978 2521 2025 ut
2558 1970 2750 2037 multi,
2793 1974 2905 2025 non‘
2942 1981 3166 2027 vexatur
3189 1981 3246 2028 et
3280 1987 3401 2044 per-

1813 2061 2055 2115 turbatur
2076 2076 2091 2114 :
2114 2061 2214 2115 scit
2233 2060 2399 2128 enim,
2421 2070 2645 2117 mortem
2664 2062 2728 2116 iis
2744 2061 2832 2132 qui
2854 2072 2997 2118 recte
3016 2063 3261 2119 vixerunt
3279 2079 3399 2121 esse

1810 2149 2178 2220 migrationem
2209 2160 2263 2207 et
2292 2151 2569 2206 transitum
2610 2151 2677 2207 ad
2721 2153 2939 2208 meliora
2962 2192 2979 2219 ,
3005 2162 3061 2209 et
3086 2167 3302 2209 cursum
3330 2155 3397 2209 ad

1808 2240 2146 2312 accipiendas
2168 2256 2413 2297 coronas.
2441 2242 2710 2311 Quosnam
2733 2252 2913 2299 autem
2940 2243 3070 2299 dicit
3094 2246 3398 2315 sapientes?

1810 2330 1925 2387 Non
1945 2346 2040 2388 eos
2057 2332 2148 2403 qui
2169 2346 2294 2388 vere
2313 2340 2438 2387 sunt
2458 2334 2746 2403 sapientes,
2769 2333 2863 2389 sed
2883 2334 2973 2405 qui
2990 2334 3259 2405 sapientes
3277 2350 3400 2392 esse

1806 2420 2199 2478 existimantur.
2229 2421 2353 2478 Mihi
2380 2432 2563 2479 autem
2592 2422 2802 2479 videtur
2822 2424 3004 2481 dicere
3032 2434 3286 2482 externos
3312 2442 3399 2483 sa-

1808 2511 2035 2583 pientes,
2063 2527 2159 2569 eos
2184 2512 2304 2569 ideo
2330 2511 2559 2571 irridens
2577 2553 2593 2581 ,
2621 2513 2762 2584 quod
2790 2528 2911 2569 cum
2939 2513 3249 2571 viderentur
3276 2530 3397 2572 esse

1805 2602 2073 2671 sapientes
2096 2643 2111 2667 ,
2143 2602 2291 2659 stulti
2326 2602 2449 2659 iacti
2470 2605 2577 2660 sint
2594 2644 2608 2668 ,
2630 2619 2750 2659 cum
2777 2604 2846 2662 de
2872 2606 3262 2663 resurrectione
3288 2622 3397 2663 non

1803 2694 1911 2748 sint
1938 2693 2295 2766 philosOpbati
2324 2695 2499 2768 (Rom.
2531 2696 2585 2750 1.
2613 2695 2745 2768 22).

1877 2783 2022 2839 Mors
2034 2785 2366 2841 substantiam
2378 2803 2482 2841 non
2500 2786 2762 2854 interimit;
2792 2790 3093 2845 resurrectio
3111 2805 3273 2845 comm
3279 2794 3391 2846 unis

1802 2875 2047 2929 omnium.
2060 2904 2131 2915 —-
2145 2875 2368 2942 Quando
2388 2891 2517 2947 ergo
2542 2876 2730 2933 viderit
2749 2878 2871 2935 illos
2895 2879 3243 2950 philosophos
3262 2895 3384 2951 per-

1800 2976 2010 3032 euntes,
2022 2981 2144 3022 cum
2159 2967 2423 3032 lamentis,
2438 2968 2766 3039 lacrytnis,et
2778 2969 2917 3024 lucta
2930 2970 3119 3035 elatos,
3134 2979 3261 3027 tunc
3274 2971 3390 3042 ipsc

1803 3054 1934 3109 nihil
1961 3055 2065 3111 tale
2093 3056 2339 3126 patietur,
2369 3056 2463 3111 sed
2490 3059 2592 3112 erit
2615 3059 2735 3113 telis
2764 3058 3024 3129 ejusmodi
3044 3063 3306 3130 superior,
3337 3077 3393 3117 ut

1801 3144 1891 3215 qui
1932 3144 2070 3201 bona
2102 3159 2199 3215 spe
2239 3146 2494 3218 erigatur,
2535 3156 2592 3204 et
2632 3148 2767 3204 sciat
2804 3151 2948 3206 hunc
2977 3150 3249 3208 interitum
3285 3169 3391 3209 neu

1803 3235 2109 3292 interimere
2137 3236 2507 3305 substantiam,
2547 3239 2641 3295 sed
2680 3249 2883 3297 tantum
2912 3244 3310 3309 mortalitatem,
3340 3259 3392 3302 et

1800 3328 2193 3397 corruptionem
2224 3343 2559 3387 consumere.
2588 3331 2715 3387 Ilaec
2746 3334 2885 3388 enim
2911 3349 3057 3390 mors
3084 3350 3191 3391 non
3218 3338 3392 3407 perdit

1798 3434 2014 3491 corpus,
2045 3420 2139 3476 sed
2166 3422 2434 3477 consumit
2461 3425 2857 3495 corruptionem
2882 3442 2897 3481 :
2919 3426 3215 3483 substantia
3241 3429 3387 3484 enim

1800 3520 2014 3576 manet,
2039 3519 2094 3566 et
2118 3512 2345 3583 resurgit
2368 3528 2487 3569 cum
2515 3514 2702 3584 majori
2730 3524 2785 3571 et
2810 3516 3052 3587 ampliori
3077 3517 3267 3589 gloria,
3295 3521 3391 3576 sed

1800 3615 1907 3654 non
1934 3602 2194 3657 onmium.
2221 3594 2562 3658 Resurrectio
2590 3605 2733 3659 enim
2759 3606 2863 3660 erit
2885 3607 3124 3663 omnium
3150 3622 3391 3665 commu-

1799 3691 1883 3747 nis
1916 3709 1929 3744 :
1962 3692 2282 3747 resurrectio
2324 3704 2501 3749 autem
2543 3711 2663 3750 cum
2706 3697 2871 3766 gloria
2894 3738 2909 3764 ,
2951 3701 3251 3756 communis
3288 3702 3391 3757 erit

1798 3798 1982 3839 eorum
2020 3784 2109 3854 qui
2146 3795 2290 3841 recte
2337 3786 2601 3842 vixerunt.
2649 3787 2820 3844 Simul
2847 3789 3089 3860 insipiens
3127 3802 3174 3847 et
3202 3793 3389 3848 stultus

1799 3873 2061 3944 peribunt,
2094 3873 2179 3928 12.
2212 3882 2258 3927 et
2291 3874 2571 3943 relinquent
2597 3876 2776 3932 alienis
2802 3878 3004 3933 diuitias
3028 3896 3168 3935 suas.
3204 3880 3274 3936 Et
3297 3897 3384 3937 se-

1799 3965 1975 4035 pulcra
2017 3980 2190 4019 eorum
2235 3966 2415 4020 domus
2442 3983 2615 4021 eorum
2650 3968 2702 4022 in
2740 3978 2983 4026 aeternum
3013 3987 3033 4024 :
3062 3973 3388 4029 tabernacula

1797 4071 1970 4111 eorum
1994 4056 2045 4109 in
2071 4055 2358 4126 progeniem
2396 4065 2442 4109 et
2482 4057 2768 4128 progeniem
2796 4075 2816 4114 :
2848 4070 3147 4115 vocaverunt
3178 4064 3385 4117 nomina

1798 4164 1888 4201 sua
1907 4149 1958 4200 in
1986 4147 2131 4201 terris
2155 4148 2279 4201 suis.
2306 4148 2456 4203 Alius
2478 4148 2627 4216 dicit,
2660 4149 2786 4215 Qum
2802 4160 2919 4205 sunt
2942 4152 3075 4205 intra
3099 4153 3277 4209 domos
3300 4169 3386 4208 eo-

1794 4254 1909 4290 rum
1937 4238 1991 4292 in
2018 4246 2278 4293 a'teruum.
2309 4238 2489 4306 Alius,
2521 4237 2872 4295 Habitationes
2897 4258 3070 4298 eorum
3092 4245 3146 4298 in
3171 4261 3386 4317 genera-

1798 4329 1981 4382 tionem
2006 4368 2020 4394 ,
2068 4329 2381 4385 nominantes
2416 4331 2699 4385 nominibus
2721 4333 2825 4386 suis
2864 4340 3023 4388 terras
3053 4334 3091 4387 ¹.
3128 4335 3383 4392 Ilcbrrcus

1796 4430 1971 4475 autem
1992 4462 2006 4483 ,
2037 4422 2129 4476 Alc
2164 4422 2439 4481 adamotlt.

1867 4513 1921 4568 6.
1953 4512 2143 4569 Vidisti
2166 4513 2433 4583 quomodo
2457 4529 2562 4567 non
2585 4513 2754 4569 solum
2779 4530 2844 4569 ex
2872 4514 3085 4583 futuris,
3109 4516 3203 4571 sed
3230 4532 3294 4573 ex
3322 4518 3386 4571 iis

1793 4606 1953 4659 etiam
1977 4619 2095 4674 qua:
2117 4604 2203 4660 hic
2228 4604 2478 4659 eveniunt
2499 4603 2745 4668 ,abducit
2765 4620 2794 4659 a
2823 4606 2949 4661 vitio
2969 4616 3025 4663 et
3044 4607 3112 4662 ab
3137 4610 3381 4674 avaritia,

1793 4704 1850 4751 et
1873 4693 2088 4751 deducit
2111 4694 2179 4749 ad
2206 4694 2474 4758 virtutem,
2506 4694 2560 4749 in
2588 4695 2826 4764 pecuniis
2852 4696 3207 4766 congerendis
3235 4699 3383 4753 insa-

1796 4787 1937 4841 niam
1957 4800 2241 4850 coercens,
2271 4794 2326 4840 et
2348 4800 2443 4841 eos
2464 4785 2553 4855 qui
2582 4784 2929 4853 praesentibus
2958 4786 3182 4855 inhiant,
3211 4802 3382 4859 eaque

1793 4879 2143 4945 admirantur,
2165 4877 2359 4933 stultos
2381 4891 2600 4944 vocans,
2630 4884 2684 4932 et
2710 4876 2761 4930 id
2782 4892 2879 4948 per
2906 4892 2995 4932 res
3023 4877 3167 4946 ipsas
3194 4887 3381 4934 osten-

1792 4968 1967 5025 dens?
1989 4966 2129 5035 Quid
2147 4976 2231 5023 est
2246 4966 2415 5030 enim,
2430 4965 2540 5031 dic,
2569 4979 2774 5035 quaeso,
2804 4965 3021 5021 stultius
3045 4965 3264 5023 homine
3290 4970 3382 5038 qui

1792 5062 2017 5125 laborat,
2046 5070 2098 5117 et
2125 5075 2185 5115 se
2210 5060 2501 5126 excruciat,
2531 5068 2586 5113 et
2611 5067 2785 5114 tantas
2810 5073 2939 5129 opes
2967 5069 3292 5130 congregat,
3324 5074 3385 5115 ut

1791 5167 1855 5208 ex
1884 5152 2001 5223 ejus
2026 5150 2297 5205 laboribus
2324 5150 2412 5204 alii
2442 5164 2503 5205 se
2530 5149 2799 5218 voluptate
2827 5150 3114 5219 expleant?
3144 5150 3271 5221 quid
3299 5164 3381 5207 est

1792 5242 1893 5300 hoc
1920 5243 2062 5298 inani
2091 5242 2273 5299 labore
2298 5240 2534 5297 deterius
2553 5282 2569 5308 ,
2597 5239 2811 5310 quando
2835 5243 2948 5311 ipse
2974 5240 3188 5311 quidem
3214 5241 3381 5297 sudu-

1792 5348 1879 5390 res
1904 5341 1958 5388 et
1984 5332 2194 5388 labores
2222 5345 2505 5403 perpessus
2530 5329 2853 5396 decesserit,
2881 5330 2998 5386 aliis
3036 5340 3215 5386 autem
3243 5329 3381 5389 divi-

1793 5427 1897 5481 tias
1924 5423 2174 5481 fruendas
2198 5423 2509 5494 reliquerit,
2542 5431 2597 5477 et
2620 5435 2721 5478 nec
2744 5421 3009 5494 aliquibus
3032 5422 3251 5495 quidem
3280 5439 3378 5479 ne-

1835 5575 1853 5608 ί
1891 5572 2009 5624 Haec
2045 5571 2198 5623 lectio
2226 5575 2305 5621 est
2337 5569 2651 5632 Symmachi:
2682 5569 2899 5619 secunda
2928 5582 3042 5631 pars
3075 5567 3354 5632 Symmachi

1770 5635 1937 5685 fertur
1953 5632 2010 5683 in
2036 5631 2277 5696 l-lcxaplis
2300 5629 2514 5692 nostris,
2548 5630 2632 5681 ubi
2652 5634 2868 5694 legitur,
2912 5629 3233 5696 extendente;
3280 5629 3355 5693 ἐπ’

1771 5722 2034 5835 gremioin
2086 5693 2241 5770 atith
2285 5721 2369 5777 τὰς
2406 5722 2562 5784 γαίας.
2611 5693 2767 5770 Hebr.
2816 5719 3007 5770 nm
3040 5693 3158 5779 ἦν.
3203 5729 3352 5781 super

1820 5798 1903 5833 rru
1935 5822 1945 5833 .

1820 5798 1945 5833 rrus.
