4070 6436
742 442 843 496 €75!

740 548 987 605 cessariis
1006 555 1060 602 et
1078 544 1126 600 ei
1156 541 1504 597 familiaritate
1524 533 1839 605 conjunctis,
1866 528 1957 585 sed
1981 541 2123 596 saepe
2146 524 2305 579 etiam

743 638 981 694 hostibus
1004 644 1059 691 et
1082 630 1352 688 inimicis?
1378 628 1446 683 Ει
1480 628 1603 683 ideo
1640 640 1746 680 non
1776 619 1946 686 dixit,
1973 617 2104 672 Aliis
2121 656 2137 681 ,
2178 614 2271 667 sed
2289 652 2305 675 ,

743 728 933 784 Alienis
958 726 1232 791 relinquent
1257 720 1454 774 divitias
1476 732 1611 771 snas.
1643 709 1780 783 Quid
1807 719 1891 766 est
1912 716 2108 772 autem,
2142 701 2312 761 Simtn'

742 818 983 889 insipiens
1022 824 1068 868 et
1103 814 1284 869 stultus
1323 810 1548 881 peribunt
1566 807 1593 860 7
1618 802 1786 861 Simul
1810 815 1945 889 cum,
1960 798 2027 853 iis
2048 795 2139 889 qui
2166 795 2313 889 prius

745 881 872 965 dicii
895 914 1054 969 sunt,
1085 903 1270 972 inquit.
1314 900 1411 954 llic
1445 897 1571 952 mihi
1597 894 1803 951 videtur
1841 888 2000 946 verba
2043 885 2217 940 facere
2244 881 2311 937 de

748 998 943 1069 impiis,
972 995 1062 1065 qui
1089 992 1184 1047 toti
1213 990 1374 1046 rebus
1398 984 1748 1058 praesentibus
1770 978 1913 1035 afﬁxi
1943 984 2084 1069 sunt,
2116 986 2314 1042 easque

750 1066 1077 1158 suspiciunt,
1104 1082 1170 1137 de
1196 1078 1382 1135 futuris
1400 1085 1576 1131 autem
1602 1073 1734 1130 nihil
1762 1066 2219 1158 philosophantur,
2248 1076 2309 1116 ea

752 1180 819 1233 de
840 1151 999 1233 causa
1026 1186 1220 1228 vocans
1246 1184 1339 1225 eos
1364 1166 1688 1236 insipientes.
1718 1160 1775 1217 Si
1801 1158 1942 1215 enim
1974 1151 2190 1226 posthac
2212 1191 2226 1217 ,
2258 1159 2316 1204 ut

752 1279 922 1338 putas,
952 1263 1084 1319 nihil
1108 1263 1230 1327 erit,
1258 1274 1353 1315 cur
1381 1256 1605 1325 teipsum
1632 1264 1795 1306 vexas
1820 1256 1875 1304 et
1899 1242 2190 1306 excrucias,
2217 1256 2315 1295 un-

749 1334 909 1429 dique
950 1355 1197 1427 pecunias
1234 1355 1526 1421 cungerens
1547 1387 1565 1413 ,
1594 1354 1651 1401 et
1676 1338 2121 1429 lahores_quidem
2150 1334 2314 1389 susti-

752 1426 905 1514 nens,
929 1426 1153 1501 fructum
1176 1450 1355 1497 autem
1384 1454 1490 1493 non
1516 1430 1855 1507 percipiens?
1879 1427 1947 1483 Et
1974 1426 2202 1496 sepulcra
2228 1438 2315 1476 co-

749 1554 861 1592 rmn
902 1536 1081 1590 domus
1117 1530 1321 1587 illorum
1346 1529 1401 1581 in
1428 1535 1686 1581 internum.
1732 1520 1842 1576 Hoc
1865 1516 2010 1582 dicit,
2043 1514 2179 1569 sicut
2206 1518 2321 1567 erat

749 1641 931 1683 eorum
973 1619 1310 1679 existimatio.
1356 1612 1699 1671 Tabernacula
1732 1625 1907 1665 eorum
1942 1607 1996 1660 in
2034 1602 2319 1675 progeniem

752 1727 800 1768 et
826 1717 1150 1786 progeniem;
1176 1715 1472 1764 vocaverunt
1500 1702 1703 1758 nomina
1724 1716 1818 1756 sna
1842 1700 1897 1753 in
1926 1694 2069 1751 terris
2088 1695 2212 1749 suis.
2240 1691 2319 1761 (η)

753 1808 925 1881 [Alius
937 1815 1111 1860 autem
1129 1802 1276 1867 dicit,
1296 1798 1423 1865 Qua
1439 1805 1555 1851 sunt
1573 1795 1707 1849 intra
1718 1790 1901 1849 domos
1920 1802 2091 1844 eorum
2105 1786 2159 1839 in
2173 1792 2320 1839 ater-

755 1870 893 1951 intus.
920 1895 1171 1950 llebrmus
1185 1896 1382 1955 autem,
1393 1876 1884 1943 Cmmbotheimo
1898 1870 2321 1947 talzotam.]Quid

757 1990 856 2053 hac
886 1983 1113 2039 amentia
1153 1979 1320 2052 possit
1358 1989 1480 2032 esse
1513 1973 1748 2029 deterius
1768 2009 1787 2036 ,
1821 1976 1978 2040 quam
2015 1974 2199 2035 putare
2230 1975 2319 2053 se-

757 2048 935 2146 pulcra
960 2086 1082 2128 esse
1110 2048 1327 2126 domum
1355 2061 1705 2137 perpetuam?
1732 2061 1785 2116 in
1811 2058 1881 2115 iis
1904 2055 2128 2127 gloriam
2157 2048 2323 2106 ambi-

758 2167 897 2219 tiose
923 2160 1169 2234 persequi
1185 2158 1214 2214 τ

830 2229 1191 2322 Sepulcronnm
1222 2250 1401 2319 fatus.
1430 2242 1604 2297 Virtus
1642 2253 1819 2293 nomen
1858 2229 2141 2322 immortale
2169 2229 2321 2299 parit.

763 2321 951 2396 Petrus
975 2341 1193 2410 piscator
1216 2332 1431 2389 Romam
1455 2328 1735 2399 occuparit.
1754 2321 1990 2408 -—.Multi
2010 2327 2156 2376 certe
2184 2331 2326 2387 stupe

763 2403 1006 2504 sepulcra
1030 2403 1906 2492 construxeruntmagnificentiora
1934 2410 2201 2467 domibus.
2228 2407 2326 2463 Vel

773 2500 915 2579 enim
948 2519 1189 2575 hostibus
1214 2515 1493 2577 laborant,
1518 2518 1574 2567 et
1600 2507 1938 2571 alﬁictantur,
1968 2501 2054 2557 vel
2078 2500 2245 2556 verml
2274 2506 2330 2552 et

766 2610 955 2676 cineri,
978 2609 1095 2663 hinc
1111 2606 1272 2662 stulte
1298 2608 1693 2659 consumentes.
1721 2595 1863 2650 Talis
1886 2593 2028 2648 enim
2045 2598 2125 2646 est
2143 2602 2329 2644 eorum

767 2715 918 2757 mens
934 2706 989 2753 et
1006 2696 1285 2757 sententia,
1299 2692 1388 2763 qui
1411 2689 1481 2745 de
1507 2688 1696 2744 futuris
1711 2682 1840 2740 nihil
1860 2690 2091 2753 sperant.
2119 2678 2224 2735 Sed
2248 2677 2331 2731 hic

767 2790 897 2845 mihi
938 2787 1082 2843 venit
1109 2785 1161 2839 in
1191 2791 1421 2838 mentem
1449 2778 1726 2849 deplorare
1757 2814 1773 2839 ,
1802 2771 1942 2844 quod
1979 2769 2129 2825 multi
2171 2770 2329 2823 etiam

767 2892 977 2942 eorum,
1014 2870 1104 2944 qui
1130 2877 1344 2943 sperant
1386 2870 1575 2931 futura,
1601 2865 1722 2919 illos
1752 2862 1923 2917 hacin
1946 2874 2007 2914 re
2035 2858 2330 2921 imitentur,

767 2968 856 3039 qui
882 2964 1079 3021 nullam
1109 2962 1303 3017 habent
1328 2972 1476 3028 spem
1517 2955 1810 3009 futurorum
1835 2990 1852 3017 ,
1893 2948 2134 3019 sepulcra
2161 2944 2331 3000 aedifi-

770 3063 971 3119 cantes,
1009 3062 1065 3107 et
1103 3049 1352 3121 praeclara
1393 3044 1714 3101 monimenta
1742 3048 2129 3103 construentes,
2170 3044 2226 3091 et
2249 3049 2335 3088 au-

772 3160 890 3202 rum
929 3141 1267 3204 infodienles,
1294 3145 1348 3192 et
1373 3148 1495 3190 suas
1512 3132 1794 3187 facultates
1818 3129 1885 3185 ad
1910 3128 2043 3182 alios
2070 3125 2338 3180 transmit-

775 3244 982 3293 tentes:
1004 3232 1097 3303 'qui
1118 3228 1329 3300 quidem
1356 3230 1480 3280 sunt
1504 3224 1600 3278 hac
1626 3225 1677 3276 in
1704 3236 1761 3276 re
1778 3220 1882 3275 illis
1905 3218 2215 3273 deteriores.
2234 3214 2333 3281 Qui

772 3325 915 3383 enim
935 3330 1050 3393 post
1075 3319 1190 3373 haec
1211 3315 1341 3370 nihil
1368 3319 1658 3382 exspectat,
1685 3307 1893 3364 etiamsi
1916 3304 1967 3360 id
1989 3304 2115 3360 facit
2141 3311 2335 3373 praeter

776 3416 1053 3477 rationem,
1069 3417 1300 3465 attamen
1320 3406 1441 3475 quia
1456 3402 1588 3458 nihil
1607 3405 1903 3470 exspectat,
1924 3410 2078 3453 suum
2100 3394 2335 3449 laborem

774 3517 830 3564 et
868 3502 1177 3560 industriam
1216 3494 1423 3553 confert
1462 3494 1515 3548 in
1564 3504 1653 3547 res
1696 3496 2001 3560 praesentes.
2029 3484 2111 3541 Tu
2138 3492 2341 3548 autem,

779 3598 959 3659 homo,
983 3590 1075 3661 qui
1100 3586 1238 3643 nosti
1264 3585 1429 3639 vitam
1457 3582 1706 3644 futuram,
1733 3587 1786 3633 et
1808 3578 1946 3632 hens
1970 3573 2058 3629 illa
2094 3570 2337 3628 inell‘ahi-

779 3690 869 3752 lia,
898 3692 953 3740 et
977 3679 1116 3752 quod
1154 3694 1220 3734 ex
1245 3676 1388 3732 dicto
1410 3672 1710 3743 cvangelico
1733 3710 1748 3737 ,
1777 3668 1914 3722 Iusti
1940 3676 2057 3721 tunc
2083 3664 2341 3736 fulgebunt

778 3784 904 3836 sicut
948 3781 1023 3834 sot
1054 3774 1263 3847 (Matth.
1293 3773 1385 3827 13.
1413 3770 1539 3833 ιὸὶε
1570 3779 1727 3837 quam
1771 3762 1978 3817 veniam
2018 3759 2336 3827 assequeris,

779 3869 1045 3945 quomodo
1073 3876 1127 3923 te
1150 3862 1426 3926 defendes,
1455 3856 1599 3929 quod
1628 3870 1735 3945 non
1762 3851 2074 3945 supplicium
2097 3850 2217 3945 jure
2244 3862 2340 3917 pa-

781 3938 949 4027 tieris,
990 3957 1081 4028 qui
1105 3957 1193 4010 hic
1219 3952 1397 4008 omnia
1421 3962 1702 4006 consumas
1727 3944 1780 3998 in
1801 3942 2035 4012 pulvere,
2058 3940 2112 3993 in
2137 3938 2337 4003 cinere,

784 4055 838 4107 in
876 4027 1251 4109 monumentis,
1283 4042 1337 4097 in
1365 4039 1625 4104 hostibus,
1657 4036 1713 4089 in
1731 4030 1996 4088 inimicis?
2034 4027 2343 4083 Vocavernnt

783 4140 987 4195 nomina
1012 4138 1107 4190 sua
1139 4135 1195 4187 in
1220 4130 1363 4186 tentis
1387 4128 1513 4182 suis.
1540 4126 1677 4181 Ecce
1704 4120 1848 4177 aliud
1887 4133 2054 4192 genus
2076 4118 2343 4184 amentiae,

782 4228 1041 4291 mdiliciis,
1084 4224 1225 4295 agris
1250 4228 1308 4277 et
1335 4217 1537 4277 balneis
1579 4230 1674 4271 sua
1719 4212 1930 4269 nomina
1957 4210 2269 4275 inscribere,
2291 4218 2346 4265 et

785 4327 973 4390 putare
1011 4329 1074 4370 se
1106 4312 1352 4382 magnam
1375 4302 1786 4362 senselationem
1811 4316 1877 4357 ex
1913 4316 1979 4356 eo
2008 4301 2269 4369 accipere,
2296 4308 2351 4354 et

789 4408 1030 4465 umbram
1046 4416 1144 4475 pro
1165 4402 1245 4456 rei
1265 4399 1484 4453 veritate
1505 4393 1771 4465 persequi.
1800 4391 1858 4446 Si
1875 4390 2019 4445 enim
2042 4393 2349 4460 perpetuam

789 4495 1100 4556 memoriam
1139 4488 1432 4554 desideras,
1481 4500 1549 4540 ne
1591 4497 1805 4547 nomen,
1830 4496 1867 4536 o
1902 4476 2084 4547 homo,
2116 4479 2353 4535 aedificiis

790 4587 1049 4646 inscribas
1072 4625 1089 4650 ,
1118 4580 1215 4639 sed
1239 4572 1433 4649 tropaea
1462 4581 1607 4632 recte
1634 4573 1890 4629 [actorum
1933 4572 2126 4641 erigas,
2153 4578 2273 4641 qusi
2295 4578 2353 4626 et

792 4681 846 4734 in
889 4670 1142 4747 pruenti
1169 4670 1277 4724 vita
1302 4680 1496 4723 nomen
1525 4664 1619 4720 tibi
1644 4649 1980 4727 conservant,
2019 4669 2075 4718 et
2102 4662 2154 4716 in
2180 4659 2353 4715 futura

794 4768 904 4823 vita
939 4760 1291 4823 immortalem
1320 4757 1413 4814 tibi
1436 4756 1672 4826 requiem
1706 4760 2032 4823 comparant.
2059 4749 2117 4807 Si
2143 4750 2218 4808 sis
2248 4766 2360 4806 me-

802 4854 986 4911 morias
1027 4848 1267 4921 cupidus,
1291 4861 1393 4919 ego
1431 4853 1486 4901 te
1525 4844 1693 4900 doceo
1715 4842 1855 4897 viam
1900 4851 2079 4897 veram
2107 4850 2162 4897 et
2203 4854 2357 4911 aper.

803 4946 1059 5002 tissimam
1086 4937 1332 4995 :virtutis
1359 4948 1541 4993 curam
1578 4946 1725 5003 gere.
1770 4930 1909 4986 Nihil
1932 4931 2073 4987 enim
2106 4930 2232 4986 facit
2260 4945 2358 4987 no-

806 5038 930 5095 tuen
951 5035 1087 5091 adeo
1110 5030 1428 5096 immortale,
1455 5034 1515 5084 ut
1533 5034 1719 5082 natura
1740 5024 1973 5080 virtutis.
1993 5023 2050 5079 ld
2073 5020 2363 5079 ostendunt

804 5116 1088 5198 martyres,
1126 5120 1411 5178 ostendam
1445 5117 1803 5189 apostolon
1845 5114 2104 5186 reliquiae,
2133 5116 2361 5171 ostendit

806 5215 1063 5274 memoria
1083 5226 1266 5268 eorum
1290 5201 1382 5280 qui
1401 5214 1613 5264 recteet
1630 5206 1686 5261 in
1710 5205 1907 5260 virtute
1932 5204 2195 5261 vixerunt.
2222 5204 2363 5274 Quot

806 5321 960 5378 reges
983 5304 1142 5361 urbes
1167 5299 1531 5364 condiderunt,
1559 5305 1744 5369 portus
1765 5304 2159 5363 exstruxerunt,
2185 5308 2240 5353 et
2268 5312 2363 5353 no-

868 5429 945 5492 (α)
972 5435 1085 5492 μ
1115 5425 1195 5492 ne
1462 5420 1751 5492 ειμιεξιμιιιιε
1791 5422 1842 5492 εει
1880 5414 2113 5492 versione
2150 5421 2367 5492 sentiam

1044 5499 1142 5539 nec
1155 5488 1208 5535 in
1225 5484 1372 5537 mitis
1391 5495 1489 5549 nec
1507 5484 1558 5535 in
2011 5493 2076 5549 _ac
2095 5481 2368 5549 [edundare

1088 5559 1199 5611 qua
1219 5555 1383 5597 autem
1401 5544 1483 5595 hic
1502 5541 1854 5611 expﬁinuntur_
2095 5540 2253 5609 [item
2272 5548 2367 5593 ne-

812 5600 1159 5687 infami,
1176 5627 1248 5677 sic
1267 5624 1318 5675 in
1340 5622 1544 5675 Hebreis
1565 5600 1778 5682 existant,
1798 5600 1965 5682 είπῂ
1988 5603 2157 5678 ππ
2178 5628 2329 5681 ω-ιῃ
2350 5663 2367 5689 ,

813 5713 1267 5829 annuimus“
1282 5717 1447 5767 nescio
1461 5715 1587 5777 quis,
1611 5699 1720 5777 qua:
1739 5720 1848 5765 sunt
1867 5711 1994 5766 intra
2028 5714 2191 5767 domos
2207 5727 2370 5765 eorum

1445 427 1501 481 S.
1542 421 1818 481 JOANNIS
1853 408 2329 473 CllﬂYSOSTOMl
2368 404 2685 462 ARCHIEP.
2725 402 3255 461 CONS'I'ANTINOP.

3886 391 4070 444 ἐδὲ

2422 518 2651 573 minibus
2686 519 2797 571 suis
2839 518 3096 587 impositis
3137 515 3498 575 decesserunt,
3543 522 3641 563 nec
3691 520 3875 561 tatneu
3924 519 4070 559 ess.

2415 609 2699 679 quidquam
2748 606 2941 676 profuit
2968 648 2983 671 ,
3019 604 3123 660 sed'
3149 603 3360 658 silentio
3389 610 3443 655 et
3475 597 3727 654 oblivioni
3753 594 4061 649 inandati

2417 710 2541 755 sunt
2567 702 2582 754 l
2633 700 2867 755 Piscator
2902 707 3084 751 amem
3117 697 3323 758 Petrus,
3353 691 3443 762 qui
3471 689 3601 745 nihil
3628 687 3751 743 fecit
3774 700 3991 742 eorum
4016 725 4053 747 ,

2416 794 2663 864 quoniam
2692 791 2937 845 virtutem
2968 795 3050 844 est
3079 794 3427 857 persequutus
3451 825 3466 848 ,
3497 790 3553 837 et
3580 781 3852 836 civitatem
3880 790 3985 831 πη
4004 804 4039 814 -

2419 885 2560 935 xime
2590 880 2785 950 regiam
2810 876 3087 946 occupavit
3109 917 3125 942 ,
3154 874 3311 930 etiam
3343 880 3464 942 post
3497 880 3722 925 mortem
3747 868 3982 935 reapien
4004 894 4055 906 -

2418 971 2507 1023 det
2531 969 2645 1024 sole
2662 969 2874 1023 clarius.
2906 965 3057 1033 Quod
3088 972 3142 1018 tu
3168 974 3344 1018 autem
3372 960 3501 1015 facis
3525 1000 3540 1023 ,
3570 968 3653 1015 est
3682 956 4049 1022 ridiculum,

2418 1067 2470 1111 et
2502 1059 2713 1127 plenum
2743 1055 3047 1127 ignominia.
3091 1054 3213 1108 llzec
3237 1054 3378 1107 enim
3408 1050 3732 1105 monimenta
3764 1062 3876 1101 non
3907 1058 4019 1099 ao-

2425 1150 2533 1203 lnm
2558 1164 2660 1203 non
2692 1158 2743 1203 te
2768 1146 2968 1202 clarum
2998 1144 3239 1211 reddent,
3271 1142 3362 1198 sed
3391 1143 3551 1196 etiam
3577 1137 3772 1195 facient
3797 1136 4053 1193 ridicu-

2422 1237 2552 1303 lum,
2580 1246 2644 1291 et‘
2675 1250 2768 1291 ora
2793 1235 3030 1290 omnium
3057 1234 3315 1303 aperient.
3342 1230 3585 1286 Editicia
3611 1229 3752 1284 enim
3780 1242 3893 1283 non
3929 1228 4047 1281 ai—

2423 1337 2556 1382 nunt
2598 1337 2737 1381 tuam
2774 1327 3050 1380 avaritiam
3075 1365 3090 1389 ,
3135 1339 3252 1393 qum
3298 1322 3549 1377 oblivioni
3581 1320 3715 1374 tradi
3766 1325 4039 1388 poterat,

2425 1417 2678 1486 temporis
2701 1428 2927 1471 excursu
2953 1412 3212 1483 exstingui
3236 1453 3253 1478 ,
3280 1422 3332 1466 et
3371 1422 3513 1465 stant
3542 1409 3707 1464 veluti
3731 1408 4043 1463 columnae

2422 1515 2476 1560 et
2520 1513 2930 1575 tropma‘ereuta
2977 1504 3234 1558 adversus
3282 1502 3576 1555 avaritiam.
3610 1500 3698 1555 i5.
3733 1496 3803 1552 Et
3847 1498 4041 1551 homo

2422 1612 2537 1649 cum
2556 1596 2611 1648 in
2632 1598 2822 1648 honore
2842 1602 2984 1658 esset,
3014 1608 3111 1646 non
3142 1592 3381 1645 intellexit
3409 1608 3427 1645 :
3464 1600 3781 1661 comparatus
3808 1600 3888 1643 est
3907 1590 4033 1657 ju-

2426 1676 2601 1738 mentis
2623 1683 2990 1749 insipientibus,
3019 1692 3065 1736 et
3090 1683 3266 1735 similis
3293 1685 3458 1753 factus
3484 1692 3556 1735 est
3580 1681 3703 1735 illis.
3734 1679 3833 1735 llic
3867 1680 4027 1733 mihi

2425 1775 2629 1827 videtur
2672 1772 2926 1842 deinceps
2961 1771 3216 1842 prOpheta
3258 1770 3557 1840 deplorare,
3612 1769 3752 1840 quod
3800 1769 4029 1824 animal

2424 1864 2643 1920 rationis
2670 1864 2948 1934 particeps,
2974 1863 3059 1918 cui
3084 1861 3181 1916 fuit
3207 1861 3455 1915 traditum
3488 1875 3707 1930 regnum
3736 1861 3789 1914 in
3818 1860 4029 1920 terris.

2426 1970 2493 2012 eo
2528 1952 2894 2021 declinaverit,
2924 1963 2981 2010 ut
3002 1964 3145 2009 esset
3174 1969 3277 2007 non
3305 1954 3481 2007 minus
3505 1952 3609 2006 vile
3636 1950 4019 2021 etabjectum,

2427 2060 2583 2119 quam
2611 2047 2798 2114 bruta,
2833 2046 2959 2100 dum
2988 2046 3040 2100 in
3080 2046 3238 2100 rebus
3264 2045 3416 2099 vanis
3445 2044 3665 2110 laborat,
3698 2051 3753 2099 et
3779 2057 3844 2097 ea
3885 2057 4029 2112 qua:

2426 2148 2550 2194 sunt
2594 2154 2704 2194 sua:
2750 2137 2905 2194 saluti
2942 2136 3207 2192 contraria
3251 2136 3486 2197 molitur,
3526 2134 3736 2189 inanem
3775 2132 4024 2203 gloriam

2429 2230 2782 2300 persequitur,
2810 2229 3029 2284 avaritia
3078 2236 3307 2294 tenetur,
3337 2228 3388 2281 in
3431 2226 3590 2282 rebus
3629 2225 3907 2281 inutilibus
3956 2241 4031 2279 se

2428 2327 2662 2374 exercet.
2696 2319 2873 2373 Virtus
2916 2318 3057 2373 enim
3093 2326 3175 2373 est
3213 2317 3381 2371 honor
3401 2316 3650 2379 hominis,
3672 2324 3727 2370 et
3752 2314 3819 2369 de
3845 2314 4027 2370 rebus

2430 2410 2622 2465 futuris
2664 2409 3045 2481 philosOphari,
3074 2418 3127 2465 et
3154 2410 3332 2464 omnia
3363 2423 3669 2477 procurare,
3700 2423 3819 2478 qua:
3848 2406 3919 2461 ad
3954 2408 4025 2461 il-

2434 2501 2536 2556 lam
2563 2502 2722 2556 vitam
2752 2501 3037 2571 pertinent,
3070 2507 3125 2554 et
3153 2499 3432 2569 prmsentia
3473 2498 3765 2568 negligere.
3810 2496 4019 2551 Bruto-

2438 2610 2556 2650 rum
2583 2596 2722 2649 enim
2748 2594 2853 2646 vita
2876 2592 3150 2662 praetentis
3177 2591 3297 2645 vitae
3328 2590 3584 2644 limitibus
3623 2588 3967 2643 concluditur
4002 2607 4023 2644 :

2433 2693 2611 2740 nostra
2638 2694 2810 2738 autem
2838 2683 3003 2738 tendit
3026 2682 3091 2736 ad
3119 2681 3272 2735 aliam
3311 2681 3606 2746 meliorem,
3631 2689 3686 2735 et
3712 2680 3864 2749 cujus
3896 2695 4015 2736 non

2432 2786 2516 2832 est
2545 2767 2683 2830 linis.
2713 2774 2817 2831 Sed
2847 2773 2907 2829 hi
2928 2773 3103 2845 qui'do
3130 2770 3318 2827 futuris
3344 2772 3473 2826 nihil
3503 2773 3696 2838 sciunt,
3726 2779 3853 2826 sunt
3874 2772 4016 2827 bru-

2435 2868 2504 2922 tis
2530 2866 2821 2921 deteriores
2853 2882 2867 2919 :
2895 2879 2999 2920 nec.
3019 2865 3058 2919 ii
3080 2863 3251 2919 solum
3282 2904 3298 2930 ,
3330 2862 3421 2917 sed
3462 2862 3621 2917 etiam
3651 2863 3737 2933 qui
3772 2863 4024 2918 scelera.

2438 2967 2543 3011 tam
2591 2965 2645 3010 ct
2690 2954 2945 3025 perditam
2970 2957 3129 3012 vitam
3169 2963 3352 3023 agunt,
3383 2962 3568 3022 utpote
3616 2952 3705 3023 qui
3736 2953 3865 3007 fiant
3891 2968 4022 3008 ser-

2440 3055 2644 3116 pentes,
2669 3046 2880 3115 scorpii,
2904 3054 2958 3099 et
2974 3043 3080 3114 lupi
3108 3052 3321 3113 propter
3345 3044 3755 3112 improbitatem,
3782 3052 3835 3099 et
3846 3044 4022 3101 boves

2439 3146 2654 3205 propter
2680 3134 3002 3200 vecordiam,
3030 3142 3084 3189 ct
3108 3148 3269 3189 canes
3299 3143 3515 3202 pr0pter
3534 3131 3938 3202 impudentiam.

2507 3226 2559 3280 7.
2604 3225 2768 3281 Virtus
2788 3224 2897 3279 sola
2921 3224 3211 3279 memoriam
3238 3222 3509 3293 gloriosam
3534 3225 3702 3291 parit;
3725 3240 3874 3293 quam
3895 3224 4021 3295 glo-

2438 3319 2573 3372 riosa
2612 3325 2793 3369 natura
2836 3314 3087 3379 hominis;
3128 3324 3315 3382 quanta
3358 3313 3515 3366 animi
3566 3314 3819 3383 dignitas;
3859 3312 4018 3369 homo

2440 3406 2597 3462 brutis
2616 3412 2955 3473 comparatus.
2977 3432 3048 3442 —
3068 3400 3203 3468 Quid
3225 3403 3389 3469 enim,
3417 3401 3529 3467 dic,
3551 3413 3755 3468 qumso,
3775 3407 3859 3455 est
3877 3398 4017 3455 insi.

2441 3492 2671 3567 pientius
2707 3494 2770 3549 iis
2794 3493 2883 3565 qui
2925 3493 2977 3547 in
3008 3491 3266 3562 sepulcris
3307 3500 3362 3546 et
3384 3490 3745 3546 monumentis
3790 3505 4017 3561 operam

2441 3598 2592 3641 suam
2615 3585 2894 3650 collecaut,
2916 3590 2971 3637 et
2990 3580 3057 3637 ad
3081 3581 3304 3637 aliorum
3331 3580 3604 3634 nominum
3634 3580 4019 3652 appellationes

2443 3686 2584 3732 stant
2629 3675 2837 3730 hiantes
2883 3682 2939 3730 et
2982 3672 3323 3729 mirabundi?
3349 3670 3489 3725 Nihil
3519 3671 3658 3726 enim
3701 3672 4016 3728 memoriam

2444 3766 2604 3822 efficit
2632 3775 2980 3836 praeterquam
3010 3766 3123 3820 sola
3141 3765 3328 3829 virtus,
3361 3779 3464 3817 non
3489 3763 3649 3828 mdes,
3676 3778 3779 3818 non
3796 3773 4009 3829 statum,

2446 3870 2551 3909 non
2578 3855 2689 3919 ﬁlii,
2715 3868 2823 3909 non
2842 3852 3038 3923 aliquid
3056 3852 3198 3906 aliud
3218 3850 3497 3921 ejusmodi.
3528 3850 3692 3906 Aldus
3713 3851 3853 3906 enim
3876 3866 4016 3921 opus

2445 3937 2569 3999 sunt
2596 3943 2902 4009 architecti,
2946 3945 3132 3997 statua:
3171 3939 3449 4007 statuarii,
3483 3936 3573 3994 ﬁlii
3598 3955 3728 3994 vero
3767 3950 4013 4006 natura;

2448 4037 2521 4092 tui
2560 4043 2737 4092 autem
2773 4048 3029 4104 nusquam
3057 4040 3140 4088 est
3162 4032 3434 4087 memoria.
3466 4031 3535 4086 Et
3572 4032 3691 4086 ideo
3717 4040 3868 4087 vocat
3888 4046 4014 4088 cum

2449 4129 2659 4184 brutum
2690 4126 2945 4198 propheta
2973 4142 2987 4178 :
3016 4125 3264 4195 quoniam
3298 4138 3418 4176 cum
3446 4123 3760 4191 insipientia:
3788 4136 3847 4178 se
3886 4123 4017 4192 jugo

2450 4216 2770 4282 submiserit,
2820 4217 2975 4271 bruto
3010 4214 3246 4270 deterius
3291 4212 3522 4268 ducitur.
3572 4213 3705 4268 illud
3750 4214 3891 4269 enim
3930 4224 4019 4270 est

2448 4310 2581 4367 utile
2604 4318 2661 4365 et
2686 4317 2866 4377 aptum
2892 4305 2958 4360 ad
2987 4305 3362 4376 agriculturam
3387 4319 3403 4370 ;
3433 4304 3519 4359 hic
3560 4312 3759 4371 autem,
3786 4304 3871 4374 qui
3913 4318 4017 4367 se—

2453 4398 2627 4469 ipsum
2649 4397 2872 4465 subjecit
2890 4394 3227 4463 insipientia,
3246 4393 3335 4448 illo
3353 4393 3512 4448 etiam
3539 4393 3593 4447 in
3623 4392 3724 4448 hoc
3744 4391 3909 4448 factus
3932 4406 4011 4450 est

2456 4488 2708 4546 deterior.
2734 4487 2993 4555 Quoniam
3018 4485 3159 4541 enim
3177 4484 3421 4554 superius
3449 4484 3675 4551 dixerat,
3694 4480 3848 4555 quam
3871 4494 4009 4541 esset

2456 4594 2607 4636 mens
2625 4594 2807 4636 eorum
2833 4578 3027 4644 crassa,
3057 4579 3291 4641 terrena,
3321 4575 3441 4629 vilis
3466 4582 3520 4630 et
3544 4574 3769 4644 ahjecta,
3791 4584 3842 4631 et
3859 4587 4006 4647 quam

2460 4666 2659 4725 inutilis
2685 4677 2829 4725 esset
2851 4668 3003 4724 labor
3026 4680 3209 4723 eorum
3236 4664 3296 4719 in
3333 4662 3587 4735 cogendis
3624 4664 3891 4734 pecuniis:
3917 4680 4018 4719 vo-

2461 4760 2579 4817 lens
2615 4748 2935 4829 amplillcare
2972 4764 3157 4812 eorum
3198 4755 3626 4820 accusationem,
3673 4754 3881 4810 adducit
3921 4754 4008 4811 Dei

2454 4840 2715 4909 beneficia
2746 4868 2761 4905 :
2804 4848 2947 4921 quod
2970 4847 3145 4903 solent
3178 4845 3319 4916 saepe
3348 4844 3523 4901 facere
3546 4844 3832 4916 prophetae.
3861 4846 4008 4901 Isaias

2460 4945 2627 5009 enim,
2669 4931 2791 4998 cum
2834 4942 2978 4995 esset
3021 4942 3499 5000 eesaecusaturus,
3545 4935 3775 5004 primum
3814 4932 4007 5005 quidem

2465 5033 2593 5111 dicit
2616 5029 2873 5087 honorem
2899 5043 3001 5099 quo
3028 5026 3196 5084 Judaei
3219 5043 3250 5081 a
3279 5026 3391 5082 Deo
3431 5024 3605 5081 ah‘ccti
3625 5033 3771 5092 sunt,
3800 5026 3865 5080 ita
3884 5026 4008 5081 scri-

2466 5126 2597 5183 bens
2616 5126 2630 5178 ξ
2652 5120 2817 5177 Filios
2840 5120 2989 5190 genui
3006 5159 3022 5183 ,
3050 5127 3097 5173 et
3136 5117 3357 5172 επιωυὶ
3384 5131 3404 5171 :
3438 5116 3536 5183 ipsi
3557 5125 3727 5170 autem
3753 5116 3831 5170 ms
3855 5114 4011 5169 nihili-

2470 5210 2866 5285 feceruntUsai.
2896 5209 2949 5265 i.
2973 5208 3053 5278 2).
3080 5207 3193 5263 Hoc
3216 5206 3374 5278 igitur
3397 5206 3449 5261 in
3480 5206 3599 5261 loco
3623 5206 3641 5271 ,
3668 5217 3771 5260 una
3798 5203 4009 5260 dictione

2471 5303 2748 5363 declarans
2769 5300 3024 5359 beneficia
3052 5314 3171 5371 quas
3206 5298 3450 5355 homines
3475 5306 3508 5352 a
3532 5297 3644 5352 Deo
3671 5299 3971 5367 acheperunt
3988 5337 4004 5363 ,

2478 5396 2661 5459 ffomo,
2706 5393 2892 5465 inquit,
2941 5400 3054 5445 eunt
3087 5389 3139 5443 in
3190 5388 3381 5442 honors
3422 5392 3593 5453 esset,
3620 5400 3725 5440 non
3769 5383 4005 5440 intsilsait.

2471 5490 2763 5559 Quemnam
2807 5493 2983 5539 autem
3032 5480 3162 5537 dicit
3223 5476 3522 5535 honorem?
3574 5475 3710 5533 Audi
3765 5484 3878 5532 eum
3918 5476 4012 5531 alio

2471 5580 2682 5638 Psalmo
2706 5578 2969 5635 dicentem
2998 5569 3267 5629 :llinuisti
3302 5581 3416 5625 eum
3440 5567 3595 5638 paulo
3616 5568 3779 5621 minus
3796 5566 3853 5620 ab
3873 5580 4010 5636 uage.

2477 5674 2558 5739 lis,
2585 5672 2746 5746 gloria
2773 5680 2819 5725 et
2843 5669 3029 5723 honore
3045 5662 3295 5721 coronasti
3314 5660 3462 5731 eum(
3489 5659 3633 5715 Psat.
3652 5660 3706 5715 8.
3727 5657 3761 5713 ϐ
3776 5660 3817 5729 ).
3839 5656 4011 5713 Deinde

2480 5777 2752 5836 exponens
2777 5760 3058 5826 honorem,
3082 5750 3389 5826 subjungit:
3425 5750 3611 5807 Omnia
3654 5746 3895 5819 subjecisti
3930 5752 4008 5801 sub
