  <div class='ocr_page' id='page_1' title='image "/cluster/home/n/w/nwhite01/storage/ocr_20150623/55/pst.000005712540/230.png"; bbox 0 0 4154 6452; ppageno 0'>
   <div class='ocr_carea' id='block_1_1' title="bbox 182 468 1787 558">
    <p class='ocr_par' dir='ltr' id='par_1_1' title="bbox 182 468 1787 558">
     <span class='ocr_line' id='line_1_1' title="bbox 182 468 1787 558; baseline -0.012 -16"><span class='ocrx_word' id='word_1_1' title='bbox 182 487 305 558; x_wconf 71' lang='lat' dir='ltr'><strong>quis</strong></span> <span class='ocrx_word' id='word_1_2' title='bbox 326 486 405 540; x_wconf 80' lang='lat' dir='ltr'><strong>sit</strong></span> <span class='ocrx_word' id='word_1_3' title='bbox 430 477 691 536; x_wconf 69' lang='lat' dir='ltr'><strong>deuiam</strong></span> <span class='ocrx_word' id='word_1_4' title='bbox 715 474 938 533; x_wconf 77' lang='lat' dir='ltr'><strong>alterius</strong></span> <span class='ocrx_word' id='word_1_5' title='bbox 955 517 972 539; x_wconf 90' lang='lat'><strong>,</strong></span> <span class='ocrx_word' id='word_1_6' title='bbox 1010 483 1071 529; x_wconf 90' lang='lat' dir='ltr'><strong>et</strong></span> <span class='ocrx_word' id='word_1_7' title='bbox 1096 473 1311 530; x_wconf 84' lang='lat' dir='ltr'><strong>ubinam</strong></span> <span class='ocrx_word' id='word_1_8' title='bbox 1354 469 1659 545; x_wconf 90' lang='lat' dir='ltr'><strong>resplendet</strong></span> <span class='ocrx_word' id='word_1_9' title='bbox 1686 468 1787 525; x_wconf 82' lang='lat' dir='ltr'><strong>do-</strong></span> 
     </span>
    </p>
   </div>
   <div class='ocr_carea' id='block_1_2' title="bbox 186 561 1790 642">
    <p class='ocr_par' dir='ltr' id='par_1_2' title="bbox 186 561 1790 642">
     <span class='ocr_line' id='line_1_2' title="bbox 186 561 1790 642; baseline -0.011 -10"><span class='ocrx_word' id='word_1_10' title='bbox 186 576 425 631; x_wconf 63' lang='lat' dir='ltr'><strong>mitam</strong></span> <span class='ocrx_word' id='word_1_11' title='bbox 445 588 469 636; x_wconf 83' lang='lat'><strong>;</strong></span> <span class='ocrx_word' id='word_1_12' title='bbox 493 572 620 642; x_wconf 86' lang='lat' dir='ltr'><strong>quis</strong></span> <span class='ocrx_word' id='word_1_13' title='bbox 644 569 720 625; x_wconf 86' lang='lat' dir='ltr'><strong>alt</strong></span> <span class='ocrx_word' id='word_1_14' title='bbox 743 566 834 638; x_wconf 87' lang='lat' dir='ltr'><strong>qui</strong></span> <span class='ocrx_word' id='word_1_15' title='bbox 863 566 1097 635; x_wconf 83' lang='lat' dir='ltr'><strong>imperat</strong></span> <span class='ocrx_word' id='word_1_16' title='bbox 1113 605 1131 630; x_wconf 95' lang='lat'><strong>,</strong></span> <span class='ocrx_word' id='word_1_17' title='bbox 1163 571 1217 618; x_wconf 84' lang='lat' dir='ltr'><strong>et</strong></span> <span class='ocrx_word' id='word_1_18' title='bbox 1242 564 1359 634; x_wconf 89' lang='lat' dir='ltr'><strong>quis</strong></span> <span class='ocrx_word' id='word_1_19' title='bbox 1387 571 1540 631; x_wconf 82' lang='lat' dir='ltr'><strong>paret</strong></span> <span class='ocrx_word' id='word_1_20' title='bbox 1565 561 1790 617; x_wconf 75' lang='lat' dir='ltr'><strong>alterius</strong></span> 
     </span>
    </p>
   </div>
   <div class='ocr_carea' id='block_1_3' title="bbox 186 653 1788 736">
    <p class='ocr_par' dir='ltr' id='par_1_3' title="bbox 186 653 1788 736">
     <span class='ocr_line' id='line_1_3' title="bbox 186 653 1788 736; baseline -0.01 -14"><span class='ocrx_word' id='word_1_21' title='bbox 186 665 439 736; x_wconf 69' lang='lat' dir='ltr'><strong>inperio.</strong></span> <span class='ocrx_word' id='word_1_22' title='bbox 469 657 758 729; x_wconf 78' lang='lat' dir='ltr'><strong>Quomodo</strong></span> <span class='ocrx_word' id='word_1_23' title='bbox 786 671 920 727; x_wconf 89' lang='lat' dir='ltr'><strong>ergo</strong></span> <span class='ocrx_word' id='word_1_24' title='bbox 952 655 1057 711; x_wconf 91' lang='lat' dir='ltr'><strong>hoc</strong></span> <span class='ocrx_word' id='word_1_25' title='bbox 1079 654 1354 711; x_wconf 77' lang='lat' dir='ltr'><strong>sciemus?</strong></span> <span class='ocrx_word' id='word_1_26' title='bbox 1390 653 1503 709; x_wconf 81' lang='lat' dir='ltr'><strong>Rex</strong></span> <span class='ocrx_word' id='word_1_27' title='bbox 1533 667 1646 708; x_wconf 87' lang='lat' dir='ltr'><strong>rem</strong></span> <span class='ocrx_word' id='word_1_28' title='bbox 1674 667 1788 707; x_wconf 88' lang='lat' dir='ltr'><strong>ma-</strong></span> 
     </span>
    </p>
   </div>
   <div class='ocr_carea' id='block_1_4' title="bbox 184 746 1793 823">
    <p class='ocr_par' dir='ltr' id='par_1_4' title="bbox 184 746 1793 823">
     <span class='ocr_line' id='line_1_4' title="bbox 184 746 1793 823; baseline -0.009 -9"><span class='ocrx_word' id='word_1_29' title='bbox 184 760 285 813; x_wconf 70' lang='lat' dir='ltr'><strong>hn</strong></span> <span class='ocrx_word' id='word_1_30' title='bbox 326 765 392 812; x_wconf 86' lang='lat' dir='ltr'><strong>et</strong></span> <span class='ocrx_word' id='word_1_31' title='bbox 432 754 648 809; x_wconf 81' lang='lat' dir='ltr'><strong>scelere</strong></span> <span class='ocrx_word' id='word_1_32' title='bbox 674 750 894 823; x_wconf 88' lang='lat' dir='ltr'><strong>plenam</strong></span> <span class='ocrx_word' id='word_1_33' title='bbox 920 749 1128 820; x_wconf 87' lang='lat' dir='ltr'><strong>privato</strong></span> <span class='ocrx_word' id='word_1_34' title='bbox 1156 748 1412 818; x_wconf 76' lang='lat' dir='ltr'><strong>imperet;</strong></span> <span class='ocrx_word' id='word_1_35' title='bbox 1462 746 1589 818; x_wconf 86' lang='lat' dir='ltr'><strong>quid</strong></span> <span class='ocrx_word' id='word_1_36' title='bbox 1635 746 1793 816; x_wconf 89' lang='lat' dir='ltr'><strong>igitur</strong></span> 
     </span>
    </p>
   </div>
   <div class='ocr_carea' id='block_1_5' title="bbox 183 834 1791 913">
    <p class='ocr_par' dir='ltr' id='par_1_5' title="bbox 183 834 1791 913">
     <span class='ocr_line' id='line_1_5' title="bbox 183 834 1791 913; baseline -0.008 -10"><span class='ocrx_word' id='word_1_37' title='bbox 183 848 355 902; x_wconf 63' lang='lat' dir='ltr'><strong>hints</strong></span> <span class='ocrx_word' id='word_1_38' title='bbox 392 845 489 901; x_wconf 80' lang='lat' dir='ltr'><strong>illc</strong></span> <span class='ocrx_word' id='word_1_39' title='bbox 530 842 779 913; x_wconf 80' lang='lat' dir='ltr'><strong>privatus</strong></span> <span class='ocrx_word' id='word_1_40' title='bbox 808 849 867 896; x_wconf 85' lang='lat' dir='ltr'><strong>et</strong></span> <span class='ocrx_word' id='word_1_41' title='bbox 892 838 983 910; x_wconf 87' lang='lat' dir='ltr'><strong>qui</strong></span> <span class='ocrx_word' id='word_1_42' title='bbox 1027 839 1079 895; x_wconf 88' lang='lat' dir='ltr'><strong>ei</strong></span> <span class='ocrx_word' id='word_1_43' title='bbox 1124 835 1442 905; x_wconf 79' lang='lat' dir='ltr'><strong>subjicitur?</strong></span> <span class='ocrx_word' id='word_1_44' title='bbox 1483 834 1600 891; x_wconf 84' lang='lat' dir='ltr'><strong>Non</strong></span> <span class='ocrx_word' id='word_1_45' title='bbox 1630 834 1791 890; x_wconf 85' lang='lat' dir='ltr'><strong>modo</strong></span> 
     </span>
    </p>
   </div>
   <div class='ocr_carea' id='block_1_6' title="bbox 182 928 1787 1007">
    <p class='ocr_par' dir='ltr' id='par_1_6' title="bbox 182 928 1787 1007">
     <span class='ocr_line' id='line_1_6' title="bbox 182 928 1787 1007; baseline -0.008 -12"><span class='ocrx_word' id='word_1_46' title='bbox 182 954 289 995; x_wconf 77' lang='lat' dir='ltr'><strong>acu</strong></span> <span class='ocrx_word' id='word_1_47' title='bbox 307 936 636 1007; x_wconf 83' lang='lat' dir='ltr'><strong>acquiescet</strong></span> <span class='ocrx_word' id='word_1_48' title='bbox 653 975 672 997; x_wconf 84' lang='lat'><strong>,</strong></span> <span class='ocrx_word' id='word_1_49' title='bbox 701 947 805 989; x_wconf 86' lang='lat' dir='ltr'><strong>nec</strong></span> <span class='ocrx_word' id='word_1_50' title='bbox 831 932 1079 992; x_wconf 87' lang='lat' dir='ltr'><strong>obediet.</strong></span> <span class='ocrx_word' id='word_1_51' title='bbox 1109 929 1203 986; x_wconf 89' lang='lat' dir='ltr'><strong>sed</strong></span> <span class='ocrx_word' id='word_1_52' title='bbox 1230 944 1352 984; x_wconf 83' lang='lat' dir='ltr'><strong>eum</strong></span> <span class='ocrx_word' id='word_1_53' title='bbox 1376 931 1537 985; x_wconf 87' lang='lat' dir='ltr'><strong>etiam</strong></span> <span class='ocrx_word' id='word_1_54' title='bbox 1566 928 1655 999; x_wconf 86' lang='lat' dir='ltr'><strong>qui</strong></span> <span class='ocrx_word' id='word_1_55' title='bbox 1685 928 1787 983; x_wconf 86' lang='lat' dir='ltr'><strong>im-</strong></span> 
     </span>
    </p>
   </div>
   <div class='ocr_carea' id='block_1_7' title="bbox 186 1019 1787 1096">
    <p class='ocr_par' dir='ltr' id='par_1_7' title="bbox 186 1019 1787 1096">
     <span class='ocr_line' id='line_1_7' title="bbox 186 1019 1787 1096; baseline -0.004 -14"><span class='ocrx_word' id='word_1_56' title='bbox 186 1038 373 1096; x_wconf 56' lang='grc' dir='ltr'><strong>με,</strong></span> <span class='ocrx_word' id='word_1_57' title='bbox 421 1026 721 1081; x_wconf 76' lang='lat' dir='ltr'><strong>certabitur</strong></span> <span class='ocrx_word' id='word_1_58' title='bbox 747 1023 1017 1079; x_wconf 88' lang='lat' dir='ltr'><strong>abducere</strong></span> <span class='ocrx_word' id='word_1_59' title='bbox 1056 1021 1126 1077; x_wconf 85' lang='lat' dir='ltr'><strong>ab</strong></span> <span class='ocrx_word' id='word_1_60' title='bbox 1169 1020 1445 1087; x_wconf 89' lang='lat' dir='ltr'><strong>instituto,</strong></span> <span class='ocrx_word' id='word_1_61' title='bbox 1489 1020 1611 1075; x_wconf 87' lang='lat' dir='ltr'><strong>licet</strong></span> <span class='ocrx_word' id='word_1_62' title='bbox 1652 1019 1787 1075; x_wconf 85' lang='lat' dir='ltr'><strong>mori</strong></span> 
     </span>
    </p>
   </div>
   <div class='ocr_carea' id='block_1_8' title="bbox 182 1109 1792 1186">
    <p class='ocr_par' dir='ltr' id='par_1_8' title="bbox 182 1109 1792 1186">
     <span class='ocr_line' id='line_1_8' title="bbox 182 1109 1792 1186; baseline -0.006 -11"><span class='ocrx_word' id='word_1_63' title='bbox 182 1127 451 1185; x_wconf 60' lang='lat' dir='ltr'><strong>opacat.</strong></span> <span class='ocrx_word' id='word_1_64' title='bbox 500 1117 642 1186; x_wconf 83' lang='lat' dir='ltr'><strong>Quis</strong></span> <span class='ocrx_word' id='word_1_65' title='bbox 685 1124 775 1171; x_wconf 83' lang='lat' dir='ltr'><strong>est</strong></span> <span class='ocrx_word' id='word_1_66' title='bbox 815 1128 946 1184; x_wconf 89' lang='lat' dir='ltr'><strong>ergo</strong></span> <span class='ocrx_word' id='word_1_67' title='bbox 992 1111 1174 1168; x_wconf 79' lang='lat' dir='ltr'><strong>liber?</strong></span> <span class='ocrx_word' id='word_1_68' title='bbox 1214 1112 1331 1166; x_wconf 83' lang='lat' dir='ltr'><strong>isne</strong></span> <span class='ocrx_word' id='word_1_69' title='bbox 1373 1111 1463 1182; x_wconf 85' lang='lat' dir='ltr'><strong>qui</strong></span> <span class='ocrx_word' id='word_1_70' title='bbox 1506 1109 1649 1181; x_wconf 89' lang='lat' dir='ltr'><strong>quod</strong></span> <span class='ocrx_word' id='word_1_71' title='bbox 1680 1110 1792 1165; x_wconf 87' lang='lat' dir='ltr'><strong>vult</strong></span> 
     </span>
    </p>
   </div>
   <div class='ocr_carea' id='block_1_9' title="bbox 188 1201 1789 1280">
    <p class='ocr_par' dir='ltr' id='par_1_9' title="bbox 188 1201 1789 1280">
     <span class='ocr_line' id='line_1_9' title="bbox 188 1201 1789 1280; baseline -0.007 -10"><span class='ocrx_word' id='word_1_72' title='bbox 188 1214 337 1275; x_wconf 68' lang='lat' dir='ltr'><strong>ﬁcit.</strong></span> <span class='ocrx_word' id='word_1_73' title='bbox 364 1221 429 1268; x_wconf 86' lang='lat' dir='ltr'><strong>et</strong></span> <span class='ocrx_word' id='word_1_74' title='bbox 459 1226 532 1266; x_wconf 88' lang='lat' dir='ltr'><strong>ne</strong></span> <span class='ocrx_word' id='word_1_75' title='bbox 560 1223 753 1280; x_wconf 83' lang='lat' dir='ltr'><strong>regem</strong></span> <span class='ocrx_word' id='word_1_76' title='bbox 778 1207 996 1278; x_wconf 80' lang='lat' dir='ltr'><strong>quidem</strong></span> <span class='ocrx_word' id='word_1_77' title='bbox 1031 1204 1221 1260; x_wconf 90' lang='lat' dir='ltr'><strong>metuit</strong></span> <span class='ocrx_word' id='word_1_78' title='bbox 1248 1220 1262 1256; x_wconf 90' lang='lat'><strong>:</strong></span> <span class='ocrx_word' id='word_1_79' title='bbox 1290 1219 1358 1263; x_wconf 89' lang='lat' dir='ltr'><strong>an</strong></span> <span class='ocrx_word' id='word_1_80' title='bbox 1387 1218 1472 1274; x_wconf 65' lang='lat' dir='ltr'><strong>qu,</strong></span> <span class='ocrx_word' id='word_1_81' title='bbox 1517 1218 1549 1259; x_wconf 84' lang='lat' dir='ltr'><strong>a</strong></span> <span class='ocrx_word' id='word_1_82' title='bbox 1576 1201 1789 1258; x_wconf 87' lang='lat' dir='ltr'><strong>subdito</strong></span> 
     </span>
    </p>
   </div>
   <div class='ocr_carea' id='block_1_10' title="bbox 184 1292 1788 1363">
    <p class='ocr_par' dir='ltr' id='par_1_10' title="bbox 184 1292 1788 1363">
     <span class='ocr_line' id='line_1_10' title="bbox 184 1292 1788 1363; baseline -0.007 -4"><span class='ocrx_word' id='word_1_83' title='bbox 184 1299 729 1359; x_wconf 73' lang='lat' dir='ltr'><strong>suaenatemnitur?</strong></span> <span class='ocrx_word' id='word_1_84' title='bbox 762 1297 832 1354; x_wconf 80' lang='lat' dir='ltr'><strong>Et</strong></span> <span class='ocrx_word' id='word_1_85' title='bbox 873 1311 945 1353; x_wconf 90' lang='lat' dir='ltr'><strong>ne</strong></span> <span class='ocrx_word' id='word_1_86' title='bbox 982 1296 1040 1352; x_wconf 90' lang='lat' dir='ltr'><strong>in</strong></span> <span class='ocrx_word' id='word_1_87' title='bbox 1070 1294 1273 1350; x_wconf 86' lang='lat' dir='ltr'><strong>incerto</strong></span> <span class='ocrx_word' id='word_1_88' title='bbox 1298 1292 1545 1362; x_wconf 81' lang='lat' dir='ltr'><strong>exemplo</strong></span> <span class='ocrx_word' id='word_1_89' title='bbox 1586 1292 1788 1363; x_wconf 82' lang='lat' dir='ltr'><strong>prolixa</strong></span> 
     </span>
    </p>
   </div>
   <div class='ocr_carea' id='block_1_11' title="bbox 186 1383 1789 1455">
    <p class='ocr_par' dir='ltr' id='par_1_11' title="bbox 186 1383 1789 1455">
     <span class='ocr_line' id='line_1_11' title="bbox 186 1383 1789 1455; baseline -0.007 -7"><span class='ocrx_word' id='word_1_90' title='bbox 186 1406 397 1449; x_wconf 63' lang='lat' dir='ltr'><strong>nam</strong></span> <span class='ocrx_word' id='word_1_91' title='bbox 424 1391 687 1447; x_wconf 83' lang='lat' dir='ltr'><strong>oratione</strong></span> <span class='ocrx_word' id='word_1_92' title='bbox 726 1406 743 1443; x_wconf 93' lang='lat'><strong>:</strong></span> <span class='ocrx_word' id='word_1_93' title='bbox 781 1401 918 1443; x_wconf 87' lang='lat' dir='ltr'><strong>uxor</strong></span> <span class='ocrx_word' id='word_1_94' title='bbox 945 1385 1262 1455; x_wconf 67' lang='lat' dir='ltr'><strong>Pentepbraa</strong></span> <span class='ocrx_word' id='word_1_95' title='bbox 1284 1383 1537 1455; x_wconf 68' lang='lat' dir='ltr'><strong>Egyptia</strong></span> <span class='ocrx_word' id='word_1_96' title='bbox 1561 1421 1578 1447; x_wconf 92' lang='lat'><strong>,</strong></span> <span class='ocrx_word' id='word_1_97' title='bbox 1607 1396 1789 1437; x_wconf 80' lang='lat' dir='ltr'><strong>annon</strong></span> 
     </span>
    </p>
   </div>
   <div class='ocr_carea' id='block_1_12' title="bbox 186 1473 1789 1554">
    <p class='ocr_par' dir='ltr' id='par_1_12' title="bbox 186 1473 1789 1554">
     <span class='ocr_line' id='line_1_12' title="bbox 186 1473 1789 1554; baseline -0.007 -14"><span class='ocrx_word' id='word_1_98' title='bbox 186 1496 294 1540; x_wconf 81' lang='lat' dir='ltr'><strong>erat</strong></span> <span class='ocrx_word' id='word_1_99' title='bbox 316 1483 514 1554; x_wconf 81' lang='lat' dir='ltr'><strong>regina</strong></span> <span class='ocrx_word' id='word_1_100' title='bbox 540 1479 627 1551; x_wconf 74' lang='grc' dir='ltr'><strong>(α)</strong></span> <span class='ocrx_word' id='word_1_101' title='bbox 648 1479 677 1534; x_wconf 72' lang='grc' dir='ltr'><em>ἳ</em></span> <span class='ocrx_word' id='word_1_102' title='bbox 701 1492 883 1535; x_wconf 85' lang='lat' dir='ltr'><strong>annon</strong></span> <span class='ocrx_word' id='word_1_103' title='bbox 922 1477 1018 1533; x_wconf 88' lang='lat' dir='ltr'><strong>toti</strong></span> <span class='ocrx_word' id='word_1_104' title='bbox 1045 1475 1281 1548; x_wconf 65' lang='lat' dir='ltr'><strong>Egypto</strong></span> <span class='ocrx_word' id='word_1_105' title='bbox 1306 1473 1573 1546; x_wconf 67' lang='lat' dir='ltr'><strong>praeerat?</strong></span> <span class='ocrx_word' id='word_1_106' title='bbox 1607 1486 1789 1528; x_wconf 89' lang='lat' dir='ltr'><strong>annon</strong></span> 
     </span>
    </p>
   </div>
   <div class='ocr_carea' id='block_1_13' title="bbox 186 1565 1791 1644">
    <p class='ocr_par' dir='ltr' id='par_1_13' title="bbox 186 1565 1791 1644">
     <span class='ocr_line' id='line_1_13' title="bbox 186 1565 1791 1644; baseline -0.007 -13"><span class='ocrx_word' id='word_1_107' title='bbox 186 1574 415 1631; x_wconf 78' lang='lat' dir='ltr'><strong>hahehat</strong></span> <span class='ocrx_word' id='word_1_108' title='bbox 450 1586 648 1644; x_wconf 77' lang='lat' dir='ltr'><strong>regem</strong></span> <span class='ocrx_word' id='word_1_109' title='bbox 677 1567 1002 1641; x_wconf 76' lang='lat' dir='ltr'><strong>coniugem?</strong></span> <span class='ocrx_word' id='word_1_110' title='bbox 1033 1581 1213 1622; x_wconf 89' lang='lat' dir='ltr'><strong>annon</strong></span> <span class='ocrx_word' id='word_1_111' title='bbox 1241 1565 1531 1622; x_wconf 87' lang='lat' dir='ltr'><strong>maximam</strong></span> <span class='ocrx_word' id='word_1_112' title='bbox 1560 1565 1791 1622; x_wconf 86' lang='lat' dir='ltr'><strong>habebat</strong></span> 
     </span>
    </p>
   </div>
   <div class='ocr_carea' id='block_1_14' title="bbox 188 1653 1790 1734">
    <p class='ocr_par' dir='ltr' id='par_1_14' title="bbox 188 1653 1790 1734">
     <span class='ocr_line' id='line_1_14' title="bbox 188 1653 1790 1734; baseline -0.007 -13"><span class='ocrx_word' id='word_1_113' title='bbox 188 1672 506 1734; x_wconf 54' lang='lat' dir='ltr'><strong>mutem</strong></span> <span class='ocrx_word' id='word_1_114' title='bbox 533 1659 700 1732; x_wconf 68' lang='lat' dir='ltr'><strong>(Gen.</strong></span> <span class='ocrx_word' id='word_1_115' title='bbox 729 1659 821 1716; x_wconf 71' lang='grc' dir='ltr'><strong>ω.</strong></span> <span class='ocrx_word' id='word_1_116' title='bbox 849 1657 917 1728; x_wconf 85' lang='grc'><strong>7)</strong></span> <span class='ocrx_word' id='word_1_117' title='bbox 934 1657 961 1710; x_wconf 71' lang='grc' dir='ltr'><em>ἳ</em></span> <span class='ocrx_word' id='word_1_118' title='bbox 986 1654 1127 1724; x_wconf 86' lang='lat' dir='ltr'><strong>Quid</strong></span> <span class='ocrx_word' id='word_1_119' title='bbox 1160 1670 1289 1711; x_wconf 85' lang='lat' dir='ltr'><strong>vero</strong></span> <span class='ocrx_word' id='word_1_120' title='bbox 1322 1653 1566 1725; x_wconf 76' lang='lat' dir='ltr'><strong>loseth</strong></span> <span class='ocrx_word' id='word_1_121' title='bbox 1606 1669 1790 1711; x_wconf 83' lang='lat' dir='ltr'><strong>nonne</strong></span> 
     </span>
    </p>
   </div>
   <div class='ocr_carea' id='block_1_15' title="bbox 187 1742 1790 1819">
    <p class='ocr_par' dir='ltr' id='par_1_15' title="bbox 187 1742 1790 1819">
     <span class='ocr_line' id='line_1_15' title="bbox 187 1742 1790 1819; baseline -0.007 -8"><span class='ocrx_word' id='word_1_122' title='bbox 187 1768 366 1811; x_wconf 69' lang='lat' dir='ltr'><strong>savus</strong></span> <span class='ocrx_word' id='word_1_123' title='bbox 383 1753 413 1808; x_wconf 71' lang='lat'><strong><em>2</em></strong></span> <span class='ocrx_word' id='word_1_124' title='bbox 459 1764 655 1808; x_wconf 72' lang='lat' dir='ltr'><strong>nouis</strong></span> <span class='ocrx_word' id='word_1_125' title='bbox 683 1746 929 1819; x_wconf 82' lang='lat' dir='ltr'><strong>captivus</strong></span> <span class='ocrx_word' id='word_1_126' title='bbox 945 1747 972 1801; x_wconf 64' lang='grc' dir='ltr'><strong>ἲ</strong></span> <span class='ocrx_word' id='word_1_127' title='bbox 1009 1758 1188 1801; x_wconf 88' lang='lat' dir='ltr'><strong>nonne</strong></span> <span class='ocrx_word' id='word_1_128' title='bbox 1213 1742 1448 1801; x_wconf 78' lang='lat' dir='ltr'><strong>famulus</strong></span> <span class='ocrx_word' id='word_1_129' title='bbox 1470 1744 1745 1816; x_wconf 87' lang='lat' dir='ltr'><strong>emptitius</strong></span> <span class='ocrx_word' id='word_1_130' title='bbox 1763 1743 1790 1799; x_wconf 76' lang='lat'><strong>?</strong></span> 
     </span>
    </p>
   </div>
   <div class='ocr_carea' id='block_1_16' title="bbox 186 1835 1776 1903">
    <p class='ocr_par' dir='ltr' id='par_1_16' title="bbox 186 1835 1776 1903">
     <span class='ocr_line' id='line_1_16' title="bbox 186 1835 1776 1903; baseline -0.008 1"><span class='ocrx_word' id='word_1_131' title='bbox 186 1860 357 1903; x_wconf 82' lang='lat' dir='ltr'><strong>assae</strong></span> <span class='ocrx_word' id='word_1_132' title='bbox 392 1844 491 1901; x_wconf 69' lang='lat' dir='ltr'><strong>illa</strong></span> <span class='ocrx_word' id='word_1_133' title='bbox 535 1842 808 1899; x_wconf 70' lang='lat' dir='ltr'><strong>adversm</strong></span> <span class='ocrx_word' id='word_1_134' title='bbox 843 1838 1235 1894; x_wconf 83' lang='lat' dir='ltr'><strong>adolescentem</strong></span> <span class='ocrx_word' id='word_1_135' title='bbox 1260 1850 1475 1892; x_wconf 88' lang='lat' dir='ltr'><strong>omnem</strong></span> <span class='ocrx_word' id='word_1_136' title='bbox 1500 1836 1675 1892; x_wconf 89' lang='lat' dir='ltr'><strong>aciem</strong></span> <span class='ocrx_word' id='word_1_137' title='bbox 1702 1835 1776 1891; x_wconf 79' lang='lat' dir='ltr'><strong>in-</strong></span> 
     </span>
    </p>
   </div>
   <div class='ocr_carea' id='block_1_17' title="bbox 185 1925 1788 2001">
    <p class='ocr_par' dir='ltr' id='par_1_17' title="bbox 185 1925 1788 2001">
     <span class='ocr_line' id='line_1_17' title="bbox 185 1925 1788 2001; baseline -0.006 -9"><span class='ocrx_word' id='word_1_138' title='bbox 185 1938 374 1992; x_wconf 73' lang='lat' dir='ltr'><strong>struxit</strong></span> <span class='ocrx_word' id='word_1_139' title='bbox 394 1976 413 2001; x_wconf 93' lang='lat'><strong>,</strong></span> <span class='ocrx_word' id='word_1_140' title='bbox 451 1947 565 1989; x_wconf 87' lang='lat' dir='ltr'><strong>non</strong></span> <span class='ocrx_word' id='word_1_141' title='bbox 610 1931 706 1987; x_wconf 88' lang='lat' dir='ltr'><strong>alii</strong></span> <span class='ocrx_word' id='word_1_142' title='bbox 750 1928 877 1986; x_wconf 80' lang='lat' dir='ltr'><strong>belli</strong></span> <span class='ocrx_word' id='word_1_143' title='bbox 920 1942 1104 1984; x_wconf 88' lang='lat' dir='ltr'><strong>curam</strong></span> <span class='ocrx_word' id='word_1_144' title='bbox 1133 1927 1472 1983; x_wconf 88' lang='lat' dir='ltr'><strong>committens</strong></span> <span class='ocrx_word' id='word_1_145' title='bbox 1493 1967 1510 1993; x_wconf 93' lang='lat'><strong>,</strong></span> <span class='ocrx_word' id='word_1_146' title='bbox 1550 1925 1644 1983; x_wconf 86' lang='lat' dir='ltr'><strong>sed</strong></span> <span class='ocrx_word' id='word_1_147' title='bbox 1674 1927 1788 1997; x_wconf 90' lang='lat' dir='ltr'><strong>ipsa</strong></span> 
     </span>
    </p>
   </div>
   <div class='ocr_carea' id='block_1_18' title="bbox 186 2021 1788 2093">
    <p class='ocr_par' dir='ltr' id='par_1_18' title="bbox 186 2021 1788 2093">
     <span class='ocr_line' id='line_1_18' title="bbox 186 2021 1788 2093; baseline -0.007 -6"><span class='ocrx_word' id='word_1_148' title='bbox 186 2028 521 2087; x_wconf 56' lang='lat' dir='ltr'><strong>ducalius</strong></span> <span class='ocrx_word' id='word_1_149' title='bbox 548 2026 615 2083; x_wconf 87' lang='lat' dir='ltr'><strong>in</strong></span> <span class='ocrx_word' id='word_1_150' title='bbox 639 2023 860 2082; x_wconf 74' lang='lat' dir='ltr'><strong>aciem?</strong></span> <span class='ocrx_word' id='word_1_151' title='bbox 904 2021 1038 2090; x_wconf 85' lang='lat' dir='ltr'><strong>Quis</strong></span> <span class='ocrx_word' id='word_1_152' title='bbox 1075 2036 1205 2093; x_wconf 79' lang='lat' dir='ltr'><strong>ergo</strong></span> <span class='ocrx_word' id='word_1_153' title='bbox 1248 2029 1378 2077; x_wconf 90' lang='lat' dir='ltr'><strong>tunc</strong></span> <span class='ocrx_word' id='word_1_154' title='bbox 1417 2028 1537 2078; x_wconf 80' lang='lat' dir='ltr'><strong>erat</strong></span> <span class='ocrx_word' id='word_1_155' title='bbox 1576 2033 1788 2084; x_wconf 87' lang='lat' dir='ltr'><strong>servus,</strong></span> 
     </span>
    </p>
   </div>
   <div class='ocr_carea' id='block_1_19' title="bbox 187 2112 1793 2192">
    <p class='ocr_par' dir='ltr' id='par_1_19' title="bbox 187 2112 1793 2192">
     <span class='ocr_line' id='line_1_19' title="bbox 187 2112 1793 2192; baseline -0.007 -14"><span class='ocrx_word' id='word_1_156' title='bbox 187 2122 301 2192; x_wconf 60' lang='grc' dir='ltr'><strong>φὶ</strong></span> <span class='ocrx_word' id='word_1_157' title='bbox 323 2121 473 2177; x_wconf 86' lang='lat' dir='ltr'><strong>liber</strong></span> <span class='ocrx_word' id='word_1_158' title='bbox 488 2120 519 2175; x_wconf 71' lang='grc' dir='ltr'>τ</span> <span class='ocrx_word' id='word_1_159' title='bbox 546 2117 720 2174; x_wconf 85' lang='lat' dir='ltr'><strong>illane</strong></span> <span class='ocrx_word' id='word_1_160' title='bbox 747 2130 869 2187; x_wconf 66' lang='lat' dir='ltr'><strong>qua:</strong></span> <span class='ocrx_word' id='word_1_161' title='bbox 892 2113 1233 2186; x_wconf 84' lang='lat' dir='ltr'><strong>precabatur,</strong></span> <span class='ocrx_word' id='word_1_162' title='bbox 1261 2113 1480 2178; x_wconf 86' lang='lat' dir='ltr'><strong>orabat,</strong></span> <span class='ocrx_word' id='word_1_163' title='bbox 1506 2120 1563 2169; x_wconf 88' lang='lat' dir='ltr'><strong>et</strong></span> <span class='ocrx_word' id='word_1_164' title='bbox 1586 2112 1793 2186; x_wconf 86' lang='lat' dir='ltr'><strong>suppli-</strong></span> 
     </span>
    </p>
   </div>
   <div class='ocr_carea' id='block_1_20' title="bbox 186 2203 1792 2277">
    <p class='ocr_par' dir='ltr' id='par_1_20' title="bbox 186 2203 1792 2277">
     <span class='ocr_line' id='line_1_20' title="bbox 186 2203 1792 2277; baseline -0.006 -8"><span class='ocrx_word' id='word_1_165' title='bbox 186 2211 354 2277; x_wconf 82' lang='lat' dir='ltr'><strong>cahat,</strong></span> <span class='ocrx_word' id='word_1_166' title='bbox 379 2219 444 2268; x_wconf 83' lang='lat' dir='ltr'><strong>et</strong></span> <span class='ocrx_word' id='word_1_167' title='bbox 466 2224 587 2266; x_wconf 76' lang='lat' dir='ltr'><strong>non</strong></span> <span class='ocrx_word' id='word_1_168' title='bbox 617 2206 848 2271; x_wconf 86' lang='lat' dir='ltr'><strong>homini.</strong></span> <span class='ocrx_word' id='word_1_169' title='bbox 868 2205 965 2263; x_wconf 85' lang='lat' dir='ltr'><strong>sed</strong></span> <span class='ocrx_word' id='word_1_170' title='bbox 989 2203 1384 2275; x_wconf 87' lang='lat' dir='ltr'><strong>improbissimo</strong></span> <span class='ocrx_word' id='word_1_171' title='bbox 1406 2204 1569 2260; x_wconf 86' lang='lat' dir='ltr'><strong>animi</strong></span> <span class='ocrx_word' id='word_1_172' title='bbox 1598 2203 1792 2261; x_wconf 87' lang='lat' dir='ltr'><strong>morbo</strong></span> 
     </span>
    </p>
   </div>
   <div class='ocr_carea' id='block_1_21' title="bbox 186 2292 1786 2369">
    <p class='ocr_par' dir='ltr' id='par_1_21' title="bbox 186 2292 1786 2369">
     <span class='ocr_line' id='line_1_21' title="bbox 186 2292 1786 2369; baseline -0.006 -11"><span class='ocrx_word' id='word_1_173' title='bbox 186 2300 457 2357; x_wconf 58' lang='lat' dir='ltr'><strong>serviwat</strong></span> <span class='ocrx_word' id='word_1_174' title='bbox 475 2315 493 2354; x_wconf 91' lang='lat'><strong>:</strong></span> <span class='ocrx_word' id='word_1_175' title='bbox 514 2313 595 2354; x_wconf 84' lang='lat' dir='ltr'><strong>an</strong></span> <span class='ocrx_word' id='word_1_176' title='bbox 620 2298 668 2353; x_wconf 87' lang='lat' dir='ltr'><strong>is</strong></span> <span class='ocrx_word' id='word_1_177' title='bbox 688 2296 784 2369; x_wconf 86' lang='lat' dir='ltr'><strong>qui</strong></span> <span class='ocrx_word' id='word_1_178' title='bbox 806 2293 1185 2352; x_wconf 87' lang='lat' dir='ltr'><strong>contemnebat</strong></span> <span class='ocrx_word' id='word_1_179' title='bbox 1200 2292 1469 2361; x_wconf 87' lang='lat' dir='ltr'><strong>diadema,</strong></span> <span class='ocrx_word' id='word_1_180' title='bbox 1492 2302 1786 2365; x_wconf 76' lang='lat' dir='ltr'><strong>sceptrum,</strong></span> 
     </span>
    </p>
   </div>
   <div class='ocr_carea' id='block_1_22' title="bbox 191 2386 1792 2463">
    <p class='ocr_par' dir='ltr' id='par_1_22' title="bbox 191 2386 1792 2463">
     <span class='ocr_line' id='line_1_22' title="bbox 191 2386 1792 2463; baseline -0.002 -16"><span class='ocrx_word' id='word_1_181' title='bbox 191 2406 479 2463; x_wconf 73' lang='lat' dir='ltr'><strong>par-pana-</strong></span> <span class='ocrx_word' id='word_1_182' title='bbox 500 2431 521 2455; x_wconf 90' lang='lat'><strong>,</strong></span> <span class='ocrx_word' id='word_1_183' title='bbox 564 2398 628 2447; x_wconf 84' lang='lat' dir='ltr'><strong>et</strong></span> <span class='ocrx_word' id='word_1_184' title='bbox 671 2402 889 2445; x_wconf 90' lang='lat' dir='ltr'><strong>omnem</strong></span> <span class='ocrx_word' id='word_1_185' title='bbox 930 2387 1074 2443; x_wconf 85' lang='lat' dir='ltr'><strong>illam</strong></span> <span class='ocrx_word' id='word_1_186' title='bbox 1116 2396 1397 2444; x_wconf 75' lang='lat' dir='ltr'><strong>externam</strong></span> <span class='ocrx_word' id='word_1_187' title='bbox 1446 2386 1682 2457; x_wconf 87' lang='lat' dir='ltr'><strong>speciem</strong></span> <span class='ocrx_word' id='word_1_188' title='bbox 1725 2400 1792 2444; x_wconf 86' lang='lat' dir='ltr'><strong>ac</strong></span> 
     </span>
    </p>
   </div>
   <div class='ocr_carea' id='block_1_23' title="bbox 190 2474 1792 2554">
    <p class='ocr_par' dir='ltr' id='par_1_23' title="bbox 190 2474 1792 2554">
     <span class='ocr_line' id='line_1_23' title="bbox 190 2474 1792 2554; baseline -0.002 -17"><span class='ocrx_word' id='word_1_189' title='bbox 190 2496 463 2554; x_wconf 66' lang='grc' dir='ltr'><strong>μειβ..</strong></span> <span class='ocrx_word' id='word_1_190' title='bbox 491 2489 553 2536; x_wconf 83' lang='lat' dir='ltr'><strong>et</strong></span> <span class='ocrx_word' id='word_1_191' title='bbox 584 2476 930 2535; x_wconf 77' lang='lat' dir='ltr'><strong>rescindebat</strong></span> <span class='ocrx_word' id='word_1_192' title='bbox 951 2477 1070 2549; x_wconf 76' lang='lat' dir='ltr'><strong>eius</strong></span> <span class='ocrx_word' id='word_1_193' title='bbox 1091 2474 1577 2534; x_wconf 81' lang='lat' dir='ltr'><strong>machinationem?</strong></span> <span class='ocrx_word' id='word_1_194' title='bbox 1601 2475 1792 2533; x_wconf 80' lang='lat' dir='ltr'><strong>Nonne</strong></span> 
     </span>
    </p>
   </div>
   <div class='ocr_carea' id='block_1_24' title="bbox 191 2566 1793 2645">
    <p class='ocr_par' dir='ltr' id='par_1_24' title="bbox 191 2566 1793 2645">
     <span class='ocr_line' id='line_1_24' title="bbox 191 2566 1793 2645; baseline -0.001 -20"><span class='ocrx_word' id='word_1_195' title='bbox 191 2569 825 2645; x_wconf 61' lang='lat' dir='ltr'><strong>Esquilini-epulum</strong></span> <span class='ocrx_word' id='word_1_196' title='bbox 851 2566 1455 2640; x_wconf 57' lang='lat' dir='ltr'><strong>panarecessigetalii</strong></span> <span class='ocrx_word' id='word_1_197' title='bbox 1477 2568 1793 2625; x_wconf 89' lang='lat' dir='ltr'><strong>rursusani-</strong></span> 
     </span>
    </p>
   </div>
   <div class='ocr_carea' id='block_1_25' title="bbox 188 2659 1792 2732">
    <p class='ocr_par' dir='ltr' id='par_1_25' title="bbox 188 2659 1792 2732">
     <span class='ocr_line' id='line_1_25' title="bbox 188 2659 1792 2732; baseline -0.001 -15"><span class='ocrx_word' id='word_1_198' title='bbox 188 2664 259 2717; x_wconf 76' lang='lat' dir='ltr'><strong>aii</strong></span> <span class='ocrx_word' id='word_1_199' title='bbox 274 2663 474 2720; x_wconf 74' lang='lat' dir='ltr'><strong>mut-ho</strong></span> <span class='ocrx_word' id='word_1_200' title='bbox 490 2661 802 2732; x_wconf 76' lang='lat' dir='ltr'><strong>mancipata</strong></span> <span class='ocrx_word' id='word_1_201' title='bbox 818 2668 925 2725; x_wconf 87' lang='lat' dir='ltr'><strong>est,</strong></span> <span class='ocrx_word' id='word_1_202' title='bbox 952 2673 1144 2731; x_wconf 85' lang='lat' dir='ltr'><strong>nempe</strong></span> <span class='ocrx_word' id='word_1_203' title='bbox 1172 2659 1288 2728; x_wconf 62' lang='lat' dir='ltr'><strong>ira,</strong></span> <span class='ocrx_word' id='word_1_204' title='bbox 1310 2674 1432 2731; x_wconf 65' lang='lat' dir='ltr'><strong>quae</strong></span> <span class='ocrx_word' id='word_1_205' title='bbox 1451 2659 1658 2716; x_wconf 84' lang='lat' dir='ltr'><strong>ratione</strong></span> <span class='ocrx_word' id='word_1_206' title='bbox 1680 2674 1792 2716; x_wconf 88' lang='lat' dir='ltr'><strong>non</strong></span> 
     </span>
    </p>
   </div>
   <div class='ocr_carea' id='block_1_26' title="bbox 192 2748 1793 2825">
    <p class='ocr_par' dir='ltr' id='par_1_26' title="bbox 192 2748 1793 2825">
     <span class='ocr_line' id='line_1_26' title="bbox 192 2748 1793 2825; baseline -0.002 -15"><span class='ocrx_word' id='word_1_207' title='bbox 192 2754 409 2825; x_wconf 54' lang='lat' dir='ltr'><strong>rugitu,</strong></span> <span class='ocrx_word' id='word_1_208' title='bbox 441 2762 499 2809; x_wconf 83' lang='lat' dir='ltr'><strong>et</strong></span> <span class='ocrx_word' id='word_1_209' title='bbox 533 2750 833 2817; x_wconf 64' lang='lat' dir='ltr'><strong>vindicta;</strong></span> <span class='ocrx_word' id='word_1_210' title='bbox 874 2748 1123 2813; x_wconf 84' lang='lat' dir='ltr'><strong>bicvero</strong></span> <span class='ocrx_word' id='word_1_211' title='bbox 1156 2749 1289 2805; x_wconf 88' lang='lat' dir='ltr'><strong>exiit</strong></span> <span class='ocrx_word' id='word_1_212' title='bbox 1324 2749 1501 2819; x_wconf 84' lang='lat' dir='ltr'><strong>capite</strong></span> <span class='ocrx_word' id='word_1_213' title='bbox 1541 2748 1793 2807; x_wconf 77' lang='lat' dir='ltr'><strong>redimite</strong></span> 
     </span>
    </p>
   </div>
   <div class='ocr_carea' id='block_1_27' title="bbox 192 2838 1791 2910">
    <p class='ocr_par' dir='ltr' id='par_1_27' title="bbox 192 2838 1791 2910">
     <span class='ocr_line' id='line_1_27' title="bbox 192 2838 1791 2910; baseline -0.002 -10"><span class='ocrx_word' id='word_1_214' title='bbox 192 2845 404 2900; x_wconf 68' lang='lat' dir='ltr'><strong>maia</strong></span> <span class='ocrx_word' id='word_1_215' title='bbox 452 2840 783 2909; x_wconf 78' lang='lat' dir='ltr'><strong>innumeris,</strong></span> <span class='ocrx_word' id='word_1_216' title='bbox 828 2849 886 2896; x_wconf 88' lang='lat' dir='ltr'><strong>et</strong></span> <span class='ocrx_word' id='word_1_217' title='bbox 928 2838 983 2895; x_wconf 89' lang='lat' dir='ltr'><strong>in</strong></span> <span class='ocrx_word' id='word_1_218' title='bbox 1026 2838 1140 2910; x_wconf 86' lang='lat' dir='ltr'><strong>ipsa</strong></span> <span class='ocrx_word' id='word_1_219' title='bbox 1184 2839 1445 2896; x_wconf 74' lang='lat' dir='ltr'><strong>servitute</strong></span> <span class='ocrx_word' id='word_1_220' title='bbox 1487 2838 1791 2897; x_wconf 87' lang='lat' dir='ltr'><strong>libertatem</strong></span> 
     </span>
    </p>
   </div>
   <div class='ocr_carea' id='block_1_28' title="bbox 194 2928 1231 3005">
    <p class='ocr_par' dir='ltr' id='par_1_28' title="bbox 194 2928 1231 3005">
     <span class='ocr_line' id='line_1_28' title="bbox 194 2928 1231 3005; baseline -0.008 -16"><span class='ocrx_word' id='word_1_221' title='bbox 194 2935 361 3005; x_wconf 59' lang='lat' dir='ltr'><strong>agi</strong></span> <span class='ocrx_word' id='word_1_222' title='bbox 397 2930 851 3002; x_wconf 83' lang='lat' dir='ltr'><strong>resplendentem</strong></span> <span class='ocrx_word' id='word_1_223' title='bbox 891 2928 1179 2985; x_wconf 86' lang='lat' dir='ltr'><strong>ostendens</strong></span> <span class='ocrx_word' id='word_1_224' title='bbox 1203 2928 1231 2981; x_wconf 74' lang='grc' dir='ltr'><strong><em>τ</em></strong></span> 
     </span>
    </p>
   </div>
   <div class='ocr_carea' id='block_1_29' title="bbox 259 3016 1791 3085">
    <p class='ocr_par' dir='ltr' id='par_1_29' title="bbox 259 3016 1791 3085">
     <span class='ocr_line' id='line_1_29' title="bbox 259 3016 1791 3085; baseline -0.002 -5"><span class='ocrx_word' id='word_1_225' title='bbox 259 3024 349 3082; x_wconf 64' lang='lat' dir='ltr'><strong>il.</strong></span> <span class='ocrx_word' id='word_1_226' title='bbox 384 3020 570 3079; x_wconf 71' lang='lat' dir='ltr'><strong>Virtus</strong></span> <span class='ocrx_word' id='word_1_227' title='bbox 594 3020 793 3085; x_wconf 59' lang='lat' dir='ltr'><strong>liba-tt;</strong></span> <span class='ocrx_word' id='word_1_228' title='bbox 815 3018 995 3074; x_wconf 63' lang='lat' dir='ltr'><strong>vitiant</strong></span> <span class='ocrx_word' id='word_1_229' title='bbox 1018 3033 1236 3075; x_wconf 71' lang='lat' dir='ltr'><strong>urunt.</strong></span> <span class='ocrx_word' id='word_1_230' title='bbox 1259 3047 1333 3060; x_wconf 92' lang='lat'><strong><em>—</em></strong></span> <span class='ocrx_word' id='word_1_231' title='bbox 1358 3016 1501 3076; x_wconf 80' lang='lat' dir='ltr'><strong>Nihil</strong></span> <span class='ocrx_word' id='word_1_232' title='bbox 1524 3027 1610 3077; x_wconf 88' lang='lat' dir='ltr'><strong>est</strong></span> <span class='ocrx_word' id='word_1_233' title='bbox 1644 3019 1791 3078; x_wconf 89' lang='lat' dir='ltr'><strong>enim</strong></span> 
     </span>
    </p>
   </div>
   <div class='ocr_carea' id='block_1_30' title="bbox 195 3109 1789 3185">
    <p class='ocr_par' dir='ltr' id='par_1_30' title="bbox 195 3109 1789 3185">
     <span class='ocr_line' id='line_1_30' title="bbox 195 3109 1789 3185; baseline -0.001 -14"><span class='ocrx_word' id='word_1_234' title='bbox 195 3130 343 3185; x_wconf 71' lang='lat' dir='ltr'><strong>aqua</strong></span> <span class='ocrx_word' id='word_1_235' title='bbox 360 3115 605 3171; x_wconf 70' lang='lat' dir='ltr'><strong>Ehenm</strong></span> <span class='ocrx_word' id='word_1_236' title='bbox 629 3121 690 3169; x_wconf 90' lang='lat' dir='ltr'><strong>ut</strong></span> <span class='ocrx_word' id='word_1_237' title='bbox 713 3113 903 3180; x_wconf 85' lang='lat' dir='ltr'><strong>virtus,</strong></span> <span class='ocrx_word' id='word_1_238' title='bbox 932 3109 1063 3167; x_wconf 83' lang='lat' dir='ltr'><strong>nihil</strong></span> <span class='ocrx_word' id='word_1_239' title='bbox 1084 3125 1238 3183; x_wconf 64' lang='lat' dir='ltr'><strong>aqua</strong></span> <span class='ocrx_word' id='word_1_240' title='bbox 1259 3125 1477 3169; x_wconf 83' lang='lat' dir='ltr'><strong>servum</strong></span> <span class='ocrx_word' id='word_1_241' title='bbox 1500 3121 1562 3168; x_wconf 90' lang='lat' dir='ltr'><strong>ut</strong></span> <span class='ocrx_word' id='word_1_242' title='bbox 1580 3112 1789 3169; x_wconf 87' lang='lat' dir='ltr'><strong>vitium.</strong></span> 
     </span>
    </p>
   </div>
   <div class='ocr_carea' id='block_1_31' title="bbox 196 3201 1794 3275">
    <p class='ocr_par' dir='ltr' id='par_1_31' title="bbox 196 3201 1794 3275">
     <span class='ocr_line' id='line_1_31' title="bbox 196 3201 1794 3275; baseline -0.003 -10"><span class='ocrx_word' id='word_1_243' title='bbox 196 3206 431 3264; x_wconf 69' lang='lat' dir='ltr'><strong>staec</strong></span> <span class='ocrx_word' id='word_1_244' title='bbox 480 3204 619 3261; x_wconf 84' lang='lat' dir='ltr'><strong>dicit</strong></span> <span class='ocrx_word' id='word_1_245' title='bbox 659 3203 826 3261; x_wconf 84' lang='lat' dir='ltr'><strong>etiam</strong></span> <span class='ocrx_word' id='word_1_246' title='bbox 865 3202 995 3259; x_wconf 88' lang='lat' dir='ltr'><strong>alibi</strong></span> <span class='ocrx_word' id='word_1_247' title='bbox 1035 3201 1794 3275; x_wconf 69' lang='lat' dir='ltr'><strong>quispiam:Sapisnsmus</strong></span> 
     </span>
    </p>
   </div>
   <div class='ocr_carea' id='block_1_32' title="bbox 198 3293 1789 3367">
    <p class='ocr_par' dir='ltr' id='par_1_32' title="bbox 198 3293 1789 3367">
     <span class='ocr_line' id='line_1_32' title="bbox 198 3293 1789 3367; baseline -0.003 -12"><span class='ocrx_word' id='word_1_248' title='bbox 198 3298 434 3355; x_wconf 53' lang='lat' dir='ltr'><strong>ab“!</strong></span> <span class='ocrx_word' id='word_1_249' title='bbox 461 3297 787 3353; x_wconf 65' lang='lat' dir='ltr'><strong>dandum</strong></span> <span class='ocrx_word' id='word_1_250' title='bbox 821 3294 879 3351; x_wconf 81' lang='lat' dir='ltr'><strong>in</strong></span> <span class='ocrx_word' id='word_1_251' title='bbox 904 3294 1133 3350; x_wconf 60' lang='lat' dir='ltr'><strong>domitu</strong></span> <span class='ocrx_word' id='word_1_252' title='bbox 1157 3294 1452 3366; x_wconf 73' lang='lat' dir='ltr'><strong>insipientes</strong></span> <span class='ocrx_word' id='word_1_253' title='bbox 1476 3293 1671 3367; x_wconf 72' lang='lat' dir='ltr'><strong>(Prov.</strong></span> <span class='ocrx_word' id='word_1_254' title='bbox 1698 3294 1789 3352; x_wconf 84' lang='lat' dir='ltr'><strong>l7.</strong></span> 
     </span>
    </p>
   </div>
   <div class='ocr_carea' id='block_1_33' title="bbox 196 3379 1795 3460">
    <p class='ocr_par' dir='ltr' id='par_1_33' title="bbox 196 3379 1795 3460">
     <span class='ocr_line' id='line_1_33' title="bbox 196 3379 1795 3460; baseline -0.001 -16"><span class='ocrx_word' id='word_1_255' title='bbox 196 3389 290 3460; x_wconf 73' lang='grc' dir='ltr'><strong>ι).</strong></span> <span class='ocrx_word' id='word_1_256' title='bbox 332 3385 811 3458; x_wconf 67' lang='lat' dir='ltr'><strong>Quemadmodum</strong></span> <span class='ocrx_word' id='word_1_257' title='bbox 852 3384 998 3442; x_wconf 88' lang='lat' dir='ltr'><strong>enim</strong></span> <span class='ocrx_word' id='word_1_258' title='bbox 1034 3379 1313 3457; x_wconf 78' lang='lat' dir='ltr'><strong>captivus,</strong></span> <span class='ocrx_word' id='word_1_259' title='bbox 1356 3385 1459 3443; x_wconf 84' lang='lat' dir='ltr'><strong>etsi</strong></span> <span class='ocrx_word' id='word_1_260' title='bbox 1502 3386 1795 3443; x_wconf 86' lang='lat' dir='ltr'><strong>immensas</strong></span> 
     </span>
    </p>
   </div>
   <div class='ocr_carea' id='block_1_34' title="bbox 198 3473 1794 3549">
    <p class='ocr_par' dir='ltr' id='par_1_34' title="bbox 198 3473 1794 3549">
     <span class='ocr_line' id='line_1_34' title="bbox 198 3473 1794 3549; baseline -0.001 -16"><span class='ocrx_word' id='word_1_261' title='bbox 198 3475 660 3541; x_wconf 73' lang='lat' dir='ltr'><strong>iaheatdivitias.</strong></span> <span class='ocrx_word' id='word_1_262' title='bbox 704 3488 775 3532; x_wconf 88' lang='lat' dir='ltr'><strong>eo</strong></span> <span class='ocrx_word' id='word_1_263' title='bbox 819 3474 937 3546; x_wconf 85' lang='lat' dir='ltr'><strong>ipso</strong></span> <span class='ocrx_word' id='word_1_264' title='bbox 972 3473 1132 3532; x_wconf 77' lang='lat' dir='ltr'><strong>facile</strong></span> <span class='ocrx_word' id='word_1_265' title='bbox 1174 3477 1294 3548; x_wconf 84' lang='lat' dir='ltr'><strong>capi</strong></span> <span class='ocrx_word' id='word_1_266' title='bbox 1338 3483 1515 3547; x_wconf 88' lang='lat' dir='ltr'><strong>potest</strong></span> <span class='ocrx_word' id='word_1_267' title='bbox 1539 3484 1597 3534; x_wconf 87' lang='lat' dir='ltr'><strong>et</strong></span> <span class='ocrx_word' id='word_1_268' title='bbox 1621 3491 1794 3549; x_wconf 85' lang='lat' dir='ltr'><strong>expu-</strong></span> 
     </span>
    </p>
   </div>
   <div class='ocr_carea' id='block_1_35' title="bbox 198 3565 1793 3638">
    <p class='ocr_par' dir='ltr' id='par_1_35' title="bbox 198 3565 1793 3638">
     <span class='ocr_line' id='line_1_35' title="bbox 198 3565 1793 3638; baseline -0.001 -14"><span class='ocrx_word' id='word_1_269' title='bbox 198 3568 341 3638; x_wconf 71' lang='lat' dir='ltr'><strong>gnu-i</strong></span> <span class='ocrx_word' id='word_1_270' title='bbox 366 3568 446 3624; x_wconf 81' lang='lat' dir='ltr'><strong>ab</strong></span> <span class='ocrx_word' id='word_1_271' title='bbox 472 3565 730 3622; x_wconf 82' lang='lat' dir='ltr'><strong>omnibus</strong></span> <span class='ocrx_word' id='word_1_272' title='bbox 756 3582 771 3620; x_wconf 92' lang='lat'><strong>:</strong></span> <span class='ocrx_word' id='word_1_273' title='bbox 797 3566 868 3622; x_wconf 87' lang='lat' dir='ltr'><strong>ita</strong></span> <span class='ocrx_word' id='word_1_274' title='bbox 895 3565 1057 3622; x_wconf 88' lang='lat' dir='ltr'><strong>etiam</strong></span> <span class='ocrx_word' id='word_1_275' title='bbox 1082 3565 1171 3638; x_wconf 90' lang='lat' dir='ltr'><strong>qui</strong></span> <span class='ocrx_word' id='word_1_276' title='bbox 1212 3566 1283 3623; x_wconf 88' lang='lat' dir='ltr'><strong>ab</strong></span> <span class='ocrx_word' id='word_1_277' title='bbox 1307 3566 1470 3622; x_wconf 89' lang='lat' dir='ltr'><strong>animi</strong></span> <span class='ocrx_word' id='word_1_278' title='bbox 1508 3566 1793 3637; x_wconf 84' lang='lat' dir='ltr'><strong>perturba-</strong></span> 
     </span>
    </p>
   </div>
   <div class='ocr_carea' id='block_1_36' title="bbox 204 3655 1794 3728">
    <p class='ocr_par' dir='ltr' id='par_1_36' title="bbox 204 3655 1794 3728">
     <span class='ocr_line' id='line_1_36' title="bbox 204 3655 1794 3728; baseline -0.001 -14"><span class='ocrx_word' id='word_1_279' title='bbox 204 3658 434 3714; x_wconf 73' lang='lat' dir='ltr'><strong>tionibus</strong></span> <span class='ocrx_word' id='word_1_280' title='bbox 458 3664 657 3728; x_wconf 86' lang='lat' dir='ltr'><strong>captus</strong></span> <span class='ocrx_word' id='word_1_281' title='bbox 682 3662 801 3723; x_wconf 86' lang='lat' dir='ltr'><strong>est,</strong></span> <span class='ocrx_word' id='word_1_282' title='bbox 826 3663 911 3711; x_wconf 88' lang='lat' dir='ltr'><strong>est</strong></span> <span class='ocrx_word' id='word_1_283' title='bbox 935 3655 1041 3712; x_wconf 89' lang='lat' dir='ltr'><strong>tela</strong></span> <span class='ocrx_word' id='word_1_284' title='bbox 1064 3669 1278 3711; x_wconf 66' lang='lat' dir='ltr'><strong>araneae</strong></span> <span class='ocrx_word' id='word_1_285' title='bbox 1300 3656 1477 3712; x_wconf 86' lang='lat' dir='ltr'><strong>vilior.</strong></span> <span class='ocrx_word' id='word_1_286' title='bbox 1498 3655 1637 3726; x_wconf 84' lang='lat' dir='ltr'><strong>Quid</strong></span> <span class='ocrx_word' id='word_1_287' title='bbox 1664 3671 1794 3713; x_wconf 90' lang='lat' dir='ltr'><strong>vero</strong></span> 
     </span>
    </p>
   </div>
   <div class='ocr_carea' id='block_1_37' title="bbox 203 3746 1795 3818">
    <p class='ocr_par' dir='ltr' id='par_1_37' title="bbox 203 3746 1795 3818">
     <span class='ocr_line' id='line_1_37' title="bbox 203 3746 1795 3818; baseline 0 -13"><span class='ocrx_word' id='word_1_288' title='bbox 203 3751 253 3805; x_wconf 86' lang='lat' dir='ltr'><strong>ia</strong></span> <span class='ocrx_word' id='word_1_289' title='bbox 278 3748 429 3807; x_wconf 81' lang='lat' dir='ltr'><strong>bello</strong></span> <span class='ocrx_word' id='word_1_290' title='bbox 452 3748 479 3802; x_wconf 75' lang='grc' dir='ltr'><em>ἳ</em></span> <span class='ocrx_word' id='word_1_291' title='bbox 501 3762 686 3803; x_wconf 85' lang='lat' dir='ltr'><strong>annon</strong></span> <span class='ocrx_word' id='word_1_292' title='bbox 710 3761 806 3803; x_wconf 88' lang='lat' dir='ltr'><strong>eos</strong></span> <span class='ocrx_word' id='word_1_293' title='bbox 833 3746 1075 3803; x_wconf 77' lang='lat' dir='ltr'><strong>videmus</strong></span> <span class='ocrx_word' id='word_1_294' title='bbox 1088 3747 1355 3807; x_wconf 69' lang='lat' dir='ltr'><strong>vincere!</strong></span> <span class='ocrx_word' id='word_1_295' title='bbox 1386 3746 1527 3818; x_wconf 84' lang='lat' dir='ltr'><strong>Quid</strong></span> <span class='ocrx_word' id='word_1_296' title='bbox 1551 3748 1606 3803; x_wconf 91' lang='lat' dir='ltr'><strong>in</strong></span> <span class='ocrx_word' id='word_1_297' title='bbox 1631 3747 1795 3805; x_wconf 81' lang='lat' dir='ltr'><strong>rebus</strong></span> 
     </span>
    </p>
   </div>
   <div class='ocr_carea' id='block_1_38' title="bbox 202 3835 1794 3910">
    <p class='ocr_par' dir='ltr' id='par_1_38' title="bbox 202 3835 1794 3910">
     <span class='ocr_line' id='line_1_38' title="bbox 202 3835 1794 3910; baseline -0.001 -15"><span class='ocrx_word' id='word_1_298' title='bbox 202 3838 597 3896; x_wconf 70' lang='lat' dir='ltr'><strong>mundis&#39;et</strong></span> <span class='ocrx_word' id='word_1_299' title='bbox 620 3836 1027 3894; x_wconf 77' lang='lat' dir='ltr'><strong>consultandis?</strong></span> <span class='ocrx_word' id='word_1_300' title='bbox 1063 3851 1242 3894; x_wconf 85' lang='lat' dir='ltr'><strong>annon</strong></span> <span class='ocrx_word' id='word_1_301' title='bbox 1282 3852 1404 3910; x_wconf 66' lang='lat' dir='ltr'><strong>quas</strong></span> <span class='ocrx_word' id='word_1_302' title='bbox 1430 3837 1617 3894; x_wconf 88' lang='lat' dir='ltr'><strong>dicunt</strong></span> <span class='ocrx_word' id='word_1_303' title='bbox 1641 3835 1794 3894; x_wconf 82' lang='lat' dir='ltr'><strong>ﬁrma</strong></span> 
     </span>
    </p>
   </div>
   <div class='ocr_carea' id='block_1_39' title="bbox 202 3927 1793 3999">
    <p class='ocr_par' dir='ltr' id='par_1_39' title="bbox 202 3927 1793 3999">
     <span class='ocr_line' id='line_1_39' title="bbox 202 3927 1793 3999; baseline -0.001 -14"><span class='ocrx_word' id='word_1_304' title='bbox 202 3940 321 3985; x_wconf 79' lang='lat' dir='ltr'><strong>suat</strong></span> <span class='ocrx_word' id='word_1_305' title='bbox 345 3938 407 3987; x_wconf 86' lang='lat' dir='ltr'><strong>et</strong></span> <span class='ocrx_word' id='word_1_306' title='bbox 435 3928 653 3984; x_wconf 83' lang='lat' dir='ltr'><strong>stabilia</strong></span> <span class='ocrx_word' id='word_1_307' title='bbox 676 3966 694 3993; x_wconf 89' lang='lat'><strong>,</strong></span> <span class='ocrx_word' id='word_1_308' title='bbox 734 3927 837 3984; x_wconf 82' lang='lat' dir='ltr'><strong>etsi</strong></span> <span class='ocrx_word' id='word_1_309' title='bbox 863 3927 1041 3984; x_wconf 90' lang='lat' dir='ltr'><strong>nullus</strong></span> <span class='ocrx_word' id='word_1_310' title='bbox 1066 3936 1252 3999; x_wconf 84' lang='lat' dir='ltr'><strong>pareat</strong></span> <span class='ocrx_word' id='word_1_311' title='bbox 1269 3928 1297 3983; x_wconf 71' lang='grc' dir='ltr'><strong><em>τ</em></strong></span> <span class='ocrx_word' id='word_1_312' title='bbox 1338 3927 1477 3997; x_wconf 86' lang='lat' dir='ltr'><strong>Quid</strong></span> <span class='ocrx_word' id='word_1_313' title='bbox 1516 3939 1699 3986; x_wconf 87' lang='lat' dir='ltr'><strong>autem</strong></span> <span class='ocrx_word' id='word_1_314' title='bbox 1738 3929 1793 3984; x_wconf 90' lang='lat' dir='ltr'><strong>in</strong></span> 
     </span>
    </p>
   </div>
   <div class='ocr_carea' id='block_1_40' title="bbox 204 4020 1796 4093">
    <p class='ocr_par' dir='ltr' id='par_1_40' title="bbox 204 4020 1796 4093">
     <span class='ocr_line' id='line_1_40' title="bbox 204 4020 1796 4093; baseline 0.002 -18"><span class='ocrx_word' id='word_1_315' title='bbox 204 4022 263 4077; x_wconf 72' lang='lat' dir='ltr'><strong>iis</strong></span> <span class='ocrx_word' id='word_1_316' title='bbox 288 4036 413 4093; x_wconf 64' lang='lat' dir='ltr'><strong>qua</strong></span> <span class='ocrx_word' id='word_1_317' title='bbox 442 4020 588 4075; x_wconf 86' lang='lat' dir='ltr'><strong>hanc</strong></span> <span class='ocrx_word' id='word_1_318' title='bbox 613 4021 776 4075; x_wconf 83' lang='lat' dir='ltr'><strong>vitam</strong></span> <span class='ocrx_word' id='word_1_319' title='bbox 817 4020 1259 4092; x_wconf 73' lang='lat' dir='ltr'><strong>consequuntur?</strong></span> <span class='ocrx_word' id='word_1_320' title='bbox 1294 4035 1475 4077; x_wconf 88' lang='lat' dir='ltr'><strong>annon</strong></span> <span class='ocrx_word' id='word_1_321' title='bbox 1514 4021 1666 4078; x_wconf 86' lang='lat' dir='ltr'><strong>dives</strong></span> <span class='ocrx_word' id='word_1_322' title='bbox 1704 4020 1796 4078; x_wconf 87' lang='lat' dir='ltr'><strong>ille</strong></span> 
     </span>
    </p>
   </div>
   <div class='ocr_carea' id='block_1_41' title="bbox 205 4111 1796 4186">
    <p class='ocr_par' dir='ltr' id='par_1_41' title="bbox 205 4111 1796 4186">
     <span class='ocr_line' id='line_1_41' title="bbox 205 4111 1796 4186; baseline -0.001 -17"><span class='ocrx_word' id='word_1_323' title='bbox 205 4125 478 4186; x_wconf 75' lang='lat' dir='ltr'><strong>tamquam</strong></span> <span class='ocrx_word' id='word_1_324' title='bbox 504 4111 788 4167; x_wconf 87' lang='lat' dir='ltr'><strong>mendicus</strong></span> <span class='ocrx_word' id='word_1_325' title='bbox 821 4120 1022 4183; x_wconf 87' lang='lat' dir='ltr'><strong>guttam</strong></span> <span class='ocrx_word' id='word_1_326' title='bbox 1051 4111 1225 4183; x_wconf 79' lang='lat' dir='ltr'><strong>petiit,</strong></span> <span class='ocrx_word' id='word_1_327' title='bbox 1266 4126 1366 4168; x_wconf 90' lang='lat' dir='ltr'><strong>nec</strong></span> <span class='ocrx_word' id='word_1_328' title='bbox 1392 4127 1510 4169; x_wconf 87' lang='lat' dir='ltr'><strong>eam</strong></span> <span class='ocrx_word' id='word_1_329' title='bbox 1536 4112 1796 4183; x_wconf 84' lang='lat' dir='ltr'><strong>impetra-</strong></span> 
     </span>
    </p>
   </div>
   <div class='ocr_carea' id='block_1_42' title="bbox 205 4200 1798 4274">
    <p class='ocr_par' dir='ltr' id='par_1_42' title="bbox 205 4200 1798 4274">
     <span class='ocr_line' id='line_1_42' title="bbox 205 4200 1798 4274; baseline 0.003 -21"><span class='ocrx_word' id='word_1_330' title='bbox 205 4204 314 4258; x_wconf 70' lang='lat' dir='ltr'><strong>vi!</strong></span> <span class='ocrx_word' id='word_1_331' title='bbox 352 4215 572 4274; x_wconf 68' lang='lat' dir='ltr'><strong>pauper</strong></span> <span class='ocrx_word' id='word_1_332' title='bbox 595 4209 804 4269; x_wconf 87' lang='lat' dir='ltr'><strong>autem,</strong></span> <span class='ocrx_word' id='word_1_333' title='bbox 847 4200 1100 4271; x_wconf 85' lang='lat' dir='ltr'><strong>quoniam</strong></span> <span class='ocrx_word' id='word_1_334' title='bbox 1124 4209 1243 4257; x_wconf 90' lang='lat' dir='ltr'><strong>erat</strong></span> <span class='ocrx_word' id='word_1_335' title='bbox 1280 4200 1451 4258; x_wconf 84' lang='lat' dir='ltr'><strong>bonus</strong></span> <span class='ocrx_word' id='word_1_336' title='bbox 1491 4210 1548 4257; x_wconf 91' lang='lat' dir='ltr'><strong>et</strong></span> <span class='ocrx_word' id='word_1_337' title='bbox 1584 4201 1798 4258; x_wconf 87' lang='lat' dir='ltr'><strong>virtutis</strong></span> 
     </span>
    </p>
   </div>
   <div class='ocr_carea' id='block_1_43' title="bbox 206 4288 1796 4359">
    <p class='ocr_par' dir='ltr' id='par_1_43' title="bbox 206 4288 1796 4359">
     <span class='ocr_line' id='line_1_43' title="bbox 206 4288 1796 4359; baseline 0 -11"><span class='ocrx_word' id='word_1_338' title='bbox 206 4293 502 4359; x_wconf 77' lang='lat' dir='ltr'><strong>studiosus,</strong></span> <span class='ocrx_word' id='word_1_339' title='bbox 528 4304 711 4344; x_wconf 88' lang='lat' dir='ltr'><strong>annon</strong></span> <span class='ocrx_word' id='word_1_340' title='bbox 739 4288 794 4345; x_wconf 90' lang='lat' dir='ltr'><strong>in</strong></span> <span class='ocrx_word' id='word_1_341' title='bbox 823 4290 1054 4345; x_wconf 87' lang='lat' dir='ltr'><strong>maxima</strong></span> <span class='ocrx_word' id='word_1_342' title='bbox 1076 4289 1177 4345; x_wconf 87' lang='lat' dir='ltr'><strong>fuit</strong></span> <span class='ocrx_word' id='word_1_343' title='bbox 1212 4288 1482 4355; x_wconf 76' lang='lat' dir='ltr'><strong>felicitate,</strong></span> <span class='ocrx_word' id='word_1_344' title='bbox 1517 4300 1574 4348; x_wconf 91' lang='lat' dir='ltr'><strong>et</strong></span> <span class='ocrx_word' id='word_1_345' title='bbox 1606 4291 1796 4348; x_wconf 84' lang='lat' dir='ltr'><strong>eadem</strong></span> 
     </span>
    </p>
   </div>
   <div class='ocr_carea' id='block_1_44' title="bbox 206 4379 1796 4455">
    <p class='ocr_par' dir='ltr' id='par_1_44' title="bbox 206 4379 1796 4455">
     <span class='ocr_line' id='line_1_44' title="bbox 206 4379 1796 4455; baseline -0.001 -15"><span class='ocrx_word' id='word_1_346' title='bbox 206 4388 252 4440; x_wconf 84' lang='lat' dir='ltr'><strong>ei</strong></span> <span class='ocrx_word' id='word_1_347' title='bbox 274 4400 401 4442; x_wconf 78' lang='lat' dir='ltr'><strong>sors</strong></span> <span class='ocrx_word' id='word_1_348' title='bbox 425 4397 554 4454; x_wconf 68' lang='lat' dir='ltr'><strong>qua</strong></span> <span class='ocrx_word' id='word_1_349' title='bbox 576 4381 808 4438; x_wconf 66' lang='lat' dir='ltr'><strong>Abt-aha</strong></span> <span class='ocrx_word' id='word_1_350' title='bbox 831 4382 1022 4453; x_wconf 75' lang='lat' dir='ltr'><strong>obtigit</strong></span> <span class='ocrx_word' id='word_1_351' title='bbox 1046 4379 1199 4454; x_wconf 81' lang='lat' dir='ltr'><strong>(Luc.</strong></span> <span class='ocrx_word' id='word_1_352' title='bbox 1226 4380 1316 4438; x_wconf 75' lang='grc'><strong>16.</strong></span> <span class='ocrx_word' id='word_1_353' title='bbox 1337 4379 1448 4455; x_wconf 73' lang='lat' dir='ltr'><strong>2i)</strong></span> <span class='ocrx_word' id='word_1_354' title='bbox 1467 4383 1494 4437; x_wconf 78' lang='lat' dir='ltr'><strong>‘i</strong></span> <span class='ocrx_word' id='word_1_355' title='bbox 1529 4382 1666 4451; x_wconf 89' lang='lat' dir='ltr'><strong>Quid</strong></span> <span class='ocrx_word' id='word_1_356' title='bbox 1694 4397 1796 4439; x_wconf 88' lang='lat' dir='ltr'><strong>au-</strong></span> 
     </span>
    </p>
   </div>
   <div class='ocr_carea' id='block_1_45' title="bbox 210 4470 1797 4544">
    <p class='ocr_par' dir='ltr' id='par_1_45' title="bbox 210 4470 1797 4544">
     <span class='ocr_line' id='line_1_45' title="bbox 210 4470 1797 4544; baseline -0.002 -12"><span class='ocrx_word' id='word_1_357' title='bbox 210 4485 313 4531; x_wconf 78' lang='lat' dir='ltr'><strong>tem</strong></span> <span class='ocrx_word' id='word_1_358' title='bbox 339 4476 398 4531; x_wconf 81' lang='lat' dir='ltr'><strong>iu</strong></span> <span class='ocrx_word' id='word_1_359' title='bbox 428 4470 736 4543; x_wconf 72' lang='lat' dir='ltr'><strong>apostolis?</strong></span> <span class='ocrx_word' id='word_1_360' title='bbox 773 4486 950 4528; x_wconf 90' lang='lat' dir='ltr'><strong>annon</strong></span> <span class='ocrx_word' id='word_1_361' title='bbox 991 4472 1154 4529; x_wconf 90' lang='lat' dir='ltr'><strong>vincti</strong></span> <span class='ocrx_word' id='word_1_362' title='bbox 1177 4513 1193 4538; x_wconf 94' lang='lat'><strong>,</strong></span> <span class='ocrx_word' id='word_1_363' title='bbox 1235 4473 1415 4544; x_wconf 79' lang='lat' dir='ltr'><strong>flagris</strong></span> <span class='ocrx_word' id='word_1_364' title='bbox 1443 4475 1566 4529; x_wconf 65' lang='lat' dir='ltr'><strong>caesi</strong></span> <span class='ocrx_word' id='word_1_365' title='bbox 1589 4514 1605 4539; x_wconf 95' lang='lat'><strong>,</strong></span> <span class='ocrx_word' id='word_1_366' title='bbox 1636 4473 1797 4529; x_wconf 84' lang='lat' dir='ltr'><strong>innu-</strong></span> 
     </span>
    </p>
   </div>
   <div class='ocr_carea' id='block_1_46' title="bbox 210 4550 1799 4634">
    <p class='ocr_par' dir='ltr' id='par_1_46' title="bbox 210 4550 1799 4634">
     <span class='ocr_line' id='line_1_46' title="bbox 210 4550 1799 4634; baseline -0.002 -11"><span class='ocrx_word' id='word_1_367' title='bbox 210 4582 350 4623; x_wconf 77' lang='lat' dir='ltr'><strong>mera</strong></span> <span class='ocrx_word' id='word_1_368' title='bbox 378 4550 525 4622; x_wconf 66' lang='lat' dir='ltr'><strong>aula</strong></span> <span class='ocrx_word' id='word_1_369' title='bbox 557 4562 723 4634; x_wconf 83' lang='lat' dir='ltr'><strong>passi,</strong></span> <span class='ocrx_word' id='word_1_370' title='bbox 751 4577 848 4619; x_wconf 89' lang='lat' dir='ltr'><strong>eos</strong></span> <span class='ocrx_word' id='word_1_371' title='bbox 870 4562 1192 4633; x_wconf 82' lang='lat' dir='ltr'><strong>superabant</strong></span> <span class='ocrx_word' id='word_1_372' title='bbox 1218 4564 1311 4634; x_wconf 90' lang='lat' dir='ltr'><strong>qui</strong></span> <span class='ocrx_word' id='word_1_373' title='bbox 1348 4563 1469 4619; x_wconf 90' lang='lat' dir='ltr'><strong>illos</strong></span> <span class='ocrx_word' id='word_1_374' title='bbox 1494 4564 1648 4620; x_wconf 85' lang='lat' dir='ltr'><strong>malis</strong></span> <span class='ocrx_word' id='word_1_375' title='bbox 1676 4564 1799 4620; x_wconf 84' lang='lat' dir='ltr'><strong>affi-</strong></span> 
     </span>
    </p>
   </div>
   <div class='ocr_carea' id='block_1_47' title="bbox 208 4650 1798 4726">
    <p class='ocr_par' dir='ltr' id='par_1_47' title="bbox 208 4650 1798 4726">
     <span class='ocr_line' id='line_1_47' title="bbox 208 4650 1798 4726; baseline -0.001 -14"><span class='ocrx_word' id='word_1_376' title='bbox 208 4657 421 4712; x_wconf 80' lang='lat' dir='ltr'><strong>ciehant</strong></span> <span class='ocrx_word' id='word_1_377' title='bbox 459 4652 641 4723; x_wconf 68' lang='lat' dir='ltr'><strong>(Rom.</strong></span> <span class='ocrx_word' id='word_1_378' title='bbox 668 4652 851 4719; x_wconf 76' lang='lat'><strong>8.37.;</strong></span> <span class='ocrx_word' id='word_1_379' title='bbox 866 4650 922 4706; x_wconf 58' lang='grc' dir='ltr'><strong>ἢ.</strong></span> <span class='ocrx_word' id='word_1_380' title='bbox 943 4650 1067 4708; x_wconf 87' lang='lat' dir='ltr'><strong>Cor.</strong></span> <span class='ocrx_word' id='word_1_381' title='bbox 1089 4652 1144 4707; x_wconf 73' lang='grc' dir='ltr'><strong>ι.</strong></span> <span class='ocrx_word' id='word_1_382' title='bbox 1165 4650 1219 4725; x_wconf 89' lang='grc'><strong>8)</strong></span> <span class='ocrx_word' id='word_1_383' title='bbox 1235 4653 1260 4708; x_wconf 80' lang='lat'><strong>?</strong></span> <span class='ocrx_word' id='word_1_384' title='bbox 1277 4651 1465 4726; x_wconf 85' lang='lat' dir='ltr'><strong>Cogita</strong></span> <span class='ocrx_word' id='word_1_385' title='bbox 1488 4668 1618 4726; x_wconf 90' lang='lat' dir='ltr'><strong>ergo</strong></span> <span class='ocrx_word' id='word_1_386' title='bbox 1637 4670 1798 4726; x_wconf 84' lang='lat' dir='ltr'><strong>quam</strong></span> 
     </span>
    </p>
   </div>
   <div class='ocr_carea' id='block_1_48' title="bbox 210 4741 1799 4815">
    <p class='ocr_par' dir='ltr' id='par_1_48' title="bbox 210 4741 1799 4815">
     <span class='ocr_line' id='line_1_48' title="bbox 210 4741 1799 4815; baseline 0.002 -16"><span class='ocrx_word' id='word_1_387' title='bbox 210 4746 366 4800; x_wconf 76' lang='lat' dir='ltr'><strong>uini</strong></span> <span class='ocrx_word' id='word_1_388' title='bbox 410 4742 613 4797; x_wconf 79' lang='lat' dir='ltr'><strong>dubios</strong></span> <span class='ocrx_word' id='word_1_389' title='bbox 652 4752 709 4799; x_wconf 92' lang='lat' dir='ltr'><strong>et</strong></span> <span class='ocrx_word' id='word_1_390' title='bbox 750 4741 1036 4815; x_wconf 85' lang='lat' dir='ltr'><strong>perplexos</strong></span> <span class='ocrx_word' id='word_1_391' title='bbox 1063 4756 1159 4799; x_wconf 87' lang='lat' dir='ltr'><strong>eos</strong></span> <span class='ocrx_word' id='word_1_392' title='bbox 1198 4741 1531 4811; x_wconf 87' lang='lat' dir='ltr'><strong>reddebant,</strong></span> <span class='ocrx_word' id='word_1_393' title='bbox 1578 4743 1715 4802; x_wconf 88' lang='lat' dir='ltr'><strong>adeo</strong></span> <span class='ocrx_word' id='word_1_394' title='bbox 1742 4754 1799 4802; x_wconf 90' lang='lat' dir='ltr'><strong>ut</strong></span> 
     </span>
    </p>
   </div>
   <div class='ocr_carea' id='block_1_49' title="bbox 210 4833 1796 4909">
    <p class='ocr_par' dir='ltr' id='par_1_49' title="bbox 210 4833 1796 4909">
     <span class='ocr_line' id='line_1_49' title="bbox 210 4833 1796 4909; baseline 0 -16"><span class='ocrx_word' id='word_1_395' title='bbox 210 4839 454 4895; x_wconf 77' lang='lat' dir='ltr'><strong>dicerem</strong></span> <span class='ocrx_word' id='word_1_396' title='bbox 480 4849 499 4889; x_wconf 86' lang='lat'><strong>:</strong></span> <span class='ocrx_word' id='word_1_397' title='bbox 532 4833 671 4900; x_wconf 64' lang='lat' dir='ltr'><strong>Qud</strong></span> <span class='ocrx_word' id='word_1_398' title='bbox 696 4833 940 4904; x_wconf 73' lang='lat' dir='ltr'><strong>faciemus</strong></span> <span class='ocrx_word' id='word_1_399' title='bbox 966 4835 1045 4889; x_wconf 69' lang='lat' dir='ltr'><strong>an</strong></span> <span class='ocrx_word' id='word_1_400' title='bbox 1083 4834 1369 4891; x_wconf 77' lang='lat' dir='ltr'><strong>hominibus</strong></span> <span class='ocrx_word' id='word_1_401' title='bbox 1393 4835 1543 4906; x_wconf 76' lang='lat' dir='ltr'><strong>(Art.</strong></span> <span class='ocrx_word' id='word_1_402' title='bbox 1569 4837 1624 4892; x_wconf 69' lang='grc' dir='ltr'><strong>ι.</strong></span> <span class='ocrx_word' id='word_1_403' title='bbox 1652 4835 1796 4909; x_wconf 82' lang='lat' dir='ltr'><strong>t6)t</strong></span> 
     </span>
    </p>
   </div>
   <div class='ocr_carea' id='block_1_50' title="bbox 210 4924 1786 4998">
    <p class='ocr_par' dir='ltr' id='par_1_50' title="bbox 210 4924 1786 4998">
     <span class='ocr_line' id='line_1_50' title="bbox 210 4924 1786 4998; baseline -0.001 -16"><span class='ocrx_word' id='word_1_404' title='bbox 210 4927 365 4998; x_wconf 73' lang='lat' dir='ltr'><strong>Atqui</strong></span> <span class='ocrx_word' id='word_1_405' title='bbox 394 4924 655 4979; x_wconf 77' lang='lat' dir='ltr'><strong>tenebant</strong></span> <span class='ocrx_word' id='word_1_406' title='bbox 680 4936 774 4979; x_wconf 88' lang='lat' dir='ltr'><strong>eos</strong></span> <span class='ocrx_word' id='word_1_407' title='bbox 796 4925 1023 4987; x_wconf 88' lang='lat' dir='ltr'><strong>vinctos.</strong></span> <span class='ocrx_word' id='word_1_408' title='bbox 1047 4932 1103 4979; x_wconf 92' lang='lat' dir='ltr'><strong>et</strong></span> <span class='ocrx_word' id='word_1_409' title='bbox 1128 4925 1182 4980; x_wconf 91' lang='lat' dir='ltr'><strong>in</strong></span> <span class='ocrx_word' id='word_1_410' title='bbox 1204 4924 1399 4982; x_wconf 86' lang='lat' dir='ltr'><strong>mediis</strong></span> <span class='ocrx_word' id='word_1_411' title='bbox 1411 4925 1627 4996; x_wconf 72' lang='lat' dir='ltr'><strong>iudiciis</strong></span> <span class='ocrx_word' id='word_1_412' title='bbox 1646 4942 1786 4983; x_wconf 86' lang='lat' dir='ltr'><strong>cem-</strong></span> 
     </span>
    </p>
   </div>
   <div class='ocr_carea' id='block_1_51' title="bbox 214 5013 1800 5089">
    <p class='ocr_par' dir='ltr' id='par_1_51' title="bbox 214 5013 1800 5089">
     <span class='ocr_line' id='line_1_51' title="bbox 214 5013 1800 5089; baseline 0.004 -20"><span class='ocrx_word' id='word_1_413' title='bbox 214 5020 548 5089; x_wconf 61' lang='lat' dir='ltr'><strong>peaeasos;</strong></span> <span class='ocrx_word' id='word_1_414' title='bbox 577 5021 635 5069; x_wconf 89' lang='lat' dir='ltr'><strong>et</strong></span> <span class='ocrx_word' id='word_1_415' title='bbox 660 5013 973 5070; x_wconf 80' lang='lat' dir='ltr'><strong>obtinebant</strong></span> <span class='ocrx_word' id='word_1_416' title='bbox 1009 5015 1083 5070; x_wconf 88' lang='lat' dir='ltr'><strong>illi</strong></span> <span class='ocrx_word' id='word_1_417' title='bbox 1117 5016 1333 5087; x_wconf 84' lang='lat' dir='ltr'><strong>quidem</strong></span> <span class='ocrx_word' id='word_1_418' title='bbox 1363 5016 1538 5073; x_wconf 87' lang='lat' dir='ltr'><strong>locum</strong></span> <span class='ocrx_word' id='word_1_419' title='bbox 1560 5016 1800 5088; x_wconf 68' lang='lat' dir='ltr'><strong>iudicum</strong></span> 
     </span>
    </p>
   </div>
   <div class='ocr_carea' id='block_1_52' title="bbox 212 5105 1801 5177">
    <p class='ocr_par' dir='ltr' id='par_1_52' title="bbox 212 5105 1801 5177">
     <span class='ocr_line' id='line_1_52' title="bbox 212 5105 1801 5177; baseline 0.001 -14"><span class='ocrx_word' id='word_1_420' title='bbox 212 5117 265 5163; x_wconf 79' lang='lat' dir='ltr'><strong>et</strong></span> <span class='ocrx_word' id='word_1_421' title='bbox 284 5106 704 5177; x_wconf 67' lang='lat' dir='ltr'><strong>magistratuum</strong></span> <span class='ocrx_word' id='word_1_422' title='bbox 724 5145 741 5173; x_wconf 95' lang='lat'><strong>,</strong></span> <span class='ocrx_word' id='word_1_423' title='bbox 788 5105 840 5159; x_wconf 88' lang='lat' dir='ltr'><strong>bi</strong></span> <span class='ocrx_word' id='word_1_424' title='bbox 868 5120 994 5160; x_wconf 87' lang='lat' dir='ltr'><strong>vero</strong></span> <span class='ocrx_word' id='word_1_425' title='bbox 1024 5114 1290 5177; x_wconf 80' lang='lat' dir='ltr'><strong>tamquam</strong></span> <span class='ocrx_word' id='word_1_426' title='bbox 1320 5108 1397 5164; x_wconf 89' lang='lat' dir='ltr'><strong>rei</strong></span> <span class='ocrx_word' id='word_1_427' title='bbox 1435 5108 1544 5165; x_wconf 88' lang='lat' dir='ltr'><strong>illic</strong></span> <span class='ocrx_word' id='word_1_428' title='bbox 1568 5109 1801 5176; x_wconf 77' lang='lat' dir='ltr'><strong>stabant,</strong></span> 
     </span>
    </p>
   </div>
   <div class='ocr_carea' id='block_1_53' title="bbox 216 5193 1805 5271">
    <p class='ocr_par' dir='ltr' id='par_1_53' title="bbox 216 5193 1805 5271">
     <span class='ocr_line' id='line_1_53' title="bbox 216 5193 1805 5271; baseline 0.003 -18"><span class='ocrx_word' id='word_1_429' title='bbox 216 5208 263 5253; x_wconf 80' lang='lat' dir='ltr'><strong>et</strong></span> <span class='ocrx_word' id='word_1_430' title='bbox 290 5198 343 5251; x_wconf 78' lang='lat' dir='ltr'><strong>bi</strong></span> <span class='ocrx_word' id='word_1_431' title='bbox 388 5204 576 5250; x_wconf 82' lang='lat' dir='ltr'><strong>tamen</strong></span> <span class='ocrx_word' id='word_1_432' title='bbox 616 5193 735 5250; x_wconf 87' lang='lat' dir='ltr'><strong>illos</strong></span> <span class='ocrx_word' id='word_1_433' title='bbox 763 5193 1024 5251; x_wconf 85' lang='lat' dir='ltr'><strong>vicerunt.</strong></span> <span class='ocrx_word' id='word_1_434' title='bbox 1056 5194 1263 5269; x_wconf 86' lang='lat' dir='ltr'><strong>Ubique</strong></span> <span class='ocrx_word' id='word_1_435' title='bbox 1298 5197 1569 5271; x_wconf 83' lang='lat' dir='ltr'><strong>denique,</strong></span> <span class='ocrx_word' id='word_1_436' title='bbox 1610 5200 1655 5255; x_wconf 90' lang='lat' dir='ltr'><strong>si</strong></span> <span class='ocrx_word' id='word_1_437' title='bbox 1683 5201 1805 5271; x_wconf 87' lang='lat' dir='ltr'><strong>quis</strong></span> 
     </span>
    </p>
   </div>
   <div class='ocr_carea' id='block_1_54' title="bbox 215 5285 1807 5359">
    <p class='ocr_par' dir='ltr' id='par_1_54' title="bbox 215 5285 1807 5359">
     <span class='ocr_line' id='line_1_54' title="bbox 215 5285 1807 5359; baseline 0.008 -20"><span class='ocrx_word' id='word_1_438' title='bbox 215 5288 502 5359; x_wconf 63' lang='lat' dir='ltr'><strong>diligenter</strong></span> <span class='ocrx_word' id='word_1_439' title='bbox 528 5285 873 5352; x_wconf 81' lang='lat' dir='ltr'><strong>consideret,</strong></span> <span class='ocrx_word' id='word_1_440' title='bbox 912 5287 1113 5344; x_wconf 89' lang='lat' dir='ltr'><strong>videbit</strong></span> <span class='ocrx_word' id='word_1_441' title='bbox 1151 5290 1321 5346; x_wconf 86' lang='lat' dir='ltr'><strong>virum</strong></span> <span class='ocrx_word' id='word_1_442' title='bbox 1362 5292 1561 5349; x_wconf 90' lang='lat' dir='ltr'><strong>bonum</strong></span> <span class='ocrx_word' id='word_1_443' title='bbox 1589 5294 1807 5352; x_wconf 74' lang='lat' dir='ltr'><strong>vincere</strong></span> 
     </span>
    </p>
   </div>
   <div class='ocr_carea' id='block_1_55' title="bbox 218 5375 1806 5449">
    <p class='ocr_par' dir='ltr' id='par_1_55' title="bbox 218 5375 1806 5449">
     <span class='ocr_line' id='line_1_55' title="bbox 218 5375 1806 5449; baseline 0.007 -18"><span class='ocrx_word' id='word_1_444' title='bbox 218 5381 383 5436; x_wconf 63' lang='lat' dir='ltr'><strong>vita.</strong></span> <span class='ocrx_word' id='word_1_445' title='bbox 408 5375 722 5447; x_wconf 81' lang='lat' dir='ltr'><strong>improbum</strong></span> <span class='ocrx_word' id='word_1_446' title='bbox 751 5396 767 5433; x_wconf 90' lang='lat'><strong>:</strong></span> <span class='ocrx_word' id='word_1_447' title='bbox 796 5393 965 5447; x_wconf 82' lang='lat' dir='ltr'><strong>eaque</strong></span> <span class='ocrx_word' id='word_1_448' title='bbox 992 5394 1119 5435; x_wconf 88' lang='lat' dir='ltr'><strong>vere</strong></span> <span class='ocrx_word' id='word_1_449' title='bbox 1147 5389 1231 5437; x_wconf 88' lang='lat' dir='ltr'><strong>est</strong></span> <span class='ocrx_word' id='word_1_450' title='bbox 1259 5382 1478 5442; x_wconf 76' lang='lat' dir='ltr'><strong>victoria</strong></span> <span class='ocrx_word' id='word_1_451' title='bbox 1500 5425 1518 5449; x_wconf 94' lang='lat'><strong>,</strong></span> <span class='ocrx_word' id='word_1_452' title='bbox 1558 5399 1663 5441; x_wconf 93' lang='lat' dir='ltr'><strong>non</strong></span> <span class='ocrx_word' id='word_1_453' title='bbox 1688 5385 1806 5442; x_wconf 87' lang='lat' dir='ltr'><strong>vul-</strong></span> 
     </span>
    </p>
   </div>
   <div class='ocr_carea' id='block_1_56' title="bbox 217 5466 1806 5543">
    <p class='ocr_par' dir='ltr' id='par_1_56' title="bbox 217 5466 1806 5543">
     <span class='ocr_line' id='line_1_56' title="bbox 217 5466 1806 5543; baseline 0.006 -21"><span class='ocrx_word' id='word_1_454' title='bbox 217 5471 351 5541; x_wconf 68' lang='lat' dir='ltr'><strong>garis</strong></span> <span class='ocrx_word' id='word_1_455' title='bbox 382 5467 477 5523; x_wconf 87' lang='lat' dir='ltr'><strong>illa</strong></span> <span class='ocrx_word' id='word_1_456' title='bbox 502 5481 625 5538; x_wconf 64' lang='lat' dir='ltr'><strong>quae</strong></span> <span class='ocrx_word' id='word_1_457' title='bbox 652 5466 786 5523; x_wconf 83' lang='lat' dir='ltr'><strong>falsa</strong></span> <span class='ocrx_word' id='word_1_458' title='bbox 809 5478 889 5524; x_wconf 87' lang='lat' dir='ltr'><strong>est</strong></span> <span class='ocrx_word' id='word_1_459' title='bbox 918 5477 975 5525; x_wconf 91' lang='lat' dir='ltr'><strong>ct</strong></span> <span class='ocrx_word' id='word_1_460' title='bbox 1004 5470 1173 5525; x_wconf 89' lang='lat' dir='ltr'><strong>fucata</strong></span> <span class='ocrx_word' id='word_1_461' title='bbox 1190 5512 1207 5538; x_wconf 91' lang='lat'><strong>,</strong></span> <span class='ocrx_word' id='word_1_462' title='bbox 1247 5486 1312 5527; x_wconf 87' lang='lat' dir='ltr'><strong>ac</strong></span> <span class='ocrx_word' id='word_1_463' title='bbox 1337 5488 1457 5543; x_wconf 82' lang='lat' dir='ltr'><strong>qua:</strong></span> <span class='ocrx_word' id='word_1_464' title='bbox 1494 5475 1648 5532; x_wconf 90' lang='lat' dir='ltr'><strong>facile</strong></span> <span class='ocrx_word' id='word_1_465' title='bbox 1672 5491 1806 5532; x_wconf 84' lang='lat' dir='ltr'><strong>con-</strong></span> 
     </span>
    </p>
   </div>
   <div class='ocr_carea' id='block_1_57' title="bbox 272 5572 1807 5645">
    <p class='ocr_par' dir='ltr' id='par_1_57' title="bbox 272 5572 1807 5645">
     <span class='ocr_line' id='line_1_57' title="bbox 272 5572 1807 5645; baseline 0.005 -21"><span class='ocrx_word' id='word_1_466' title='bbox 272 5575 347 5637; x_wconf 74' lang='grc' dir='ltr'><strong>(α)</strong></span> <span class='ocrx_word' id='word_1_467' title='bbox 380 5580 501 5623; x_wconf 80' lang='lat' dir='ltr'><strong>Cum</strong></span> <span class='ocrx_word' id='word_1_468' title='bbox 523 5573 599 5623; x_wconf 87' lang='lat' dir='ltr'><strong>ait</strong></span> <span class='ocrx_word' id='word_1_469' title='bbox 618 5572 914 5645; x_wconf 76' lang='lat' dir='ltr'><strong>Petepbren,</strong></span> <span class='ocrx_word' id='word_1_470' title='bbox 939 5585 1052 5645; x_wconf 88' lang='lat' dir='ltr'><strong>_sen</strong></span> <span class='ocrx_word' id='word_1_471' title='bbox 1084 5575 1393 5645; x_wconf 77' lang='lat' dir='ltr'><strong>Putipharem</strong></span> <span class='ocrx_word' id='word_1_472' title='bbox 1425 5576 1591 5645; x_wconf 72' lang='lat' dir='ltr'><strong>fuisse</strong></span> <span class='ocrx_word' id='word_1_473' title='bbox 1615 5592 1807 5644; x_wconf 88' lang='lat' dir='ltr'><strong>regem,</strong></span> 
     </span>
    </p>
   </div>
   <div class='ocr_carea' id='block_1_58' title="bbox 219 5637 1811 5702">
    <p class='ocr_par' dir='ltr' id='par_1_58' title="bbox 219 5637 1811 5702">
     <span class='ocr_line' id='line_1_58' title="bbox 219 5637 1811 5702; baseline 0.006 -19"><span class='ocrx_word' id='word_1_474' title='bbox 219 5637 423 5701; x_wconf 63' lang='lat' dir='ltr'><strong>eiusque</strong></span> <span class='ocrx_word' id='word_1_475' title='bbox 440 5646 654 5702; x_wconf 74' lang='lat' dir='ltr'><strong>uxorem</strong></span> <span class='ocrx_word' id='word_1_476' title='bbox 676 5637 918 5702; x_wconf 72' lang='lat' dir='ltr'><strong>reginam,</strong></span> <span class='ocrx_word' id='word_1_477' title='bbox 936 5641 1075 5702; x_wconf 76' lang='lat' dir='ltr'><strong>tropo</strong></span> <span class='ocrx_word' id='word_1_478' title='bbox 1089 5637 1330 5702; x_wconf 82' lang='lat' dir='ltr'><strong>modoque</strong></span> <span class='ocrx_word' id='word_1_479' title='bbox 1364 5637 1596 5702; x_wconf 85' lang='lat' dir='ltr'><strong>loquendi</strong></span> <span class='ocrx_word' id='word_1_480' title='bbox 1619 5637 1714 5691; x_wconf 68' lang='lat' dir='ltr'><strong>non</strong></span> <span class='ocrx_word' id='word_1_481' title='bbox 1741 5637 1811 5692; x_wconf 54' lang='lat' dir='ltr'><strong>in;</strong></span> 
     </span>
    </p>
   </div>
   <div class='ocr_carea' id='block_1_59' title="bbox 220 5696 1811 5761">
    <p class='ocr_par' dir='ltr' id='par_1_59' title="bbox 220 5696 1811 5761">
     <span class='ocr_line' id='line_1_59' title="bbox 220 5696 1811 5761; baseline 0.006 -13"><span class='ocrx_word' id='word_1_482' title='bbox 220 5696 354 5748; x_wconf 64' lang='lat' dir='ltr'><strong>taetri</strong></span> <span class='ocrx_word' id='word_1_483' title='bbox 378 5698 559 5757; x_wconf 79' lang='lat' dir='ltr'><strong>utitur,</strong></span> <span class='ocrx_word' id='word_1_484' title='bbox 584 5710 681 5758; x_wconf 80' lang='lat' dir='ltr'><strong>quo</strong></span> <span class='ocrx_word' id='word_1_485' title='bbox 703 5696 795 5747; x_wconf 76' lang='lat' dir='ltr'><strong>rex</strong></span> <span class='ocrx_word' id='word_1_486' title='bbox 818 5696 996 5747; x_wconf 78' lang='lat' dir='ltr'><strong>dicitur</strong></span> <span class='ocrx_word' id='word_1_487' title='bbox 1024 5700 1064 5745; x_wconf 82' lang='lat' dir='ltr'><strong>is</strong></span> <span class='ocrx_word' id='word_1_488' title='bbox 1079 5700 1159 5761; x_wconf 86' lang='lat' dir='ltr'><strong>qui</strong></span> <span class='ocrx_word' id='word_1_489' title='bbox 1195 5696 1445 5760; x_wconf 61' lang='lat' dir='ltr'><strong>potestate</strong></span> <span class='ocrx_word' id='word_1_490' title='bbox 1456 5711 1504 5751; x_wconf 89' lang='lat' dir='ltr'><strong>ct</strong></span> <span class='ocrx_word' id='word_1_491' title='bbox 1524 5706 1811 5758; x_wconf 78' lang='lat' dir='ltr'><strong>auctoritate</strong></span> 
     </span>
    </p>
   </div>
   <div class='ocr_carea' id='block_1_60' title="bbox 1294 351 2380 418">
    <p class='ocr_par' dir='ltr' id='par_1_60' title="bbox 1294 351 2380 418">
     <span class='ocr_line' id='line_1_60' title="bbox 1294 351 2380 418; baseline 0 1"><span class='ocrx_word' id='word_1_492' title='bbox 1294 354 1649 418; x_wconf 73' lang='lat' dir='ltr'><strong>EXPOSITIO</strong></span> <span class='ocrx_word' id='word_1_493' title='bbox 1687 352 1752 411; x_wconf 75' lang='lat' dir='ltr'><strong>lN</strong></span> <span class='ocrx_word' id='word_1_494' title='bbox 1793 351 2113 414; x_wconf 65' lang='grc' dir='ltr'><strong>ΡεΑιΜωι</strong></span> <span class='ocrx_word' id='word_1_495' title='bbox 2150 358 2380 418; x_wconf 76' lang='lat' dir='ltr'><strong>XLVI“.</strong></span> 
     </span>
    </p>
   </div>
   <div class='ocr_carea' id='block_1_61' title="bbox 3378 370 3488 429">
    <p class='ocr_par' dir='ltr' id='par_1_61' title="bbox 3378 370 3488 429">
     <span class='ocr_line' id='line_1_61' title="bbox 3378 370 3488 429; baseline 0 -4"><span class='ocrx_word' id='word_1_496' title='bbox 3378 370 3488 429; x_wconf 73' lang='lat'><strong>238</strong></span> 
     </span>
    </p>
   </div>
   <div class='ocr_carea' id='block_1_62' title="bbox 1896 472 3494 545">
    <p class='ocr_par' dir='ltr' id='par_1_62' title="bbox 1896 472 3494 545">
     <span class='ocr_line' id='line_1_62' title="bbox 1896 472 3494 545; baseline 0.011 -19"><span class='ocrx_word' id='word_1_497' title='bbox 1896 472 2161 540; x_wconf 79' lang='lat' dir='ltr'><strong>vincitur,</strong></span> <span class='ocrx_word' id='word_1_498' title='bbox 2203 476 2298 532; x_wconf 86' lang='lat' dir='ltr'><strong>sed</strong></span> <span class='ocrx_word' id='word_1_499' title='bbox 2344 475 2436 532; x_wconf 87' lang='lat' dir='ltr'><strong>illa</strong></span> <span class='ocrx_word' id='word_1_500' title='bbox 2477 477 2665 544; x_wconf 73' lang='lat' dir='ltr'><strong>arma,</strong></span> <span class='ocrx_word' id='word_1_501' title='bbox 2698 479 2944 545; x_wconf 77' lang='lat' dir='ltr'><strong>stabilis,</strong></span> <span class='ocrx_word' id='word_1_502' title='bbox 2982 491 3037 539; x_wconf 90' lang='lat' dir='ltr'><strong>et</strong></span> <span class='ocrx_word' id='word_1_503' title='bbox 3080 483 3386 540; x_wconf 81' lang='lat' dir='ltr'><strong>immobilis.</strong></span> <span class='ocrx_word' id='word_1_504' title='bbox 3419 486 3494 542; x_wconf 75' lang='lat' dir='ltr'><strong>Et</strong></span> 
     </span>
    </p>
   </div>
   <div class='ocr_carea' id='block_1_63' title="bbox 1892 565 3488 646">
    <p class='ocr_par' dir='ltr' id='par_1_63' title="bbox 1892 565 3488 646">
     <span class='ocr_line' id='line_1_63' title="bbox 1892 565 3488 646; baseline 0.009 -27"><span class='ocrx_word' id='word_1_505' title='bbox 1892 565 2145 621; x_wconf 66' lang='lat' dir='ltr'><strong>assiliunt</strong></span> <span class='ocrx_word' id='word_1_506' title='bbox 2186 583 2360 624; x_wconf 76' lang='lat' dir='ltr'><strong>eorum</strong></span> <span class='ocrx_word' id='word_1_507' title='bbox 2403 578 2671 625; x_wconf 71' lang='lat' dir='ltr'><strong>aeternam</strong></span> <span class='ocrx_word' id='word_1_508' title='bbox 2714 571 2766 627; x_wconf 87' lang='lat' dir='ltr'><strong>in</strong></span> <span class='ocrx_word' id='word_1_509' title='bbox 2810 573 3013 646; x_wconf 80' lang='lat' dir='ltr'><strong>inferno</strong></span> <span class='ocrx_word' id='word_1_510' title='bbox 3040 588 3063 629; x_wconf 90' lang='lat'><strong><em>:</em></strong></span> <span class='ocrx_word' id='word_1_511' title='bbox 3090 572 3193 631; x_wconf 90' lang='lat' dir='ltr'><strong>hoc</strong></span> <span class='ocrx_word' id='word_1_512' title='bbox 3233 585 3337 641; x_wconf 89' lang='lat' dir='ltr'><strong>est,</strong></span> <span class='ocrx_word' id='word_1_513' title='bbox 3381 577 3488 633; x_wconf 84' lang='lat' dir='ltr'><strong>erit</strong></span> 
     </span>
    </p>
   </div>
   <div class='ocr_carea' id='block_1_64' title="bbox 1892 657 3483 736">
    <p class='ocr_par' dir='ltr' id='par_1_64' title="bbox 1892 657 3483 736">
     <span class='ocr_line' id='line_1_64' title="bbox 1892 657 3483 736; baseline 0.008 -24"><span class='ocrx_word' id='word_1_514' title='bbox 1892 657 2241 715; x_wconf 87' lang='lat' dir='ltr'><strong>imbecillum.</strong></span> <span class='ocrx_word' id='word_1_515' title='bbox 2285 660 2438 728; x_wconf 85' lang='lat' dir='ltr'><strong>Quod</strong></span> <span class='ocrx_word' id='word_1_516' title='bbox 2481 671 2665 719; x_wconf 90' lang='lat' dir='ltr'><strong>autem</strong></span> <span class='ocrx_word' id='word_1_517' title='bbox 2707 662 2978 731; x_wconf 84' lang='lat' dir='ltr'><strong>dicit,est</strong></span> <span class='ocrx_word' id='word_1_518' title='bbox 3020 664 3284 736; x_wconf 84' lang='lat' dir='ltr'><strong>ejusmodi</strong></span> <span class='ocrx_word' id='word_1_519' title='bbox 3317 684 3333 723; x_wconf 91' lang='lat'><strong>:</strong></span> <span class='ocrx_word' id='word_1_520' title='bbox 3365 666 3483 724; x_wconf 83' lang='lat' dir='ltr'><strong>Non</strong></span> 
     </span>
    </p>
   </div>
   <div class='ocr_carea' id='block_1_65' title="bbox 1891 745 3482 824">
    <p class='ocr_par' dir='ltr' id='par_1_65' title="bbox 1891 745 3482 824">
     <span class='ocr_line' id='line_1_65' title="bbox 1891 745 3482 824; baseline 0.009 -25"><span class='ocrx_word' id='word_1_521' title='bbox 1891 745 2067 801; x_wconf 84' lang='lat' dir='ltr'><strong>solum</strong></span> <span class='ocrx_word' id='word_1_522' title='bbox 2111 747 2201 803; x_wconf 91' lang='lat' dir='ltr'><strong>hic</strong></span> <span class='ocrx_word' id='word_1_523' title='bbox 2239 748 2392 806; x_wconf 88' lang='lat' dir='ltr'><strong>facile</strong></span> <span class='ocrx_word' id='word_1_524' title='bbox 2415 751 2534 822; x_wconf 87' lang='lat' dir='ltr'><strong>capi</strong></span> <span class='ocrx_word' id='word_1_525' title='bbox 2565 762 2853 823; x_wconf 89' lang='lat' dir='ltr'><strong>poterunt,</strong></span> <span class='ocrx_word' id='word_1_526' title='bbox 2884 754 3033 810; x_wconf 90' lang='lat' dir='ltr'><strong>nullo</strong></span> <span class='ocrx_word' id='word_1_527' title='bbox 3060 770 3219 824; x_wconf 86' lang='lat' dir='ltr'><strong>opem</strong></span> <span class='ocrx_word' id='word_1_528' title='bbox 3253 755 3482 823; x_wconf 81' lang='lat' dir='ltr'><strong>ferente,</strong></span> 
     </span>
    </p>
   </div>
   <div class='ocr_carea' id='block_1_66' title="bbox 1891 836 3483 914">
    <p class='ocr_par' dir='ltr' id='par_1_66' title="bbox 1891 836 3483 914">
     <span class='ocr_line' id='line_1_66' title="bbox 1891 836 3483 914; baseline 0.008 -23"><span class='ocrx_word' id='word_1_529' title='bbox 1891 836 2043 893; x_wconf 88' lang='lat' dir='ltr'><strong>nullo</strong></span> <span class='ocrx_word' id='word_1_530' title='bbox 2069 853 2287 894; x_wconf 86' lang='lat' dir='ltr'><strong>manqu</strong></span> <span class='ocrx_word' id='word_1_531' title='bbox 2314 840 2607 911; x_wconf 65' lang='lat' dir='ltr'><strong>prabente,</strong></span> <span class='ocrx_word' id='word_1_532' title='bbox 2629 843 2879 898; x_wconf 84' lang='lat' dir='ltr'><strong>omnibus</strong></span> <span class='ocrx_word' id='word_1_533' title='bbox 2903 844 3155 914; x_wconf 78' lang='lat' dir='ltr'><strong>expositi,</strong></span> <span class='ocrx_word' id='word_1_534' title='bbox 3183 845 3292 901; x_wconf 91' lang='lat' dir='ltr'><strong>imo</strong></span> <span class='ocrx_word' id='word_1_535' title='bbox 3319 846 3483 903; x_wconf 87' lang='lat' dir='ltr'><strong>etiam</strong></span> 
     </span>
    </p>
   </div>
   <div class='ocr_carea' id='block_1_67' title="bbox 1890 927 3468 1007">
    <p class='ocr_par' dir='ltr' id='par_1_67' title="bbox 1890 927 3468 1007">
     <span class='ocr_line' id='line_1_67' title="bbox 1890 927 3468 1007; baseline 0.007 -25"><span class='ocrx_word' id='word_1_536' title='bbox 1890 927 2032 998; x_wconf 90' lang='lat' dir='ltr'><strong>quod</strong></span> <span class='ocrx_word' id='word_1_537' title='bbox 2058 938 2145 986; x_wconf 84' lang='lat' dir='ltr'><strong>est</strong></span> <span class='ocrx_word' id='word_1_538' title='bbox 2171 930 2420 1002; x_wconf 78' lang='lat' dir='ltr'><strong>gravius,</strong></span> <span class='ocrx_word' id='word_1_539' title='bbox 2462 946 2533 989; x_wconf 89' lang='lat' dir='ltr'><strong>ne</strong></span> <span class='ocrx_word' id='word_1_540' title='bbox 2576 932 2685 989; x_wconf 91' lang='lat' dir='ltr'><strong>illic</strong></span> <span class='ocrx_word' id='word_1_541' title='bbox 2711 931 2927 1005; x_wconf 90' lang='lat' dir='ltr'><strong>quidem</strong></span> <span class='ocrx_word' id='word_1_542' title='bbox 2956 934 3228 992; x_wconf 81' lang='lat' dir='ltr'><strong>habebunt</strong></span> <span class='ocrx_word' id='word_1_543' title='bbox 3266 937 3358 1007; x_wconf 91' lang='lat' dir='ltr'><strong>qui</strong></span> <span class='ocrx_word' id='word_1_544' title='bbox 3387 936 3468 993; x_wconf 78' lang='lat' dir='ltr'><strong>de</strong></span> 
     </span>
    </p>
   </div>
   <div class='ocr_carea' id='block_1_68' title="bbox 1890 1020 3477 1100">
    <p class='ocr_par' dir='ltr' id='par_1_68' title="bbox 1890 1020 3477 1100">
     <span class='ocr_line' id='line_1_68' title="bbox 1890 1020 3477 1100; baseline 0.006 -25"><span class='ocrx_word' id='word_1_545' title='bbox 1890 1020 2095 1087; x_wconf 86' lang='lat' dir='ltr'><strong>feudat,</strong></span> <span class='ocrx_word' id='word_1_546' title='bbox 2124 1036 2284 1093; x_wconf 88' lang='lat' dir='ltr'><strong>opem</strong></span> <span class='ocrx_word' id='word_1_547' title='bbox 2309 1022 2479 1089; x_wconf 87' lang='lat' dir='ltr'><strong>ferat,</strong></span> <span class='ocrx_word' id='word_1_548' title='bbox 2514 1038 2729 1079; x_wconf 87' lang='lat' dir='ltr'><strong>manum</strong></span> <span class='ocrx_word' id='word_1_549' title='bbox 2756 1024 2992 1096; x_wconf 65' lang='lat' dir='ltr'><strong>praebeat</strong></span> <span class='ocrx_word' id='word_1_550' title='bbox 3009 1066 3027 1093; x_wconf 93' lang='lat'><strong>,</strong></span> <span class='ocrx_word' id='word_1_551' title='bbox 3055 1036 3112 1083; x_wconf 87' lang='lat' dir='ltr'><strong>et</strong></span> <span class='ocrx_word' id='word_1_552' title='bbox 3138 1042 3325 1083; x_wconf 87' lang='lat' dir='ltr'><strong>eorum</strong></span> <span class='ocrx_word' id='word_1_553' title='bbox 3350 1041 3477 1100; x_wconf 83' lang='lat' dir='ltr'><strong>sup-</strong></span> 
     </span>
    </p>
   </div>
   <div class='ocr_carea' id='block_1_69' title="bbox 1891 1109 3488 1188">
    <p class='ocr_par' dir='ltr' id='par_1_69' title="bbox 1891 1109 3488 1188">
     <span class='ocr_line' id='line_1_69' title="bbox 1891 1109 3488 1188; baseline 0.007 -24"><span class='ocrx_word' id='word_1_554' title='bbox 1891 1109 2109 1180; x_wconf 88' lang='lat' dir='ltr'><strong>plicium</strong></span> <span class='ocrx_word' id='word_1_555' title='bbox 2159 1112 2486 1168; x_wconf 83' lang='lat' dir='ltr'><strong>consoletur.</strong></span> <span class='ocrx_word' id='word_1_556' title='bbox 2530 1113 2714 1185; x_wconf 87' lang='lat' dir='ltr'><strong>Itaque</strong></span> <span class='ocrx_word' id='word_1_557' title='bbox 2764 1131 2866 1173; x_wconf 85' lang='lat' dir='ltr'><strong>nec</strong></span> <span class='ocrx_word' id='word_1_558' title='bbox 2909 1115 3146 1187; x_wconf 85' lang='lat' dir='ltr'><strong>virgines</strong></span> <span class='ocrx_word' id='word_1_559' title='bbox 3191 1117 3488 1188; x_wconf 84' lang='lat' dir='ltr'><strong>prudentes</strong></span> 
     </span>
    </p>
   </div>
   <div class='ocr_carea' id='block_1_70' title="bbox 1889 1202 3482 1278">
    <p class='ocr_par' dir='ltr' id='par_1_70' title="bbox 1889 1202 3482 1278">
     <span class='ocr_line' id='line_1_70' title="bbox 1889 1202 3482 1278; baseline 0.004 -20"><span class='ocrx_word' id='word_1_560' title='bbox 1889 1202 2069 1258; x_wconf 87' lang='lat' dir='ltr'><strong>stultis</strong></span> <span class='ocrx_word' id='word_1_561' title='bbox 2115 1218 2272 1274; x_wconf 88' lang='lat' dir='ltr'><strong>opem</strong></span> <span class='ocrx_word' id='word_1_562' title='bbox 2320 1202 2463 1261; x_wconf 86' lang='lat' dir='ltr'><strong>ferre</strong></span> <span class='ocrx_word' id='word_1_563' title='bbox 2508 1214 2796 1275; x_wconf 88' lang='lat' dir='ltr'><strong>potuerunt</strong></span> <span class='ocrx_word' id='word_1_564' title='bbox 2842 1206 3065 1277; x_wconf 71' lang='lat' dir='ltr'><strong>(Matth.</strong></span> <span class='ocrx_word' id='word_1_565' title='bbox 3091 1208 3182 1263; x_wconf 76' lang='grc'><strong>25.</strong></span> <span class='ocrx_word' id='word_1_566' title='bbox 3212 1208 3249 1264; x_wconf 82' lang='lat'><strong>9</strong></span> <span class='ocrx_word' id='word_1_567' title='bbox 3272 1210 3330 1278; x_wconf 92' lang='lat'><strong>),</strong></span> <span class='ocrx_word' id='word_1_568' title='bbox 3373 1224 3482 1265; x_wconf 92' lang='lat' dir='ltr'><strong>non</strong></span> 
     </span>
    </p>
   </div>
   <div class='ocr_carea' id='block_1_71' title="bbox 1890 1291 3479 1366">
    <p class='ocr_par' dir='ltr' id='par_1_71' title="bbox 1890 1291 3479 1366">
     <span class='ocr_line' id='line_1_71' title="bbox 1890 1291 3479 1366; baseline 0.005 -19"><span class='ocrx_word' id='word_1_569' title='bbox 1890 1291 2160 1347; x_wconf 80' lang='lat' dir='ltr'><strong>Abraham</strong></span> <span class='ocrx_word' id='word_1_570' title='bbox 2185 1293 2334 1349; x_wconf 80' lang='lat' dir='ltr'><strong>diviti</strong></span> <span class='ocrx_word' id='word_1_571' title='bbox 2364 1293 2538 1364; x_wconf 81' lang='lat' dir='ltr'><strong>(Luc.</strong></span> <span class='ocrx_word' id='word_1_572' title='bbox 2564 1294 2653 1351; x_wconf 80' lang='lat' dir='ltr'><strong>l6.</strong></span> <span class='ocrx_word' id='word_1_573' title='bbox 2679 1295 2753 1352; x_wconf 72' lang='lat'><strong>25</strong></span> <span class='ocrx_word' id='word_1_574' title='bbox 2772 1296 2821 1365; x_wconf 96' lang='lat'><strong>),</strong></span> <span class='ocrx_word' id='word_1_575' title='bbox 2852 1311 2958 1352; x_wconf 91' lang='lat' dir='ltr'><strong>non</strong></span> <span class='ocrx_word' id='word_1_576' title='bbox 2994 1296 3108 1353; x_wconf 83' lang='lat' dir='ltr'><strong>Noe</strong></span> <span class='ocrx_word' id='word_1_577' title='bbox 3130 1338 3146 1362; x_wconf 93' lang='lat'><strong>,</strong></span> <span class='ocrx_word' id='word_1_578' title='bbox 3175 1306 3231 1353; x_wconf 90' lang='lat' dir='ltr'><strong>ct</strong></span> <span class='ocrx_word' id='word_1_579' title='bbox 3251 1297 3389 1366; x_wconf 75' lang='lat' dir='ltr'><strong>Job,</strong></span> <span class='ocrx_word' id='word_1_580' title='bbox 3419 1309 3479 1355; x_wconf 81' lang='lat' dir='ltr'><strong>et</strong></span> 
     </span>
    </p>
   </div>
   <div class='ocr_carea' id='block_1_72' title="bbox 1890 1380 3476 1456">
    <p class='ocr_par' dir='ltr' id='par_1_72' title="bbox 1890 1380 3476 1456">
     <span class='ocr_line' id='line_1_72' title="bbox 1890 1380 3476 1456; baseline 0.003 -19"><span class='ocrx_word' id='word_1_581' title='bbox 1890 1380 2077 1438; x_wconf 86' lang='lat' dir='ltr'><strong>Daniel</strong></span> <span class='ocrx_word' id='word_1_582' title='bbox 2108 1383 2231 1437; x_wconf 75' lang='lat' dir='ltr'><strong>[iliis</strong></span> <span class='ocrx_word' id='word_1_583' title='bbox 2267 1385 2326 1434; x_wconf 85' lang='lat' dir='ltr'><strong>et</strong></span> <span class='ocrx_word' id='word_1_584' title='bbox 2364 1381 2587 1441; x_wconf 79' lang='lat' dir='ltr'><strong>ﬁliabus</strong></span> <span class='ocrx_word' id='word_1_585' title='bbox 2622 1382 2847 1456; x_wconf 67' lang='lat' dir='ltr'><strong>(Eucti.</strong></span> <span class='ocrx_word' id='word_1_586' title='bbox 2880 1386 2971 1441; x_wconf 72' lang='grc'><strong>14.</strong></span> <span class='ocrx_word' id='word_1_587' title='bbox 2996 1387 3067 1442; x_wconf 75' lang='grc'><strong>20</strong></span> <span class='ocrx_word' id='word_1_588' title='bbox 3082 1388 3124 1456; x_wconf 87' lang='grc'><strong>).</strong></span> <span class='ocrx_word' id='word_1_589' title='bbox 3154 1386 3292 1443; x_wconf 82' lang='lat' dir='ltr'><strong>Illud</strong></span> <span class='ocrx_word' id='word_1_590' title='bbox 3310 1388 3476 1454; x_wconf 88' lang='lat' dir='ltr'><strong>enim,</strong></span> 
     </span>
    </p>
   </div>
   <div class='ocr_carea' id='block_1_73' title="bbox 1900 1471 3479 1541">
    <p class='ocr_par' dir='ltr' id='par_1_73' title="bbox 1900 1471 3479 1541">
     <span class='ocr_line' id='line_1_73' title="bbox 1900 1471 3479 1541; baseline 0.003 -14"><span class='ocrx_word' id='word_1_591' title='bbox 1900 1471 2206 1540; x_wconf 68' lang='lat' dir='ltr'><strong>Veterum,</strong></span> <span class='ocrx_word' id='word_1_592' title='bbox 2233 1482 2339 1540; x_wconf 90' lang='lat' dir='ltr'><strong>est,</strong></span> <span class='ocrx_word' id='word_1_593' title='bbox 2366 1475 2468 1529; x_wconf 90' lang='lat' dir='ltr'><strong>erit</strong></span> <span class='ocrx_word' id='word_1_594' title='bbox 2495 1474 2842 1541; x_wconf 85' lang='lat' dir='ltr'><strong>imbecillum,</strong></span> <span class='ocrx_word' id='word_1_595' title='bbox 2870 1486 3157 1533; x_wconf 67' lang='lat' dir='ltr'><strong>evanescat</strong></span> <span class='ocrx_word' id='word_1_596' title='bbox 3183 1494 3248 1533; x_wconf 85' lang='lat' dir='ltr'><strong>ac</strong></span> <span class='ocrx_word' id='word_1_597' title='bbox 3271 1476 3479 1534; x_wconf 78' lang='lat' dir='ltr'><strong>delebi-</strong></span> 
     </span>
    </p>
   </div>
   <div class='ocr_carea' id='block_1_74' title="bbox 1890 1560 3484 1638">
    <p class='ocr_par' dir='ltr' id='par_1_74' title="bbox 1890 1560 3484 1638">
     <span class='ocr_line' id='line_1_74' title="bbox 1890 1560 3484 1638; baseline 0.002 -22"><span class='ocrx_word' id='word_1_598' title='bbox 1890 1570 1980 1617; x_wconf 88' lang='lat' dir='ltr'><strong>tur</strong></span> <span class='ocrx_word' id='word_1_599' title='bbox 2007 1578 2022 1616; x_wconf 89' lang='lat'><strong>:</strong></span> <span class='ocrx_word' id='word_1_600' title='bbox 2054 1560 2205 1629; x_wconf 80' lang='lat' dir='ltr'><strong>Quod</strong></span> <span class='ocrx_word' id='word_1_601' title='bbox 2232 1562 2376 1616; x_wconf 88' lang='lat' dir='ltr'><strong>enim</strong></span> <span class='ocrx_word' id='word_1_602' title='bbox 2408 1563 2665 1617; x_wconf 69' lang='lat' dir='ltr'><strong>ceteraet-it</strong></span> <span class='ocrx_word' id='word_1_603' title='bbox 2706 1579 2768 1618; x_wconf 87' lang='lat' dir='ltr'><strong>ac</strong></span> <span class='ocrx_word' id='word_1_604' title='bbox 2804 1567 3148 1633; x_wconf 80' lang='lat' dir='ltr'><strong>consenescit,</strong></span> <span class='ocrx_word' id='word_1_605' title='bbox 3194 1583 3298 1622; x_wconf 82' lang='lat' dir='ltr'><strong>non</strong></span> <span class='ocrx_word' id='word_1_606' title='bbox 3332 1567 3484 1638; x_wconf 74' lang='lat' dir='ltr'><strong>longe</strong></span> 
     </span>
    </p>
   </div>
   <div class='ocr_carea' id='block_1_75' title="bbox 1888 1652 3483 1731">
    <p class='ocr_par' dir='ltr' id='par_1_75' title="bbox 1888 1652 3483 1731">
     <span class='ocr_line' id='line_1_75' title="bbox 1888 1652 3483 1731; baseline 0.005 -24"><span class='ocrx_word' id='word_1_607' title='bbox 1888 1653 2028 1708; x_wconf 79' lang='lat' dir='ltr'><strong>abest</strong></span> <span class='ocrx_word' id='word_1_608' title='bbox 2062 1652 2127 1708; x_wconf 77' lang='lat' dir='ltr'><strong>alt</strong></span> <span class='ocrx_word' id='word_1_609' title='bbox 2161 1654 2385 1709; x_wconf 72' lang='lat' dir='ltr'><strong>interim.</strong></span> <span class='ocrx_word' id='word_1_610' title='bbox 2424 1654 2471 1709; x_wconf 79' lang='grc' dir='ltr'><em>Α</em></span> <span class='ocrx_word' id='word_1_611' title='bbox 2505 1654 2676 1727; x_wconf 73' lang='lat' dir='ltr'><strong>gloria</strong></span> <span class='ocrx_word' id='word_1_612' title='bbox 2700 1672 2797 1712; x_wconf 71' lang='lat' dir='ltr'><strong>sua</strong></span> <span class='ocrx_word' id='word_1_613' title='bbox 2831 1658 3085 1713; x_wconf 63' lang='lat' dir='ltr'><strong>externati</strong></span> <span class='ocrx_word' id='word_1_614' title='bbox 3124 1668 3244 1714; x_wconf 75' lang='lat' dir='ltr'><strong>sunt</strong></span> <span class='ocrx_word' id='word_1_615' title='bbox 3273 1657 3483 1731; x_wconf 73' lang='lat' dir='ltr'><strong>(Hebr.</strong></span> 
     </span>
    </p>
   </div>
   <div class='ocr_carea' id='block_1_76' title="bbox 1888 1743 2104 1813">
    <p class='ocr_par' dir='ltr' id='par_1_76' title="bbox 1888 1743 2104 1813">
     <span class='ocr_line' id='line_1_76' title="bbox 1888 1743 2104 1813; baseline -0.014 -12"><span class='ocrx_word' id='word_1_616' title='bbox 1888 1743 1946 1801; x_wconf 87' lang='lat'><strong>8.</strong></span> <span class='ocrx_word' id='word_1_617' title='bbox 1974 1744 2043 1800; x_wconf 80' lang='lat' dir='ltr'><strong>ts</strong></span> <span class='ocrx_word' id='word_1_618' title='bbox 2057 1744 2104 1813; x_wconf 84' lang='grc'><strong>).</strong></span> 
     </span>
    </p>
   </div>
   <div class='ocr_carea' id='block_1_77' title="bbox 1940 1832 3485 1909">
    <p class='ocr_par' dir='ltr' id='par_1_77' title="bbox 1940 1832 3485 1909">
     <span class='ocr_line' id='line_1_77' title="bbox 1940 1832 3485 1909; baseline 0.005 -21"><span class='ocrx_word' id='word_1_619' title='bbox 1940 1832 2269 1889; x_wconf 72' lang='lat' dir='ltr'><strong>lonuntarta</strong></span> <span class='ocrx_word' id='word_1_620' title='bbox 2283 1841 2502 1907; x_wconf 65' lang='lat' dir='ltr'><strong>stipato</strong></span> <span class='ocrx_word' id='word_1_621' title='bbox 2520 1838 2866 1894; x_wconf 74' lang='lat' dir='ltr'><strong>accusationes</strong></span> <span class='ocrx_word' id='word_1_622' title='bbox 2890 1849 3227 1894; x_wconf 75' lang='lat' dir='ltr'><strong>mortuorum.</strong></span> <span class='ocrx_word' id='word_1_623' title='bbox 3239 1870 3312 1881; x_wconf 96' lang='lat'><strong><em>—</em></strong></span> <span class='ocrx_word' id='word_1_624' title='bbox 3326 1839 3485 1909; x_wconf 76' lang='lat' dir='ltr'><strong>Quod</strong></span> 
     </span>
    </p>
   </div>
   <div class='ocr_carea' id='block_1_78' title="bbox 1888 1924 3481 2001">
    <p class='ocr_par' dir='ltr' id='par_1_78' title="bbox 1888 1924 3481 2001">
     <span class='ocr_line' id='line_1_78' title="bbox 1888 1924 3481 2001; baseline 0.005 -22"><span class='ocrx_word' id='word_1_625' title='bbox 1888 1925 2125 1981; x_wconf 80' lang='lat' dir='ltr'><strong>maxime</strong></span> <span class='ocrx_word' id='word_1_626' title='bbox 2144 1924 2549 1993; x_wconf 88' lang='lat' dir='ltr'><strong>desiderabant,</strong></span> <span class='ocrx_word' id='word_1_627' title='bbox 2578 1936 2800 2001; x_wconf 89' lang='lat' dir='ltr'><strong>propter</strong></span> <span class='ocrx_word' id='word_1_628' title='bbox 2817 1929 2961 2001; x_wconf 90' lang='lat' dir='ltr'><strong>quod</strong></span> <span class='ocrx_word' id='word_1_629' title='bbox 2984 1931 3164 1986; x_wconf 85' lang='lat' dir='ltr'><strong>omnia</strong></span> <span class='ocrx_word' id='word_1_630' title='bbox 3193 1931 3481 1997; x_wconf 83' lang='lat' dir='ltr'><strong>faciebant,</strong></span> 
     </span>
    </p>
   </div>
   <div class='ocr_carea' id='block_1_79' title="bbox 1887 2016 3480 2093">
    <p class='ocr_par' dir='ltr' id='par_1_79' title="bbox 1887 2016 3480 2093">
     <span class='ocr_line' id='line_1_79' title="bbox 1887 2016 3480 2093; baseline 0.004 -19"><span class='ocrx_word' id='word_1_631' title='bbox 1887 2025 1947 2074; x_wconf 88' lang='lat' dir='ltr'><strong>ct</strong></span> <span class='ocrx_word' id='word_1_632' title='bbox 1991 2016 2127 2073; x_wconf 87' lang='lat' dir='ltr'><strong>nihil</strong></span> <span class='ocrx_word' id='word_1_633' title='bbox 2168 2032 2276 2074; x_wconf 93' lang='lat' dir='ltr'><strong>non</strong></span> <span class='ocrx_word' id='word_1_634' title='bbox 2317 2018 2704 2087; x_wconf 89' lang='lat' dir='ltr'><strong>moliebantur,</strong></span> <span class='ocrx_word' id='word_1_635' title='bbox 2750 2035 2945 2093; x_wconf 89' lang='lat' dir='ltr'><strong>nempe</strong></span> <span class='ocrx_word' id='word_1_636' title='bbox 2988 2029 3048 2078; x_wconf 92' lang='lat' dir='ltr'><strong>ut</strong></span> <span class='ocrx_word' id='word_1_637' title='bbox 3085 2031 3206 2093; x_wconf 89' lang='lat' dir='ltr'><strong>post</strong></span> <span class='ocrx_word' id='word_1_638' title='bbox 3248 2032 3480 2081; x_wconf 85' lang='lat' dir='ltr'><strong>mortem</strong></span> 
     </span>
    </p>
   </div>
   <div class='ocr_carea' id='block_1_80' title="bbox 1888 2109 3487 2187">
    <p class='ocr_par' dir='ltr' id='par_1_80' title="bbox 1888 2109 3487 2187">
     <span class='ocr_line' id='line_1_80' title="bbox 1888 2109 3487 2187; baseline 0.006 -24"><span class='ocrx_word' id='word_1_639' title='bbox 1888 2122 2140 2180; x_wconf 85' lang='lat' dir='ltr'><strong>magnam</strong></span> <span class='ocrx_word' id='word_1_640' title='bbox 2182 2109 2285 2165; x_wconf 87' lang='lat' dir='ltr'><strong>sibi</strong></span> <span class='ocrx_word' id='word_1_641' title='bbox 2326 2118 2579 2181; x_wconf 90' lang='lat' dir='ltr'><strong>pararent</strong></span> <span class='ocrx_word' id='word_1_642' title='bbox 2616 2110 2839 2183; x_wconf 87' lang='lat' dir='ltr'><strong>gloriam</strong></span> <span class='ocrx_word' id='word_1_643' title='bbox 2864 2152 2882 2180; x_wconf 97' lang='lat'><strong>,</strong></span> <span class='ocrx_word' id='word_1_644' title='bbox 2920 2126 3018 2183; x_wconf 88' lang='lat' dir='ltr'><strong>per</strong></span> <span class='ocrx_word' id='word_1_645' title='bbox 3052 2113 3345 2185; x_wconf 82' lang='lat' dir='ltr'><strong>pecunias,</strong></span> <span class='ocrx_word' id='word_1_646' title='bbox 3385 2129 3487 2187; x_wconf 88' lang='lat' dir='ltr'><strong>per</strong></span> 
     </span>
    </p>
   </div>
   <div class='ocr_carea' id='block_1_81' title="bbox 1889 2200 3485 2278">
    <p class='ocr_par' dir='ltr' id='par_1_81' title="bbox 1889 2200 3485 2278">
     <span class='ocr_line' id='line_1_81' title="bbox 1889 2200 3485 2278; baseline 0.004 -22"><span class='ocrx_word' id='word_1_647' title='bbox 1889 2200 2141 2266; x_wconf 60' lang='lat' dir='ltr'><strong>aedilicia,</strong></span> <span class='ocrx_word' id='word_1_648' title='bbox 2170 2214 2269 2272; x_wconf 91' lang='lat' dir='ltr'><strong>per</strong></span> <span class='ocrx_word' id='word_1_649' title='bbox 2288 2202 2557 2273; x_wconf 89' lang='lat' dir='ltr'><strong>sepulcra,</strong></span> <span class='ocrx_word' id='word_1_650' title='bbox 2583 2217 2685 2274; x_wconf 88' lang='lat' dir='ltr'><strong>per</strong></span> <span class='ocrx_word' id='word_1_651' title='bbox 2702 2204 2920 2259; x_wconf 88' lang='lat' dir='ltr'><strong>nomina</strong></span> <span class='ocrx_word' id='word_1_652' title='bbox 2946 2204 3203 2277; x_wconf 87' lang='lat' dir='ltr'><strong>inscripta</strong></span> <span class='ocrx_word' id='word_1_653' title='bbox 3223 2206 3276 2262; x_wconf 94' lang='lat' dir='ltr'><strong>in</strong></span> <span class='ocrx_word' id='word_1_654' title='bbox 3302 2206 3485 2278; x_wconf 85' lang='lat' dir='ltr'><strong>sepul-</strong></span> 
     </span>
    </p>
   </div>
   <div class='ocr_carea' id='block_1_82' title="bbox 1889 2290 3486 2365">
    <p class='ocr_par' dir='ltr' id='par_1_82' title="bbox 1889 2290 3486 2365">
     <span class='ocr_line' id='line_1_82' title="bbox 1889 2290 3486 2365; baseline 0.004 -18"><span class='ocrx_word' id='word_1_655' title='bbox 1889 2292 2038 2358; x_wconf 86' lang='lat' dir='ltr'><strong>cris;</strong></span> <span class='ocrx_word' id='word_1_656' title='bbox 2077 2290 2147 2347; x_wconf 89' lang='lat' dir='ltr'><strong>ab</strong></span> <span class='ocrx_word' id='word_1_657' title='bbox 2170 2305 2260 2358; x_wconf 90' lang='lat' dir='ltr'><strong>eo,</strong></span> <span class='ocrx_word' id='word_1_658' title='bbox 2287 2292 2481 2363; x_wconf 90' lang='lat' dir='ltr'><strong>inquit,</strong></span> <span class='ocrx_word' id='word_1_659' title='bbox 2511 2292 2787 2359; x_wconf 86' lang='lat' dir='ltr'><strong>excident,</strong></span> <span class='ocrx_word' id='word_1_660' title='bbox 2815 2292 2959 2365; x_wconf 89' lang='lat' dir='ltr'><strong>quod</strong></span> <span class='ocrx_word' id='word_1_661' title='bbox 2985 2309 3080 2350; x_wconf 89' lang='lat' dir='ltr'><strong>eos</strong></span> <span class='ocrx_word' id='word_1_662' title='bbox 3106 2293 3338 2351; x_wconf 85' lang='lat' dir='ltr'><strong>maxima</strong></span> <span class='ocrx_word' id='word_1_663' title='bbox 3366 2310 3486 2353; x_wconf 91' lang='lat' dir='ltr'><strong>mo-</strong></span> 
     </span>
    </p>
   </div>
   <div class='ocr_carea' id='block_1_83' title="bbox 1890 2379 3484 2451">
    <p class='ocr_par' dir='ltr' id='par_1_83' title="bbox 1890 2379 3484 2451">
     <span class='ocr_line' id='line_1_83' title="bbox 1890 2379 3484 2451; baseline 0.004 -15"><span class='ocrx_word' id='word_1_664' title='bbox 1890 2379 2044 2438; x_wconf 87' lang='lat' dir='ltr'><strong>lestia</strong></span> <span class='ocrx_word' id='word_1_665' title='bbox 2072 2380 2340 2438; x_wconf 76' lang='lat' dir='ltr'><strong>alliciebat</strong></span> <span class='ocrx_word' id='word_1_666' title='bbox 2365 2381 2493 2438; x_wconf 90' lang='lat' dir='ltr'><strong>dum</strong></span> <span class='ocrx_word' id='word_1_667' title='bbox 2533 2381 2815 2451; x_wconf 85' lang='lat' dir='ltr'><strong>viverent,</strong></span> <span class='ocrx_word' id='word_1_668' title='bbox 2852 2391 2908 2440; x_wconf 88' lang='lat' dir='ltr'><strong>et</strong></span> <span class='ocrx_word' id='word_1_669' title='bbox 2932 2383 3048 2441; x_wconf 64' lang='lat' dir='ltr'><strong>hac</strong></span> <span class='ocrx_word' id='word_1_670' title='bbox 3074 2385 3296 2442; x_wconf 89' lang='lat' dir='ltr'><strong>scirent.</strong></span> <span class='ocrx_word' id='word_1_671' title='bbox 3331 2384 3484 2443; x_wconf 80' lang='lat' dir='ltr'><strong>Talia</strong></span> 
     </span>
    </p>
   </div>
   <div class='ocr_carea' id='block_1_84' title="bbox 1890 2470 3485 2533">
    <p class='ocr_par' dir='ltr' id='par_1_84' title="bbox 1890 2470 3485 2533">
     <span class='ocr_line' id='line_1_84' title="bbox 1890 2470 3485 2533; baseline 0.004 -6"><span class='ocrx_word' id='word_1_672' title='bbox 1890 2470 2037 2529; x_wconf 87' lang='lat' dir='ltr'><strong>enim</strong></span> <span class='ocrx_word' id='word_1_673' title='bbox 2078 2470 2305 2528; x_wconf 71' lang='lat' dir='ltr'><strong>aedilicia</strong></span> <span class='ocrx_word' id='word_1_674' title='bbox 2355 2481 2483 2529; x_wconf 86' lang='lat' dir='ltr'><strong>sunt</strong></span> <span class='ocrx_word' id='word_1_675' title='bbox 2527 2472 2905 2530; x_wconf 84' lang='lat' dir='ltr'><strong>accusationes</strong></span> <span class='ocrx_word' id='word_1_676' title='bbox 2951 2484 3309 2532; x_wconf 90' lang='lat' dir='ltr'><strong>mortuorum.</strong></span> <span class='ocrx_word' id='word_1_677' title='bbox 3349 2474 3485 2533; x_wconf 78' lang='lat' dir='ltr'><strong>Nam</strong></span> 
     </span>
    </p>
   </div>
   <div class='ocr_carea' id='block_1_85' title="bbox 1890 2562 3488 2637">
    <p class='ocr_par' dir='ltr' id='par_1_85' title="bbox 1890 2562 3488 2637">
     <span class='ocr_line' id='line_1_85' title="bbox 1890 2562 3488 2637; baseline 0.002 -18"><span class='ocrx_word' id='word_1_678' title='bbox 1890 2562 1992 2620; x_wconf 90' lang='lat' dir='ltr'><strong>etsi</strong></span> <span class='ocrx_word' id='word_1_679' title='bbox 2017 2577 2217 2635; x_wconf 88' lang='lat' dir='ltr'><strong>corpus</strong></span> <span class='ocrx_word' id='word_1_680' title='bbox 2245 2571 2387 2620; x_wconf 87' lang='lat' dir='ltr'><strong>terra</strong></span> <span class='ocrx_word' id='word_1_681' title='bbox 2413 2570 2642 2637; x_wconf 86' lang='lat' dir='ltr'><strong>tegatur,</strong></span> <span class='ocrx_word' id='word_1_682' title='bbox 2672 2563 2879 2637; x_wconf 90' lang='lat' dir='ltr'><strong>lapides</strong></span> <span class='ocrx_word' id='word_1_683' title='bbox 2905 2573 3085 2621; x_wconf 88' lang='lat' dir='ltr'><strong>tamen</strong></span> <span class='ocrx_word' id='word_1_684' title='bbox 3110 2579 3301 2622; x_wconf 87' lang='lat' dir='ltr'><strong>vocem</strong></span> <span class='ocrx_word' id='word_1_685' title='bbox 3330 2567 3488 2623; x_wconf 78' lang='lat' dir='ltr'><strong>crnit-</strong></span> 
     </span>
    </p>
   </div>
   <div class='ocr_carea' id='block_1_86' title="bbox 1894 2653 3487 2730">
    <p class='ocr_par' dir='ltr' id='par_1_86' title="bbox 1894 2653 3487 2730">
     <span class='ocr_line' id='line_1_86' title="bbox 1894 2653 3487 2730; baseline 0.003 -20"><span class='ocrx_word' id='word_1_686' title='bbox 1894 2661 2034 2723; x_wconf 90' lang='lat' dir='ltr'><strong>tunt,</strong></span> <span class='ocrx_word' id='word_1_687' title='bbox 2077 2668 2265 2711; x_wconf 88' lang='lat' dir='ltr'><strong>eorum</strong></span> <span class='ocrx_word' id='word_1_688' title='bbox 2309 2653 2682 2712; x_wconf 86' lang='lat' dir='ltr'><strong>crudelitatem</strong></span> <span class='ocrx_word' id='word_1_689' title='bbox 2726 2665 2784 2713; x_wconf 87' lang='lat' dir='ltr'><strong>et</strong></span> <span class='ocrx_word' id='word_1_690' title='bbox 2820 2655 3205 2728; x_wconf 89' lang='lat' dir='ltr'><strong>impudentiam</strong></span> <span class='ocrx_word' id='word_1_691' title='bbox 3247 2656 3487 2730; x_wconf 84' lang='lat' dir='ltr'><strong>quotidie</strong></span> 
     </span>
    </p>
   </div>
   <div class='ocr_carea' id='block_1_87' title="bbox 1890 2745 3488 2818">
    <p class='ocr_par' dir='ltr' id='par_1_87' title="bbox 1890 2745 3488 2818">
     <span class='ocr_line' id='line_1_87' title="bbox 1890 2745 3488 2818; baseline 0.003 -16"><span class='ocrx_word' id='word_1_692' title='bbox 1890 2753 2226 2812; x_wconf 85' lang='lat' dir='ltr'><strong>accusantes,</strong></span> <span class='ocrx_word' id='word_1_693' title='bbox 2267 2760 2583 2803; x_wconf 88' lang='lat' dir='ltr'><strong>communes</strong></span> <span class='ocrx_word' id='word_1_694' title='bbox 2608 2761 2702 2804; x_wconf 83' lang='lat' dir='ltr'><strong>eos</strong></span> <span class='ocrx_word' id='word_1_695' title='bbox 2727 2745 2913 2804; x_wconf 84' lang='lat' dir='ltr'><strong>hostes</strong></span> <span class='ocrx_word' id='word_1_696' title='bbox 2939 2748 3364 2818; x_wconf 87' lang='lat' dir='ltr'><strong>proclamantes,</strong></span> <span class='ocrx_word' id='word_1_697' title='bbox 3388 2763 3488 2806; x_wconf 88' lang='lat' dir='ltr'><strong>eos</strong></span> 
     </span>
    </p>
   </div>
   <div class='ocr_carea' id='block_1_88' title="bbox 1890 2835 3487 2910">
    <p class='ocr_par' dir='ltr' id='par_1_88' title="bbox 1890 2835 3487 2910">
     <span class='ocr_line' id='line_1_88' title="bbox 1890 2835 3487 2910; baseline 0.001 -17"><span class='ocrx_word' id='word_1_698' title='bbox 1890 2835 1983 2909; x_wconf 87' lang='lat' dir='ltr'><strong>qui</strong></span> <span class='ocrx_word' id='word_1_699' title='bbox 1999 2844 2359 2908; x_wconf 63' lang='lat' dir='ltr'><strong>prater-eunt,</strong></span> <span class='ocrx_word' id='word_1_700' title='bbox 2384 2845 2447 2893; x_wconf 91' lang='lat' dir='ltr'><strong>ut</strong></span> <span class='ocrx_word' id='word_1_701' title='bbox 2467 2851 2562 2894; x_wconf 81' lang='lat' dir='ltr'><strong>eos</strong></span> <span class='ocrx_word' id='word_1_702' title='bbox 2589 2835 2724 2893; x_wconf 88' lang='lat' dir='ltr'><strong>diris</strong></span> <span class='ocrx_word' id='word_1_703' title='bbox 2748 2845 2807 2893; x_wconf 89' lang='lat' dir='ltr'><strong>et</strong></span> <span class='ocrx_word' id='word_1_704' title='bbox 2831 2837 3131 2894; x_wconf 85' lang='lat' dir='ltr'><strong>maledictis</strong></span> <span class='ocrx_word' id='word_1_705' title='bbox 3158 2852 3487 2910; x_wconf 81' lang='lat' dir='ltr'><strong>persequan-</strong></span> 
     </span>
    </p>
   </div>
   <div class='ocr_carea' id='block_1_89' title="bbox 1892 2927 3486 3002">
    <p class='ocr_par' dir='ltr' id='par_1_89' title="bbox 1892 2927 3486 3002">
     <span class='ocr_line' id='line_1_89' title="bbox 1892 2927 3486 3002; baseline 0.003 -20"><span class='ocrx_word' id='word_1_706' title='bbox 1892 2935 1981 2982; x_wconf 86' lang='lat' dir='ltr'><strong>tur</strong></span> <span class='ocrx_word' id='word_1_707' title='bbox 2003 2936 2060 2984; x_wconf 90' lang='lat' dir='ltr'><strong>et</strong></span> <span class='ocrx_word' id='word_1_708' title='bbox 2084 2936 2342 2985; x_wconf 86' lang='lat' dir='ltr'><strong>accusent</strong></span> <span class='ocrx_word' id='word_1_709' title='bbox 2364 2969 2381 2996; x_wconf 92' lang='lat'><strong>,</strong></span> <span class='ocrx_word' id='word_1_710' title='bbox 2415 2927 2725 2985; x_wconf 80' lang='lat' dir='ltr'><strong>imitantes.</strong></span> <span class='ocrx_word' id='word_1_711' title='bbox 2768 2928 3027 2998; x_wconf 67' lang='lat' dir='ltr'><strong>Quanam</strong></span> <span class='ocrx_word' id='word_1_712' title='bbox 3067 2938 3154 2985; x_wconf 89' lang='lat' dir='ltr'><strong>est</strong></span> <span class='ocrx_word' id='word_1_713' title='bbox 3195 2944 3327 3002; x_wconf 86' lang='lat' dir='ltr'><strong>ergo</strong></span> <span class='ocrx_word' id='word_1_714' title='bbox 3367 2929 3486 2987; x_wconf 67' lang='lat' dir='ltr'><strong>hac</strong></span> 
     </span>
    </p>
   </div>
   <div class='ocr_carea' id='block_1_90' title="bbox 1890 3016 3487 3091">
    <p class='ocr_par' dir='ltr' id='par_1_90' title="bbox 1890 3016 3487 3091">
     <span class='ocr_line' id='line_1_90' title="bbox 1890 3016 3487 3091; baseline 0.002 -17"><span class='ocrx_word' id='word_1_715' title='bbox 1890 3016 2061 3090; x_wconf 76' lang='lat' dir='ltr'><strong>gloria</strong></span> <span class='ocrx_word' id='word_1_716' title='bbox 2079 3056 2097 3084; x_wconf 92' lang='lat'><strong>,</strong></span> <span class='ocrx_word' id='word_1_717' title='bbox 2132 3026 2501 3075; x_wconf 86' lang='lat' dir='ltr'><strong>accusatorem</strong></span> <span class='ocrx_word' id='word_1_718' title='bbox 2545 3017 2850 3091; x_wconf 72' lang='lat' dir='ltr'><strong>relinquam</strong></span> <span class='ocrx_word' id='word_1_719' title='bbox 2893 3032 3000 3074; x_wconf 91' lang='lat' dir='ltr'><strong>non</strong></span> <span class='ocrx_word' id='word_1_720' title='bbox 3044 3026 3310 3075; x_wconf 87' lang='lat' dir='ltr'><strong>tacentem</strong></span> <span class='ocrx_word' id='word_1_721' title='bbox 3330 3057 3349 3087; x_wconf 95' lang='lat'><strong>,</strong></span> <span class='ocrx_word' id='word_1_722' title='bbox 3389 3020 3487 3077; x_wconf 85' lang='lat' dir='ltr'><strong>sed</strong></span> 
     </span>
    </p>
   </div>
   <div class='ocr_carea' id='block_1_91' title="bbox 1893 3107 3489 3181">
    <p class='ocr_par' dir='ltr' id='par_1_91' title="bbox 1893 3107 3489 3181">
     <span class='ocr_line' id='line_1_91' title="bbox 1893 3107 3489 3181; baseline 0.003 -17"><span class='ocrx_word' id='word_1_723' title='bbox 1893 3107 2014 3165; x_wconf 85' lang='lat' dir='ltr'><strong>solo</strong></span> <span class='ocrx_word' id='word_1_724' title='bbox 2037 3117 2257 3179; x_wconf 68' lang='lat' dir='ltr'><strong>sapectu</strong></span> <span class='ocrx_word' id='word_1_725' title='bbox 2282 3123 2378 3165; x_wconf 88' lang='lat' dir='ltr'><strong>ora</strong></span> <span class='ocrx_word' id='word_1_726' title='bbox 2403 3108 2646 3166; x_wconf 87' lang='lat' dir='ltr'><strong>omnium</strong></span> <span class='ocrx_word' id='word_1_727' title='bbox 2672 3108 3028 3179; x_wconf 88' lang='lat' dir='ltr'><strong>aperientem,</strong></span> <span class='ocrx_word' id='word_1_728' title='bbox 3054 3120 3111 3166; x_wconf 91' lang='lat' dir='ltr'><strong>et</strong></span> <span class='ocrx_word' id='word_1_729' title='bbox 3133 3108 3276 3181; x_wconf 89' lang='lat' dir='ltr'><strong>apud</strong></span> <span class='ocrx_word' id='word_1_730' title='bbox 3296 3124 3489 3168; x_wconf 81' lang='lat' dir='ltr'><strong>omnes</strong></span> 
     </span>
    </p>
   </div>
   <div class='ocr_carea' id='block_1_92' title="bbox 1892 3196 3487 3273">
    <p class='ocr_par' dir='ltr' id='par_1_92' title="bbox 1892 3196 3487 3273">
     <span class='ocr_line' id='line_1_92' title="bbox 1892 3196 3487 3273; baseline 0.001 -17"><span class='ocrx_word' id='word_1_731' title='bbox 1892 3199 1987 3271; x_wconf 91' lang='lat' dir='ltr'><strong>qui</strong></span> <span class='ocrx_word' id='word_1_732' title='bbox 2014 3196 2199 3255; x_wconf 86' lang='lat' dir='ltr'><strong>vident</strong></span> <span class='ocrx_word' id='word_1_733' title='bbox 2232 3206 2290 3255; x_wconf 89' lang='lat' dir='ltr'><strong>et</strong></span> <span class='ocrx_word' id='word_1_734' title='bbox 2328 3199 2596 3257; x_wconf 87' lang='lat' dir='ltr'><strong>accedunt</strong></span> <span class='ocrx_word' id='word_1_735' title='bbox 2614 3239 2633 3266; x_wconf 93' lang='lat'><strong>,</strong></span> <span class='ocrx_word' id='word_1_736' title='bbox 2661 3214 2757 3256; x_wconf 84' lang='lat' dir='ltr'><strong>eos</strong></span> <span class='ocrx_word' id='word_1_737' title='bbox 2785 3198 2883 3271; x_wconf 87' lang='lat' dir='ltr'><strong>qui</strong></span> <span class='ocrx_word' id='word_1_738' title='bbox 2906 3197 3243 3257; x_wconf 66' lang='lat' dir='ltr'><strong>aediﬁcarunt</strong></span> <span class='ocrx_word' id='word_1_739' title='bbox 3275 3201 3487 3273; x_wconf 87' lang='lat' dir='ltr'><strong>gravis-</strong></span> 
     </span>
    </p>
   </div>
   <div class='ocr_carea' id='block_1_93' title="bbox 1892 3290 3486 3363">
    <p class='ocr_par' dir='ltr' id='par_1_93' title="bbox 1892 3290 3486 3363">
     <span class='ocr_line' id='line_1_93' title="bbox 1892 3290 3486 3363; baseline 0.001 -15"><span class='ocrx_word' id='word_1_740' title='bbox 1892 3291 2033 3349; x_wconf 88' lang='lat' dir='ltr'><strong>sime</strong></span> <span class='ocrx_word' id='word_1_741' title='bbox 2056 3290 2462 3363; x_wconf 74' lang='lat' dir='ltr'><strong>increpauteml</strong></span> <span class='ocrx_word' id='word_1_742' title='bbox 2484 3290 2754 3361; x_wconf 89' lang='lat' dir='ltr'><strong>Quidnam</strong></span> <span class='ocrx_word' id='word_1_743' title='bbox 2779 3299 2958 3363; x_wconf 88' lang='lat' dir='ltr'><strong>potest</strong></span> <span class='ocrx_word' id='word_1_744' title='bbox 2979 3306 3103 3348; x_wconf 90' lang='lat' dir='ltr'><strong>cum</strong></span> <span class='ocrx_word' id='word_1_745' title='bbox 3129 3291 3231 3348; x_wconf 86' lang='lat' dir='ltr'><strong>hac</strong></span> <span class='ocrx_word' id='word_1_746' title='bbox 3252 3291 3486 3350; x_wconf 87' lang='lat' dir='ltr'><strong>conferri</strong></span> 
     </span>
    </p>
   </div>
   <div class='ocr_carea' id='block_1_94' title="bbox 1893 3379 3489 3455">
    <p class='ocr_par' dir='ltr' id='par_1_94' title="bbox 1893 3379 3489 3455">
     <span class='ocr_line' id='line_1_94' title="bbox 1893 3379 3489 3455; baseline 0.001 -17"><span class='ocrx_word' id='word_1_747' title='bbox 1893 3381 2142 3450; x_wconf 89' lang='lat' dir='ltr'><strong>stultitia,</strong></span> <span class='ocrx_word' id='word_1_748' title='bbox 2168 3379 2385 3452; x_wconf 87' lang='lat' dir='ltr'><strong>quando</strong></span> <span class='ocrx_word' id='word_1_749' title='bbox 2408 3395 2473 3439; x_wconf 89' lang='lat' dir='ltr'><strong>ea</strong></span> <span class='ocrx_word' id='word_1_750' title='bbox 2498 3381 2704 3439; x_wconf 79' lang='lat' dir='ltr'><strong>faciunt</strong></span> <span class='ocrx_word' id='word_1_751' title='bbox 2726 3380 2796 3437; x_wconf 89' lang='lat' dir='ltr'><strong>de</strong></span> <span class='ocrx_word' id='word_1_752' title='bbox 2820 3382 3017 3453; x_wconf 90' lang='lat' dir='ltr'><strong>quibus</strong></span> <span class='ocrx_word' id='word_1_753' title='bbox 3042 3382 3357 3453; x_wconf 89' lang='lat' dir='ltr'><strong>puniuntur,</strong></span> <span class='ocrx_word' id='word_1_754' title='bbox 3387 3398 3489 3455; x_wconf 89' lang='lat' dir='ltr'><strong>pro</strong></span> 
     </span>
    </p>
   </div>
   <div class='ocr_carea' id='block_1_95' title="bbox 1894 3472 3485 3545">
    <p class='ocr_par' dir='ltr' id='par_1_95' title="bbox 1894 3472 3485 3545">
     <span class='ocr_line' id='line_1_95' title="bbox 1894 3472 3485 3545; baseline 0.002 -17"><span class='ocrx_word' id='word_1_755' title='bbox 1894 3472 2088 3545; x_wconf 88' lang='lat' dir='ltr'><strong>quibus</strong></span> <span class='ocrx_word' id='word_1_756' title='bbox 2113 3480 2472 3541; x_wconf 86' lang='lat' dir='ltr'><strong>accusantur,</strong></span> <span class='ocrx_word' id='word_1_757' title='bbox 2509 3481 2731 3545; x_wconf 80' lang='lat' dir='ltr'><strong>prapter</strong></span> <span class='ocrx_word' id='word_1_758' title='bbox 2757 3486 2880 3544; x_wconf 74' lang='lat' dir='ltr'><strong>qua:</strong></span> <span class='ocrx_word' id='word_1_759' title='bbox 2907 3472 3072 3530; x_wconf 88' lang='lat' dir='ltr'><strong>etiam</strong></span> <span class='ocrx_word' id='word_1_760' title='bbox 3112 3483 3233 3544; x_wconf 89' lang='lat' dir='ltr'><strong>post</strong></span> <span class='ocrx_word' id='word_1_761' title='bbox 3255 3481 3485 3531; x_wconf 89' lang='lat' dir='ltr'><strong>mortem</strong></span> 
     </span>
    </p>
   </div>
   <div class='ocr_carea' id='block_1_96' title="bbox 1893 3564 3488 3638">
    <p class='ocr_par' dir='ltr' id='par_1_96' title="bbox 1893 3564 3488 3638">
     <span class='ocr_line' id='line_1_96' title="bbox 1893 3564 3488 3638; baseline 0.001 -16"><span class='ocrx_word' id='word_1_762' title='bbox 1893 3580 1927 3622; x_wconf 89' lang='lat' dir='ltr'><strong>a</strong></span> <span class='ocrx_word' id='word_1_763' title='bbox 1950 3564 2133 3622; x_wconf 88' lang='lat' dir='ltr'><strong>multis</strong></span> <span class='ocrx_word' id='word_1_764' title='bbox 2154 3564 2518 3622; x_wconf 75' lang='lat' dir='ltr'><strong>ell’odiuntur:</strong></span> <span class='ocrx_word' id='word_1_765' title='bbox 2545 3579 2611 3621; x_wconf 86' lang='lat' dir='ltr'><strong>ex</strong></span> <span class='ocrx_word' id='word_1_766' title='bbox 2637 3564 2832 3638; x_wconf 86' lang='lat' dir='ltr'><strong>quibus</strong></span> <span class='ocrx_word' id='word_1_767' title='bbox 2859 3566 3277 3634; x_wconf 82' lang='lat' dir='ltr'><strong>exsecrationes,</strong></span> <span class='ocrx_word' id='word_1_768' title='bbox 3304 3580 3488 3637; x_wconf 85' lang='lat' dir='ltr'><strong>repre-</strong></span> 
     </span>
    </p>
   </div>
   <div class='ocr_carea' id='block_1_97' title="bbox 1894 3654 3485 3728">
    <p class='ocr_par' dir='ltr' id='par_1_97' title="bbox 1894 3654 3485 3728">
     <span class='ocr_line' id='line_1_97' title="bbox 1894 3654 3485 3728; baseline -0.001 -15"><span class='ocrx_word' id='word_1_769' title='bbox 1894 3655 2184 3714; x_wconf 87' lang='lat' dir='ltr'><strong>hensiones</strong></span> <span class='ocrx_word' id='word_1_770' title='bbox 2209 3664 2267 3713; x_wconf 89' lang='lat' dir='ltr'><strong>et</strong></span> <span class='ocrx_word' id='word_1_771' title='bbox 2291 3656 2455 3712; x_wconf 90' lang='lat' dir='ltr'><strong>multa</strong></span> <span class='ocrx_word' id='word_1_772' title='bbox 2479 3655 2705 3712; x_wconf 88' lang='lat' dir='ltr'><strong>crimina</strong></span> <span class='ocrx_word' id='word_1_773' title='bbox 2737 3656 2985 3713; x_wconf 90' lang='lat' dir='ltr'><strong>oriuntur</strong></span> <span class='ocrx_word' id='word_1_774' title='bbox 3000 3697 3018 3725; x_wconf 96' lang='lat'><strong>,</strong></span> <span class='ocrx_word' id='word_1_775' title='bbox 3046 3665 3155 3712; x_wconf 86' lang='lat' dir='ltr'><strong>tam</strong></span> <span class='ocrx_word' id='word_1_776' title='bbox 3180 3654 3254 3712; x_wconf 90' lang='lat' dir='ltr'><strong>ab</strong></span> <span class='ocrx_word' id='word_1_777' title='bbox 3289 3657 3372 3714; x_wconf 88' lang='lat' dir='ltr'><strong>eis</strong></span> <span class='ocrx_word' id='word_1_778' title='bbox 3394 3657 3485 3728; x_wconf 88' lang='lat' dir='ltr'><strong>qui</strong></span> 
     </span>
    </p>
   </div>
   <div class='ocr_carea' id='block_1_98' title="bbox 1894 3744 3487 3819">
    <p class='ocr_par' dir='ltr' id='par_1_98' title="bbox 1894 3744 3487 3819">
     <span class='ocr_line' id='line_1_98' title="bbox 1894 3744 3487 3819; baseline -0.002 -15"><span class='ocrx_word' id='word_1_779' title='bbox 1894 3747 2090 3819; x_wconf 88' lang='lat' dir='ltr'><strong>injuria</strong></span> <span class='ocrx_word' id='word_1_780' title='bbox 2109 3745 2287 3803; x_wconf 82' lang='lat' dir='ltr'><strong>allecti</strong></span> <span class='ocrx_word' id='word_1_781' title='bbox 2309 3754 2455 3814; x_wconf 88' lang='lat' dir='ltr'><strong>sunt,</strong></span> <span class='ocrx_word' id='word_1_782' title='bbox 2475 3761 2636 3818; x_wconf 89' lang='lat' dir='ltr'><strong>quam</strong></span> <span class='ocrx_word' id='word_1_783' title='bbox 2655 3745 2747 3817; x_wconf 89' lang='lat' dir='ltr'><strong>qui</strong></span> <span class='ocrx_word' id='word_1_784' title='bbox 2773 3758 2881 3802; x_wconf 90' lang='lat' dir='ltr'><strong>non</strong></span> <span class='ocrx_word' id='word_1_785' title='bbox 2904 3744 3082 3801; x_wconf 71' lang='lat' dir='ltr'><strong>affecti</strong></span> <span class='ocrx_word' id='word_1_786' title='bbox 3105 3746 3264 3801; x_wconf 75' lang='lat' dir='ltr'><strong>sunt?</strong></span> <span class='ocrx_word' id='word_1_787' title='bbox 3285 3746 3373 3803; x_wconf 76' lang='lat' dir='ltr'><strong>id.</strong></span> <span class='ocrx_word' id='word_1_788' title='bbox 3390 3744 3487 3802; x_wconf 76' lang='lat' dir='ltr'><strong>Ve-</strong></span> 
     </span>
    </p>
   </div>
   <div class='ocr_carea' id='block_1_99' title="bbox 1893 3833 3487 3909">
    <p class='ocr_par' dir='ltr' id='par_1_99' title="bbox 1893 3833 3487 3909">
     <span class='ocr_line' id='line_1_99' title="bbox 1893 3833 3487 3909; baseline -0.001 -16"><span class='ocrx_word' id='word_1_789' title='bbox 1893 3848 2178 3893; x_wconf 79' lang='lat' dir='ltr'><strong>rumtamen</strong></span> <span class='ocrx_word' id='word_1_790' title='bbox 2198 3833 2340 3892; x_wconf 76' lang='lat' dir='ltr'><strong>Deus</strong></span> <span class='ocrx_word' id='word_1_791' title='bbox 2358 3835 2568 3892; x_wconf 79' lang='lat' dir='ltr'><strong>redimet</strong></span> <span class='ocrx_word' id='word_1_792' title='bbox 2586 3835 2811 3891; x_wconf 73' lang='lat' dir='ltr'><strong>animum</strong></span> <span class='ocrx_word' id='word_1_793' title='bbox 2832 3850 2995 3890; x_wconf 78' lang='lat' dir='ltr'><strong>meum</strong></span> <span class='ocrx_word' id='word_1_794' title='bbox 3016 3834 3080 3890; x_wconf 80' lang='lat' dir='ltr'><strong>de</strong></span> <span class='ocrx_word' id='word_1_795' title='bbox 3101 3850 3259 3890; x_wconf 70' lang='lat' dir='ltr'><strong>manu</strong></span> <span class='ocrx_word' id='word_1_796' title='bbox 3276 3835 3487 3909; x_wconf 77' lang='lat' dir='ltr'><strong>inferni,</strong></span> 
     </span>
    </p>
   </div>
   <div class='ocr_carea' id='block_1_100' title="bbox 1895 3926 3491 4003">
    <p class='ocr_par' dir='ltr' id='par_1_100' title="bbox 1895 3926 3491 4003">
     <span class='ocr_line' id='line_1_100' title="bbox 1895 3926 3491 4003; baseline 0 -18"><span class='ocrx_word' id='word_1_797' title='bbox 1895 3930 2102 4003; x_wconf 72' lang='lat' dir='ltr'><strong>quando</strong></span> <span class='ocrx_word' id='word_1_798' title='bbox 2120 3929 2366 4002; x_wconf 81' lang='lat' dir='ltr'><strong>acceperit</strong></span> <span class='ocrx_word' id='word_1_799' title='bbox 2390 3945 2490 3983; x_wconf 80' lang='lat' dir='ltr'><strong>nte.</strong></span> <span class='ocrx_word' id='word_1_800' title='bbox 2522 3928 2810 3999; x_wconf 84' lang='lat' dir='ltr'><strong>Postquam</strong></span> <span class='ocrx_word' id='word_1_801' title='bbox 2834 3927 2970 3983; x_wconf 85' lang='lat' dir='ltr'><strong>dixit</strong></span> <span class='ocrx_word' id='word_1_802' title='bbox 2994 3926 3299 3984; x_wconf 89' lang='lat' dir='ltr'><strong>mercedem</strong></span> <span class='ocrx_word' id='word_1_803' title='bbox 3319 3928 3491 3985; x_wconf 79' lang='lat' dir='ltr'><strong>malo-</strong></span> 
     </span>
    </p>
   </div>
   <div class='ocr_carea' id='block_1_101' title="bbox 1895 4017 3489 4090">
    <p class='ocr_par' dir='ltr' id='par_1_101' title="bbox 1895 4017 3489 4090">
     <span class='ocr_line' id='line_1_101' title="bbox 1895 4017 3489 4090; baseline -0.002 -13"><span class='ocrx_word' id='word_1_804' title='bbox 1895 4036 2016 4077; x_wconf 88' lang='lat' dir='ltr'><strong>rum</strong></span> <span class='ocrx_word' id='word_1_805' title='bbox 2039 4061 2057 4088; x_wconf 95' lang='lat'><strong>,</strong></span> <span class='ocrx_word' id='word_1_806' title='bbox 2086 4029 2141 4077; x_wconf 88' lang='lat' dir='ltr'><strong>et</strong></span> <span class='ocrx_word' id='word_1_807' title='bbox 2165 4018 2489 4090; x_wconf 88' lang='lat' dir='ltr'><strong>stipendium</strong></span> <span class='ocrx_word' id='word_1_808' title='bbox 2520 4017 2746 4089; x_wconf 86' lang='lat' dir='ltr'><strong>peccati,</strong></span> <span class='ocrx_word' id='word_1_809' title='bbox 2786 4017 2917 4073; x_wconf 90' lang='lat' dir='ltr'><strong>dicit</strong></span> <span class='ocrx_word' id='word_1_810' title='bbox 2951 4017 3112 4073; x_wconf 89' lang='lat' dir='ltr'><strong>etiam</strong></span> <span class='ocrx_word' id='word_1_811' title='bbox 3139 4018 3358 4089; x_wconf 69' lang='lat' dir='ltr'><strong>przcmia</strong></span> <span class='ocrx_word' id='word_1_812' title='bbox 3389 4018 3489 4075; x_wconf 84' lang='lat' dir='ltr'><strong>bo-</strong></span> 
     </span>
    </p>
   </div>
   <div class='ocr_carea' id='block_1_102' title="bbox 1892 4107 3488 4183">
    <p class='ocr_par' dir='ltr' id='par_1_102' title="bbox 1892 4107 3488 4183">
     <span class='ocr_line' id='line_1_102' title="bbox 1892 4107 3488 4183; baseline -0.002 -16"><span class='ocrx_word' id='word_1_813' title='bbox 1892 4120 2091 4168; x_wconf 85' lang='lat' dir='ltr'><strong>norum</strong></span> <span class='ocrx_word' id='word_1_814' title='bbox 2123 4128 2140 4167; x_wconf 88' lang='lat'><strong>:</strong></span> <span class='ocrx_word' id='word_1_815' title='bbox 2169 4110 2314 4183; x_wconf 90' lang='lat' dir='ltr'><strong>quod</strong></span> <span class='ocrx_word' id='word_1_816' title='bbox 2340 4119 2395 4167; x_wconf 91' lang='lat' dir='ltr'><strong>et</strong></span> <span class='ocrx_word' id='word_1_817' title='bbox 2418 4109 2536 4180; x_wconf 86' lang='lat' dir='ltr'><strong>ipse</strong></span> <span class='ocrx_word' id='word_1_818' title='bbox 2560 4121 2617 4165; x_wconf 90' lang='lat' dir='ltr'><strong>et</strong></span> <span class='ocrx_word' id='word_1_819' title='bbox 2649 4110 2741 4165; x_wconf 87' lang='lat' dir='ltr'><strong>alii</strong></span> <span class='ocrx_word' id='word_1_820' title='bbox 2769 4107 3044 4181; x_wconf 68' lang='lat' dir='ltr'><strong>prophetae</strong></span> <span class='ocrx_word' id='word_1_821' title='bbox 3082 4109 3263 4167; x_wconf 78' lang='lat' dir='ltr'><strong>lacere</strong></span> <span class='ocrx_word' id='word_1_822' title='bbox 3290 4109 3488 4179; x_wconf 88' lang='lat' dir='ltr'><strong>solent,</strong></span> 
     </span>
    </p>
   </div>
   <div class='ocr_carea' id='block_1_103' title="bbox 1892 4198 3485 4274">
    <p class='ocr_par' dir='ltr' id='par_1_103' title="bbox 1892 4198 3485 4274">
     <span class='ocr_line' id='line_1_103' title="bbox 1892 4198 3485 4274; baseline -0.001 -15"><span class='ocrx_word' id='word_1_823' title='bbox 1892 4198 1958 4259; x_wconf 63' lang='lat' dir='ltr'><strong>&#39;ut</strong></span> <span class='ocrx_word' id='word_1_824' title='bbox 2000 4218 2067 4259; x_wconf 90' lang='lat' dir='ltr'><strong>ex</strong></span> <span class='ocrx_word' id='word_1_825' title='bbox 2108 4210 2337 4274; x_wconf 87' lang='lat' dir='ltr'><strong>utroque</strong></span> <span class='ocrx_word' id='word_1_826' title='bbox 2378 4200 2684 4257; x_wconf 86' lang='lat' dir='ltr'><strong>auditorum</strong></span> <span class='ocrx_word' id='word_1_827' title='bbox 2729 4200 3032 4269; x_wconf 87' lang='lat' dir='ltr'><strong>instituant,</strong></span> <span class='ocrx_word' id='word_1_828' title='bbox 3082 4216 3278 4273; x_wconf 86' lang='lat' dir='ltr'><strong>nempe</strong></span> <span class='ocrx_word' id='word_1_829' title='bbox 3319 4209 3376 4257; x_wconf 91' lang='lat' dir='ltr'><strong>et</strong></span> <span class='ocrx_word' id='word_1_830' title='bbox 3416 4217 3485 4257; x_wconf 87' lang='lat' dir='ltr'><strong>cx</strong></span> 
     </span>
    </p>
   </div>
   <div class='ocr_carea' id='block_1_104' title="bbox 1897 4292 3492 4367">
    <p class='ocr_par' dir='ltr' id='par_1_104' title="bbox 1897 4292 3492 4367">
     <span class='ocr_line' id='line_1_104' title="bbox 1897 4292 3492 4367; baseline -0.004 -16"><span class='ocrx_word' id='word_1_831' title='bbox 1897 4295 2077 4367; x_wconf 79' lang='lat' dir='ltr'><strong>ptenis</strong></span> <span class='ocrx_word' id='word_1_832' title='bbox 2101 4303 2443 4367; x_wconf 87' lang='lat' dir='ltr'><strong>peccatorum</strong></span> <span class='ocrx_word' id='word_1_833' title='bbox 2467 4334 2484 4361; x_wconf 92' lang='lat'><strong>,</strong></span> <span class='ocrx_word' id='word_1_834' title='bbox 2514 4304 2570 4351; x_wconf 90' lang='lat' dir='ltr'><strong>et</strong></span> <span class='ocrx_word' id='word_1_835' title='bbox 2598 4309 2663 4349; x_wconf 87' lang='lat' dir='ltr'><strong>ex</strong></span> <span class='ocrx_word' id='word_1_836' title='bbox 2704 4294 2938 4366; x_wconf 67' lang='lat' dir='ltr'><strong>prmmiis</strong></span> <span class='ocrx_word' id='word_1_837' title='bbox 2961 4294 3196 4349; x_wconf 86' lang='lat' dir='ltr'><strong>virtutis.</strong></span> <span class='ocrx_word' id='word_1_838' title='bbox 3242 4292 3319 4348; x_wconf 87' lang='lat' dir='ltr'><strong>ita</strong></span> <span class='ocrx_word' id='word_1_839' title='bbox 3359 4309 3492 4365; x_wconf 72' lang='lat' dir='ltr'><strong>ergo</strong></span> 
     </span>
    </p>
   </div>
   <div class='ocr_carea' id='block_1_105' title="bbox 1898 4382 3490 4453">
    <p class='ocr_par' dir='ltr' id='par_1_105' title="bbox 1898 4382 3490 4453">
     <span class='ocr_line' id='line_1_105' title="bbox 1898 4382 3490 4453; baseline -0.001 -12"><span class='ocrx_word' id='word_1_840' title='bbox 1898 4399 1959 4442; x_wconf 87' lang='lat' dir='ltr'><strong>se</strong></span> <span class='ocrx_word' id='word_1_841' title='bbox 1985 4385 2185 4441; x_wconf 87' lang='lat' dir='ltr'><strong>habent</strong></span> <span class='ocrx_word' id='word_1_842' title='bbox 2206 4400 2296 4441; x_wconf 86' lang='lat' dir='ltr'><strong>res</strong></span> <span class='ocrx_word' id='word_1_843' title='bbox 2320 4384 2556 4452; x_wconf 89' lang='lat' dir='ltr'><strong>illorum,</strong></span> <span class='ocrx_word' id='word_1_844' title='bbox 2585 4382 2825 4451; x_wconf 80' lang='lat' dir='ltr'><strong>infamia,</strong></span> <span class='ocrx_word' id='word_1_845' title='bbox 2848 4384 3000 4439; x_wconf 81' lang='lat' dir='ltr'><strong>labor</strong></span> <span class='ocrx_word' id='word_1_846' title='bbox 3021 4383 3218 4450; x_wconf 85' lang='lat' dir='ltr'><strong>inanis,</strong></span> <span class='ocrx_word' id='word_1_847' title='bbox 3239 4384 3490 4453; x_wconf 82' lang='lat' dir='ltr'><strong>stultitia,</strong></span> 
     </span>
    </p>
   </div>
   <div class='ocr_carea' id='block_1_106' title="bbox 1900 4475 3490 4547">
    <p class='ocr_par' dir='ltr' id='par_1_106' title="bbox 1900 4475 3490 4547">
     <span class='ocr_line' id='line_1_106' title="bbox 1900 4475 3490 4547; baseline -0.003 -14"><span class='ocrx_word' id='word_1_848' title='bbox 1900 4478 2061 4542; x_wconf 86' lang='lat' dir='ltr'><strong>risus,</strong></span> <span class='ocrx_word' id='word_1_849' title='bbox 2088 4476 2358 4542; x_wconf 88' lang='lat' dir='ltr'><strong>dedecus,</strong></span> <span class='ocrx_word' id='word_1_850' title='bbox 2388 4475 2666 4541; x_wconf 90' lang='lat' dir='ltr'><strong>interitus,</strong></span> <span class='ocrx_word' id='word_1_851' title='bbox 2695 4490 2841 4531; x_wconf 88' lang='lat' dir='ltr'><strong>mors</strong></span> <span class='ocrx_word' id='word_1_852' title='bbox 2861 4517 2878 4543; x_wconf 97' lang='lat'><strong>,</strong></span> <span class='ocrx_word' id='word_1_853' title='bbox 2906 4485 3256 4544; x_wconf 88' lang='lat' dir='ltr'><strong>tormentum,</strong></span> <span class='ocrx_word' id='word_1_854' title='bbox 3291 4490 3490 4547; x_wconf 80' lang='lat' dir='ltr'><strong>perpe-</strong></span> 
     </span>
    </p>
   </div>
   <div class='ocr_carea' id='block_1_107' title="bbox 1900 4566 3495 4639">
    <p class='ocr_par' dir='ltr' id='par_1_107' title="bbox 1900 4566 3495 4639">
     <span class='ocr_line' id='line_1_107' title="bbox 1900 4566 3495 4639; baseline 0.001 -16"><span class='ocrx_word' id='word_1_855' title='bbox 1900 4576 2053 4623; x_wconf 91' lang='lat' dir='ltr'><strong>tuum</strong></span> <span class='ocrx_word' id='word_1_856' title='bbox 2097 4567 2453 4639; x_wconf 87' lang='lat' dir='ltr'><strong>supplicium,</strong></span> <span class='ocrx_word' id='word_1_857' title='bbox 2500 4566 2761 4623; x_wconf 86' lang='lat' dir='ltr'><strong>molestiis</strong></span> <span class='ocrx_word' id='word_1_858' title='bbox 2808 4568 3107 4637; x_wconf 84' lang='lat' dir='ltr'><strong>expositum</strong></span> <span class='ocrx_word' id='word_1_859' title='bbox 3152 4582 3184 4622; x_wconf 87' lang='lat' dir='ltr'><strong>a</strong></span> <span class='ocrx_word' id='word_1_860' title='bbox 3223 4566 3394 4638; x_wconf 87' lang='lat' dir='ltr'><strong>gloria</strong></span> <span class='ocrx_word' id='word_1_861' title='bbox 3436 4578 3495 4625; x_wconf 91' lang='lat' dir='ltr'><strong>et</strong></span> 
     </span>
    </p>
   </div>
   <div class='ocr_carea' id='block_1_108' title="bbox 1900 4656 3497 4730">
    <p class='ocr_par' dir='ltr' id='par_1_108' title="bbox 1900 4656 3497 4730">
     <span class='ocr_line' id='line_1_108' title="bbox 1900 4656 3497 4730; baseline 0.001 -15"><span class='ocrx_word' id='word_1_862' title='bbox 1900 4658 2192 4715; x_wconf 88' lang='lat' dir='ltr'><strong>securitate</strong></span> <span class='ocrx_word' id='word_1_863' title='bbox 2227 4656 2520 4723; x_wconf 86' lang='lat' dir='ltr'><strong>excidisse,</strong></span> <span class='ocrx_word' id='word_1_864' title='bbox 2546 4658 2699 4714; x_wconf 85' lang='lat' dir='ltr'><strong>vivos</strong></span> <span class='ocrx_word' id='word_1_865' title='bbox 2725 4665 2782 4713; x_wconf 89' lang='lat' dir='ltr'><strong>ct</strong></span> <span class='ocrx_word' id='word_1_866' title='bbox 2817 4665 3090 4725; x_wconf 89' lang='lat' dir='ltr'><strong>mortuos,</strong></span> <span class='ocrx_word' id='word_1_867' title='bbox 3122 4660 3409 4730; x_wconf 79' lang='lat' dir='ltr'><strong>vituperari</strong></span> <span class='ocrx_word' id='word_1_868' title='bbox 3439 4670 3497 4717; x_wconf 88' lang='lat' dir='ltr'><strong>et</strong></span> 
     </span>
    </p>
   </div>
   <div class='ocr_carea' id='block_1_109' title="bbox 1901 4740 3494 4813">
    <p class='ocr_par' dir='ltr' id='par_1_109' title="bbox 1901 4740 3494 4813">
     <span class='ocr_line' id='line_1_109' title="bbox 1901 4740 3494 4813; baseline 0.001 -10"><span class='ocrx_word' id='word_1_869' title='bbox 1901 4748 2167 4813; x_wconf 88' lang='lat' dir='ltr'><strong>accusari,</strong></span> <span class='ocrx_word' id='word_1_870' title='bbox 2199 4740 2401 4801; x_wconf 89' lang='lat' dir='ltr'><strong>nullum</strong></span> <span class='ocrx_word' id='word_1_871' title='bbox 2427 4746 2675 4803; x_wconf 87' lang='lat' dir='ltr'><strong>invenire</strong></span> <span class='ocrx_word' id='word_1_872' title='bbox 2699 4745 2962 4803; x_wconf 88' lang='lat' dir='ltr'><strong>malorum</strong></span> <span class='ocrx_word' id='word_1_873' title='bbox 2992 4747 3261 4803; x_wconf 82' lang='lat' dir='ltr'><strong>solatium.</strong></span> <span class='ocrx_word' id='word_1_874' title='bbox 3302 4747 3494 4805; x_wconf 79' lang='lat' dir='ltr'><strong>Nostra</strong></span> 
     </span>
    </p>
   </div>
   <div class='ocr_carea' id='block_1_110' title="bbox 1903 4835 3494 4915">
    <p class='ocr_par' dir='ltr' id='par_1_110' title="bbox 1903 4835 3494 4915">
     <span class='ocr_line' id='line_1_110' title="bbox 1903 4835 3494 4915; baseline 0 -22"><span class='ocrx_word' id='word_1_875' title='bbox 1903 4848 2084 4895; x_wconf 85' lang='lat' dir='ltr'><strong>autem</strong></span> <span class='ocrx_word' id='word_1_876' title='bbox 2108 4845 2303 4915; x_wconf 61' lang='lat' dir='ltr'><strong>contra</strong></span> <span class='ocrx_word' id='word_1_877' title='bbox 2326 4852 2387 4893; x_wconf 87' lang='lat' dir='ltr'><strong>se</strong></span> <span class='ocrx_word' id='word_1_878' title='bbox 2413 4837 2617 4893; x_wconf 88' lang='lat' dir='ltr'><strong>habent</strong></span> <span class='ocrx_word' id='word_1_879' title='bbox 2643 4835 2845 4905; x_wconf 83' lang='lat' dir='ltr'><strong>omnia,</strong></span> <span class='ocrx_word' id='word_1_880' title='bbox 2882 4837 3130 4894; x_wconf 86' lang='lat' dir='ltr'><strong>liberatio</strong></span> <span class='ocrx_word' id='word_1_881' title='bbox 3153 4853 3184 4894; x_wconf 89' lang='lat' dir='ltr'><strong>a</strong></span> <span class='ocrx_word' id='word_1_882' title='bbox 3209 4840 3494 4910; x_wconf 84' lang='lat' dir='ltr'><strong>supplicio,</strong></span> 
     </span>
    </p>
   </div>
   <div class='ocr_carea' id='block_1_111' title="bbox 1905 4913 3496 5000">
    <p class='ocr_par' dir='ltr' id='par_1_111' title="bbox 1905 4913 3496 5000">
     <span class='ocr_line' id='line_1_111' title="bbox 1905 4913 3496 5000; baseline 0.003 -17"><span class='ocrx_word' id='word_1_883' title='bbox 1905 4930 2124 4984; x_wconf 86' lang='lat' dir='ltr'><strong>libertas</strong></span> <span class='ocrx_word' id='word_1_884' title='bbox 2149 4913 2380 4995; x_wconf 65' lang='lat' dir='ltr'><strong>animae,</strong></span> <span class='ocrx_word' id='word_1_885' title='bbox 2415 4929 2677 4985; x_wconf 84' lang='lat' dir='ltr'><strong>securitas</strong></span> <span class='ocrx_word' id='word_1_886' title='bbox 2694 4969 2712 4996; x_wconf 96' lang='lat'><strong>,</strong></span> <span class='ocrx_word' id='word_1_887' title='bbox 2742 4927 2919 4985; x_wconf 89' lang='lat' dir='ltr'><strong>honor</strong></span> <span class='ocrx_word' id='word_1_888' title='bbox 2936 4969 2951 4995; x_wconf 92' lang='lat'><strong>,</strong></span> <span class='ocrx_word' id='word_1_889' title='bbox 2977 4929 3167 5000; x_wconf 86' lang='lat' dir='ltr'><strong>gloria.</strong></span> <span class='ocrx_word' id='word_1_890' title='bbox 3201 4931 3326 4986; x_wconf 74' lang='lat' dir='ltr'><strong>lianc</strong></span> <span class='ocrx_word' id='word_1_891' title='bbox 3351 4932 3496 4987; x_wconf 86' lang='lat' dir='ltr'><strong>enim</strong></span> 
     </span>
    </p>
   </div>
   <div class='ocr_carea' id='block_1_112' title="bbox 1905 5020 3501 5088">
    <p class='ocr_par' dir='ltr' id='par_1_112' title="bbox 1905 5020 3501 5088">
     <span class='ocr_line' id='line_1_112' title="bbox 1905 5020 3501 5088; baseline 0.003 -13"><span class='ocrx_word' id='word_1_892' title='bbox 1905 5022 2085 5075; x_wconf 86' lang='lat' dir='ltr'><strong>omnia</strong></span> <span class='ocrx_word' id='word_1_893' title='bbox 2111 5020 2487 5088; x_wconf 87' lang='lat' dir='ltr'><strong>subindieavit,</strong></span> <span class='ocrx_word' id='word_1_894' title='bbox 2513 5036 2635 5076; x_wconf 90' lang='lat' dir='ltr'><strong>cum</strong></span> <span class='ocrx_word' id='word_1_895' title='bbox 2654 5020 2817 5077; x_wconf 87' lang='lat' dir='ltr'><strong>dixit:</strong></span> <span class='ocrx_word' id='word_1_896' title='bbox 2833 5020 3186 5079; x_wconf 72' lang='lat' dir='ltr'><strong>Verumtamen</strong></span> <span class='ocrx_word' id='word_1_897' title='bbox 3213 5022 3353 5079; x_wconf 77' lang='lat' dir='ltr'><strong>Deus</strong></span> <span class='ocrx_word' id='word_1_898' title='bbox 3380 5025 3501 5079; x_wconf 81' lang='lat' dir='ltr'><strong>red-</strong></span> 
     </span>
    </p>
   </div>
   <div class='ocr_carea' id='block_1_113' title="bbox 1906 5113 3501 5187">
    <p class='ocr_par' dir='ltr' id='par_1_113' title="bbox 1906 5113 3501 5187">
     <span class='ocr_line' id='line_1_113' title="bbox 1906 5113 3501 5187; baseline 0.004 -21"><span class='ocrx_word' id='word_1_899' title='bbox 1906 5113 2024 5166; x_wconf 79' lang='lat' dir='ltr'><strong>imet</strong></span> <span class='ocrx_word' id='word_1_900' title='bbox 2066 5113 2291 5168; x_wconf 82' lang='lat' dir='ltr'><strong>animant</strong></span> <span class='ocrx_word' id='word_1_901' title='bbox 2319 5129 2481 5169; x_wconf 82' lang='lat' dir='ltr'><strong>meam</strong></span> <span class='ocrx_word' id='word_1_902' title='bbox 2508 5113 2573 5168; x_wconf 83' lang='lat' dir='ltr'><strong>de</strong></span> <span class='ocrx_word' id='word_1_903' title='bbox 2597 5130 2753 5169; x_wconf 82' lang='lat' dir='ltr'><strong>manu</strong></span> <span class='ocrx_word' id='word_1_904' title='bbox 2782 5115 2994 5187; x_wconf 78' lang='lat' dir='ltr'><strong>inferni,</strong></span> <span class='ocrx_word' id='word_1_905' title='bbox 3018 5117 3224 5186; x_wconf 83' lang='lat' dir='ltr'><strong>quando</strong></span> <span class='ocrx_word' id='word_1_906' title='bbox 3249 5119 3501 5187; x_wconf 81' lang='lat' dir='ltr'><strong>acceperit</strong></span> 
     </span>
    </p>
   </div>
   <div class='ocr_carea' id='block_1_114' title="bbox 1907 5204 3501 5277">
    <p class='ocr_par' dir='ltr' id='par_1_114' title="bbox 1907 5204 3501 5277">
     <span class='ocr_line' id='line_1_114' title="bbox 1907 5204 3501 5277; baseline 0.005 -20"><span class='ocrx_word' id='word_1_907' title='bbox 1907 5219 1986 5258; x_wconf 83' lang='lat' dir='ltr'><strong>me</strong></span> <span class='ocrx_word' id='word_1_908' title='bbox 2020 5219 2039 5258; x_wconf 93' lang='lat'><strong><em>:</em></strong></span> <span class='ocrx_word' id='word_1_909' title='bbox 2066 5204 2266 5261; x_wconf 85' lang='lat' dir='ltr'><strong>inferos</strong></span> <span class='ocrx_word' id='word_1_910' title='bbox 2304 5204 2392 5260; x_wconf 89' lang='lat' dir='ltr'><strong>hic</strong></span> <span class='ocrx_word' id='word_1_911' title='bbox 2434 5205 2622 5261; x_wconf 92' lang='lat' dir='ltr'><strong>dicens</strong></span> <span class='ocrx_word' id='word_1_912' title='bbox 2664 5206 2981 5277; x_wconf 87' lang='lat' dir='ltr'><strong>supplicium</strong></span> <span class='ocrx_word' id='word_1_913' title='bbox 3006 5249 3022 5274; x_wconf 94' lang='lat'><strong>,</strong></span> <span class='ocrx_word' id='word_1_914' title='bbox 3069 5209 3339 5265; x_wconf 87' lang='lat' dir='ltr'><strong>cruciatus</strong></span> <span class='ocrx_word' id='word_1_915' title='bbox 3381 5210 3501 5265; x_wconf 87' lang='lat' dir='ltr'><strong>illos</strong></span> 
     </span>
    </p>
   </div>
   <div class='ocr_carea' id='block_1_115' title="bbox 1910 5295 3498 5369">
    <p class='ocr_par' dir='ltr' id='par_1_115' title="bbox 1910 5295 3498 5369">
     <span class='ocr_line' id='line_1_115' title="bbox 1910 5295 3498 5369; baseline 0.003 -18"><span class='ocrx_word' id='word_1_916' title='bbox 1910 5296 2297 5354; x_wconf 84' lang='lat' dir='ltr'><strong>intolerabiles.</strong></span> <span class='ocrx_word' id='word_1_917' title='bbox 2345 5295 2637 5353; x_wconf 86' lang='lat' dir='ltr'><strong>Considera</strong></span> <span class='ocrx_word' id='word_1_918' title='bbox 2684 5308 2864 5353; x_wconf 87' lang='lat' dir='ltr'><strong>autem</strong></span> <span class='ocrx_word' id='word_1_919' title='bbox 2908 5309 3139 5369; x_wconf 87' lang='lat' dir='ltr'><strong>quantus</strong></span> <span class='ocrx_word' id='word_1_920' title='bbox 3182 5301 3255 5355; x_wconf 88' lang='lat' dir='ltr'><strong>sit</strong></span> <span class='ocrx_word' id='word_1_921' title='bbox 3304 5300 3498 5369; x_wconf 82' lang='lat' dir='ltr'><strong>bonur,</strong></span> 
     </span>
    </p>
   </div>
   <div class='ocr_carea' id='block_1_116' title="bbox 1914 5388 3499 5465">
    <p class='ocr_par' dir='ltr' id='par_1_116' title="bbox 1914 5388 3499 5465">
     <span class='ocr_line' id='line_1_116' title="bbox 1914 5388 3499 5465; baseline 0.004 -21"><span class='ocrx_word' id='word_1_922' title='bbox 1914 5404 2023 5445; x_wconf 92' lang='lat' dir='ltr'><strong>non</strong></span> <span class='ocrx_word' id='word_1_923' title='bbox 2055 5398 2272 5459; x_wconf 83' lang='lat' dir='ltr'><strong>propter</strong></span> <span class='ocrx_word' id='word_1_924' title='bbox 2298 5388 2401 5445; x_wconf 88' lang='lat' dir='ltr'><strong>hoc</strong></span> <span class='ocrx_word' id='word_1_925' title='bbox 2430 5398 2634 5444; x_wconf 86' lang='lat' dir='ltr'><strong>tantum</strong></span> <span class='ocrx_word' id='word_1_926' title='bbox 2656 5431 2673 5456; x_wconf 96' lang='lat'><strong>,</strong></span> <span class='ocrx_word' id='word_1_927' title='bbox 2704 5389 2798 5446; x_wconf 89' lang='lat' dir='ltr'><strong>sed</strong></span> <span class='ocrx_word' id='word_1_928' title='bbox 2843 5392 3006 5446; x_wconf 87' lang='lat' dir='ltr'><strong>etiam</strong></span> <span class='ocrx_word' id='word_1_929' title='bbox 3031 5403 3252 5464; x_wconf 87' lang='lat' dir='ltr'><strong>propter</strong></span> <span class='ocrx_word' id='word_1_930' title='bbox 3282 5394 3333 5449; x_wconf 89' lang='lat' dir='ltr'><strong>id</strong></span> <span class='ocrx_word' id='word_1_931' title='bbox 3357 5396 3499 5465; x_wconf 78' lang='lat' dir='ltr'><strong>quod</strong></span> 
     </span>
    </p>
   </div>
   <div class='ocr_carea' id='block_1_117' title="bbox 1912 5479 3502 5552">
    <p class='ocr_par' dir='ltr' id='par_1_117' title="bbox 1912 5479 3502 5552">
     <span class='ocr_line' id='line_1_117' title="bbox 1912 5479 3502 5552; baseline 0.003 -17"><span class='ocrx_word' id='word_1_932' title='bbox 1912 5479 2270 5550; x_wconf 73' lang='lat' dir='ltr'><strong>subiungitur.</strong></span> <span class='ocrx_word' id='word_1_933' title='bbox 2310 5481 2442 5535; x_wconf 81' lang='lat' dir='ltr'><strong>Cum</strong></span> <span class='ocrx_word' id='word_1_934' title='bbox 2483 5481 2644 5546; x_wconf 88' lang='lat' dir='ltr'><strong>enim,</strong></span> <span class='ocrx_word' id='word_1_935' title='bbox 2690 5482 2879 5552; x_wconf 90' lang='lat' dir='ltr'><strong>inquit,</strong></span> <span class='ocrx_word' id='word_1_936' title='bbox 2920 5483 3191 5552; x_wconf 83' lang='lat' dir='ltr'><strong>acceperit</strong></span> <span class='ocrx_word' id='word_1_937' title='bbox 3223 5499 3339 5551; x_wconf 86' lang='lat' dir='ltr'><strong>me,</strong></span> <span class='ocrx_word' id='word_1_938' title='bbox 3378 5494 3502 5541; x_wconf 86' lang='lat' dir='ltr'><strong>tunc</strong></span> 
     </span>
    </p>
   </div>
   <div class='ocr_carea' id='block_1_118' title="bbox 1914 5569 3503 5645">
    <p class='ocr_par' dir='ltr' id='par_1_118' title="bbox 1914 5569 3503 5645">
     <span class='ocr_line' id='line_1_118' title="bbox 1914 5569 3503 5645; baseline 0.004 -20"><span class='ocrx_word' id='word_1_939' title='bbox 1914 5570 2088 5641; x_wconf 87' lang='lat' dir='ltr'><strong>ipsum</strong></span> <span class='ocrx_word' id='word_1_940' title='bbox 2127 5569 2320 5626; x_wconf 82' lang='lat' dir='ltr'><strong>videbo</strong></span> <span class='ocrx_word' id='word_1_941' title='bbox 2360 5571 2561 5627; x_wconf 88' lang='lat' dir='ltr'><strong>clarius</strong></span> <span class='ocrx_word' id='word_1_942' title='bbox 2600 5586 2758 5641; x_wconf 86' lang='lat' dir='ltr'><strong>quam</strong></span> <span class='ocrx_word' id='word_1_943' title='bbox 2810 5586 2970 5626; x_wconf 87' lang='lat' dir='ltr'><strong>nunc.</strong></span> <span class='ocrx_word' id='word_1_944' title='bbox 3014 5571 3168 5629; x_wconf 85' lang='lat' dir='ltr'><strong>Nunc</strong></span> <span class='ocrx_word' id='word_1_945' title='bbox 3214 5574 3356 5629; x_wconf 86' lang='lat' dir='ltr'><strong>enim</strong></span> <span class='ocrx_word' id='word_1_946' title='bbox 3407 5591 3503 5645; x_wconf 82' lang='lat' dir='ltr'><strong>per</strong></span> 
     </span>
    </p>
   </div>
   <div class='ocr_carea' id='block_1_119' title="bbox 1916 5663 3503 5733">
    <p class='ocr_par' dir='ltr' id='par_1_119' title="bbox 1916 5663 3503 5733">
     <span class='ocr_line' id='line_1_119' title="bbox 1916 5663 3503 5733; baseline 0.003 -14"><span class='ocrx_word' id='word_1_947' title='bbox 1916 5664 2075 5719; x_wconf 82' lang='lat' dir='ltr'><strong>iidem</strong></span> <span class='ocrx_word' id='word_1_948' title='bbox 2103 5664 2457 5727; x_wconf 86' lang='lat' dir='ltr'><strong>ambulamus.</strong></span> <span class='ocrx_word' id='word_1_949' title='bbox 2481 5680 2586 5718; x_wconf 88' lang='lat' dir='ltr'><strong>non</strong></span> <span class='ocrx_word' id='word_1_950' title='bbox 2608 5676 2706 5729; x_wconf 79' lang='lat' dir='ltr'><strong>per</strong></span> <span class='ocrx_word' id='word_1_951' title='bbox 2732 5663 2989 5733; x_wconf 79' lang='lat' dir='ltr'><strong>speciem,</strong></span> <span class='ocrx_word' id='word_1_952' title='bbox 3015 5673 3141 5720; x_wconf 88' lang='lat' dir='ltr'><strong>tunc</strong></span> <span class='ocrx_word' id='word_1_953' title='bbox 3166 5677 3344 5720; x_wconf 85' lang='lat' dir='ltr'><strong>autem</strong></span> <span class='ocrx_word' id='word_1_954' title='bbox 3368 5665 3503 5724; x_wconf 75' lang='lat' dir='ltr'><strong>facit:</strong></span> 
     </span>
    </p>
   </div>
   <div class='ocr_carea' id='block_1_120' title="bbox 1920 5752 3501 5828">
    <p class='ocr_par' dir='ltr' id='par_1_120' title="bbox 1920 5752 3501 5828">
     <span class='ocr_line' id='line_1_120' title="bbox 1920 5752 3501 5828; baseline -0.002 -16"><span class='ocrx_word' id='word_1_955' title='bbox 1920 5755 1985 5812; x_wconf 82' lang='lat' dir='ltr'><strong>ad</strong></span> <span class='ocrx_word' id='word_1_956' title='bbox 2012 5755 2199 5812; x_wconf 75' lang='lat' dir='ltr'><strong>faciem</strong></span> <span class='ocrx_word' id='word_1_957' title='bbox 2235 5755 2317 5828; x_wconf 90' lang='lat' dir='ltr'><strong>(l.</strong></span> <span class='ocrx_word' id='word_1_958' title='bbox 2343 5753 2461 5811; x_wconf 82' lang='lat' dir='ltr'><strong>Cor.</strong></span> <span class='ocrx_word' id='word_1_959' title='bbox 2498 5755 2578 5811; x_wconf 79' lang='lat'><strong>1&#39;5.</strong></span> <span class='ocrx_word' id='word_1_960' title='bbox 2615 5753 2729 5824; x_wconf 70' lang='lat'><strong>19.).</strong></span> <span class='ocrx_word' id='word_1_961' title='bbox 2760 5752 3053 5827; x_wconf 75' lang='lat' dir='ltr'><strong>llcdempta</strong></span> <span class='ocrx_word' id='word_1_962' title='bbox 3083 5763 3260 5811; x_wconf 80' lang='lat' dir='ltr'><strong>autem</strong></span> <span class='ocrx_word' id='word_1_963' title='bbox 3297 5756 3501 5824; x_wconf 80' lang='lat' dir='ltr'><strong>anima,</strong></span> 
     </span>
    </p>
   </div>
  </div>
