4156 6420
486 6380 1753 6420 Μὴν-ξω-
1764 6380 1837 6403 τ

745 339 851 393 213

738 470 843 523 que
872 450 923 506 id
961 448 1160 507 semel.
1192 457 1243 502 ct
1284 446 1362 499 bis
1386 486 1400 510 ,
1443 454 1497 499 et
1541 445 1698 498 tertio
1744 442 1957 497 fecisset
2002 440 2218 510 (Matth.
2251 441 2304 494 4.

738 544 792 598 5.
824 541 901 605 6).
949 540 1015 596 Et
1040 540 1158 595 ideo
1184 537 1314 592 dixit
1340 534 1530 590 Juanni
1558 548 1679 588 eum
1702 534 1959 589 revelare
1988 531 2258 599 incipienti
2294 547 2305 560 ·

737 635 862 689 Sine
911 632 1059 687 modo
1101 627 1214 699 (Id.
1238 627 1283 682 5.
1321 627 1460 695 15);
1512 624 1612 679 hoc
1670 634 1779 687 est,
1810 622 1952 675 'l‘aCe
1999 635 2139 675 nunc
2167 638 2180 679 ;
2210 636 2308 672 ne-

734 738 837 792 que
872 722 1017 787 enim
1062 728 1270 785 tempus
1307 726 1390 770 est
1422 724 1488 769 aut
1534 714 1798 769 reveletur
1845 726 2098 767 arcanum
2134 723 2309 766 carnis

731 821 993 881 susceptae
1029 810 1366 873 consilium.
1401 806 1523 865 volo
1569 804 1744 873 adhuc
1786 803 1953 860 latere
1995 801 2300 859 diabolum:

734 914 849 961 tace
868 916 1021 971 ergo,
1043 900 1210 969 inquit
1279 895 1371 957 lta
1385 896 1516 952 enim
1533 911 1627 949 nos
1654 893 1812 950 decet.
1843 894 2053 951 Etcum
2075 898 2311 951 umente

731 990 1097 1053 descendisset
1112 1031 1134 1059 _,
1166 986 1446 1056 praecepit,
1490 992 1548 1037 ut
1575 984 1890 1053 ipsumesse
1912 978 2183 1040 Christum
2202 995 2307 1035 ne.
2332 1020 2337 1025 .

734 1083 862 1137 mini
914 1081 1153 1134 dicerent
1203 1076 1308 1146 (Μ.
1343 1076 1431 1130 17.
1456 1074 1536 1142 9).
1575 1073 1724 1127 Tunc
1762 1072 1904 1127 enim
1944 1071 2086 1125 venit
2120 1080 2183 1127 ιιι
2217 1085 2308 1139 pa-

734 1183 846 1226 stor
866 1170 954 1243 qui
976 1167 1248 1239 ,quzerebat
1272 1174 1538 1223 errantem
1560 1176 1712 1215 ovem
1737 1161 1905 1230 etqui
1925 1166 2306 1231 repugnantem

735 1260 899 1315 ieram
933 1256 1109 1317 venari
1138 1256 1349 1309 volebat
1377 1271 1391 1306 :
1425 1265 1476 1307 et
1508 1250 1626 1316 ideo
1651 1251 1887 1320 scipsum
1931 1246 2308 1305 adumbrabat.

730 1330 882 1405 Sicut
908 1347 1049 1403 enim
1089 1344 1326 1400 medicus
1356 1358 1461 1397 non
1498 1355 1619 1396 sese
1659 1340 1902 1410 protinus
1928 1348 2131 1412 ψει-(ιω
2157 1338 2308 1397 teal-

730 1440 892 1495 bilem
938 1436 1184 1498 exhibet,
1231 1434 1306 1489 ita
1340 1447 1437 1486 nec
1481 1432 1598 1499 ipse
1647 1430 1701 1485 in
1748 1430 2009 1500 principio
2045 1443 2106 1485 se
2140 1429 2309 1487 voluit

728 1529 1091 1594 manifestare,
1117 1524 1210 1580 sed
1233 1524 1495 1595 paulatim
1512 1532 1565 1577 et
1584 1521 1801 1579 sensim.
1824 1519 1974 1576 Hune
1998 1520 2173 1603 itaque
2192 1520 2307 1603 ejus

732 1620 1022 1681 adventum
1044 1658 1060 1682 ,
1101 1618 1189 1688 qui
1234 1616 1334 1670 fuit
1350 1616 1562 1682 absque
1598 1614 1821 1683 strepitu
1843 1653 1863 1681 ,
1890 1598 2204 1683 signiﬁcans.
2222 1598 2309 1671 hic

733 1710 1157 1779 ipsepropheta,
1188 1705 1316 1769 dicit
1339 1715 1522 1774 postea
1550 1721 1565 1757 :
1596 1702 2163 1772 Descendettamquam,
2181 1700 2303 1775 plu-

733 1802 885 1856 viain
914 1801 1072 1859 vellus
1092 1838 1109 1864 ,
1136 1807 1181 1857 et
1203 1806 1459 1865 tamquam
1491 1794 1626 1851 stilla
1653 1808 1767 1867 qua
1792 1792 2003 1849 distillat
2027 1807 2180 1865 super
2207 1800 2309 1847 ιον.

732 1908 842 1947 rem
870 1890 1039 1962 (Psal.
1063 1889 1151 1947 7t.
1175 1887 1251 1957 6).
1272 1885 1460 1956 Neque
1480 1884 1625 1942 enim
1643 1882 1789 1944 venit
1816 1882 2098 1956 strepitum
2111 1880 2303 1943 edens,

733 1980 1080 2047 conturbatis
1106 1992 1166 2034 ac
1194 1976 1543 2043 tumultuans,
1568 1988 1675 2039 non
1700 1981 2305 2049 terram.,movens,.non

733 2071 940 2140 fulgura
971 2068 1249 2133 eminens,
1292 2080 1397 2133 non
1427 2065 1617 2122 caelum
1642 2063 1977 2128 concutiens,
2010 2077 2116 2117 non
2145 2077 2307 2143 ange-

735 2160 907 2217 lorum
943 2168 1145 2213 turmas
1184 2156 1503 2219 imminens,
1529 2167 1632 2207 non
1661 2151 1891 2206 medium
1916 2152 2306 2207 ﬁrmamentum

732 2251 1209 2320 disrumpens,vet
1256 2246 1328 2299 ita
1373 2258 1536 2313 super
1577 2242 1744 2296 nubes
1794 2240 2161 2309 descendens;
2214 2240 2308 2303 sed

732 2339 933 2407 alisque
961 2336 1184 2404 strepitu
1212 2349 1309 2404 per
1347 2343 1556 2388 uterum
1582 2331 1833 2402 Virginis,
1863 2344 2081 2412 cumea
2118 2344 2309 2392 novem

733 2428 1008 2482 mensibus
1032 2428 1177 2480 illum
1203 2425 1447 2487 tulisset,
1481 2433 1750 2492 tamquam
1777 2420 1910 2475 labri
1938 2420 2081 2475 Illius
2101 2421 2156 2479 in
2175 2434 2314 2491 prm-

734 2518 846 2585 sepi
873 2515 1108 2585 paritur,
1156 2514 1209 2567 in
1240 2513 1431 2565 vilibus
1461 2510 1640 2566 fasciis
1663 2509 1871 2569 insidiis
1895 2507 2161 2576 appetitur
2184 2550 2198 2566 .
2226 2508 2311 2569 lu-

734 2609 811 2678 git
845 2622 965 2663 cum
1014 2614 1183 2659 matre
1213 2607 1265 2658 in
1297 2604 1605 2673 Aigyptum.
1664 2601 1861 2656 Deinde
1908 2610 2028 2669 post
2080 2610 2307 2659 mortem

734 2700 849 2766 ejus
876 2697 964 2765 qui
994 2696 1220 2748 maxima
1256 2694 1456 2748 scelera
1483 2692 1810 2757 admiserat,
1842 2702 1969 2745 tunc
2000 2692 2304 2756 revertitur,

734 2800 789 2845 et
819 2789 922 2842 huc
950 2788 1071 2841 illuc
1091 2786 1407 2843 circumiens
1429 2824 1447 2849 ,
1498 2784 1678 2838 habitu
1706 2798 1921 2853 semper
1948 2791 2063 2836 erat
2089 2794 2146 2836 ut
2176 2798 2311 2838 unus

738 2894 803 2932 ex
837 2880 992 2948 plebe
1017 2918 1032 2943 ,
1064 2888 1118 2930 et
1147 2885 1263 2929 erat
1306 2874 1383 2927 illi
1415 2874 1577 2928 vestis
1603 2873 1723 2926 vilis
1747 2913 1769 2937 ,
1808 2880 1863 2925 ct
1904 2885 2089 2926 mensa
2128 2870 2309 2933 vilior;

737 2980 1023 3040 perpetuus
1067 2969 1330 3030 incessus,
1360 2974 1415 3018 et
1444 2968 1513 3017 ita
1542 2973 1825 3033 perpetuus
1846 3004 1871 3029 ,.
1908 2972 1965 3016 ut
2006 2977 2075 3017 ex
2121 2962 2311 3016 itinere

735 3062 893 3119 etiam
925 3057 1321 3127 defatigaretur.
1359 3055 1549 3109 Verum
1576 3069 1682 3109 non
1708 3063 1832 3109 tunc
1870 3054 1946 3109 sic
1974 3054 2189 3119 veniet,
2216 3052 2310 3108 sed

736 3152 869 3204 adeo
892 3148 1171 3205 manifeste
1194 3187 1209 3213 ,
1239 3154 1295 3200 ut
1322 3161 1389 3199 ne
1420 3145 1527 3199 ullo
1560 3143 1773 3213 quidem
1804 3158 1939 3213 Opus
1965 3144 2157 3197 habeat
2178 3184 2194 3210 ,
2223 3144 2313 3210 qui

738 3242 853 3311 ejus
869 3240 1151 3294 adventum
1178 3235 1474 3289 annuntiet.
1500 3234 1781 3303 PrOpterea
1803 3234 1915 3305 ipse
1934 3247 2145 3303 quoque
2162 3248 2312 3286 suam

739 3331 1033 3385 claritatem
1076 3327 1413 3399 signiﬁcans,
1442 3326 1651 3382 dicebat
1683 3344 1697 3382 :
1725 3325 1786 3379 Si
1830 3324 2090 3378 audieritis
2117 3340 2221 3378 esse
2258 3325 2313 3376 in

740 3422 1090 3492 penetralibus,
1116 3420 1273 3476 nolite
1296 3419 1485 3471 intrare
1513 3433 1533 3469 :
1562 3417 1606 3470 si
1646 3416 1700 3468 in
1726 3413 1938 3483 deserto,
1966 3416 2121 3470 nolite
2155 3415 2309 3477 exire.

740 3507 881 3566 Sicut
924 3511 1057 3564 enim
1098 3510 1272 3581 fulgur
1307 3511 1410 3563 exit
1451 3507 1512 3559 ab
1556 3510 1745 3560 oriente
1781 3515 1827 3558 et
1856 3505 2043 3558 relucet
2068 3520 2222 3575 usque
2246 3504 2313 3557 ad

739 3600 1040 3653 occidentem
1066 3615 1085 3653 :
1112 3604 1185 3652 ita
1230 3599 1321 3652 erit
1366 3597 1611 3650 adventus
1654 3593 1780 3649 Filii
1825 3595 2040 3648 hominis
2084 3594 2311 3665 (Matth.

738 3693 831 3755 21.
853 3691 942 3745 26.
972 3692 1038 3745 27
1060 3690 1078 3761 )
1102 3730 1117 3755 ,
1170 3689 1539 3759 ipseseipsum
1560 3688 1886 3754 ostendens,
1917 3693 1973 3740 et
1998 3684 2311 3757 pmdicans.

741 3780 872 3835 Nam
894 3781 1001 3835 hoc
1024 3781 1183 3834 etiam
1226 3779 1278 3832 in
1308 3778 1515 3848 fulgure
1544 3776 1741 3841 evenit,
1773 3790 1873 3830 nec
1898 3789 2031 3849 opus
2058 3774 2316 3828 habemus

744 3875 919 3943 aliquo
942 3874 1030 3942 qui
1057 3872 1358 3934 annuntiet,
1380 3869 1475 3925 sed
1500 3869 1657 3924 simul
1680 3878 1837 3937 atque
1862 3866 2128 3936 apparuit,
2158 3866 2314 3919 simul

744 3962 991 4017 omnibus
1010 3961 1277 4029 cognitum
1304 3958 1423 4013 fuit.
1456 3957 1529 4013 Ita
1549 3958 1709 4012 etiam
1745 3957 1873 4011 dicit
1903 3956 2101 4012 Paulus
2128 3971 2144 4009 :
2176 3954 2315 4020 Quo-

743 4055 880 4108 niam
908 4054 1016 4123 ipse
1054 4051 1301 4106 Dominus
1340 4052 1395 4104 in
1433 4051 1620 4120 jussu,
1663 4050 1717 4104 in
1758 4064 1877 4104 voce
1912 4049 2235 4119 archangeli,
2262 4049 2318 4101 in

744 4155 965 4198 extrema
1011 4142 1125 4197 tuba
1166 4144 1426 4196 descendet
1458 4142 1524 4193 de
1547 4142 1671 4194 calo
1700 4141 1775 4211 (1.
1803 4136 1984 4194 Thess.
2011 4142 2065 4194 ι.
2101 4137 2211 4210 15).
2243 4139 2317 4192 Ita

746 4237 906 4291 etiam
937 4235 1192 4303 propheta
1220 4232 1353 4286 vidit
1375 4246 1495 4285 eum
1522 4229 1648 4284 ferri
1679 4244 1839 4299 super
1885 4232 2054 4284 nubes
2077 4270 2092 4295 ,
2138 4238 2193 4283 et
2218 4229 2317 4282 hu-

745 4326 887 4378 vium
908 4333 1031 4379 ante
1045 4338 1167 4377 eum
1189 4320 1320 4376 trahi
1343 4331 1398 4375 et
1424 4320 1653 4374 tribunal
1674 4320 1933 4384 terribile,
1956 4314 2009 4375 et
2024 4319 2320 4374 reddendas

746 4414 1130 4470 vittc‘rationes
1157 4427 1276 4483 quae
1315 4412 1473 4466 vitari
1512 4428 1618 4465 non
1664 4424 1906 4483 possunt.
1964 4410 2115 4467 Tunc
2151 4412 2316 4476 enim,

749 4518 877 4562 tunc
911 4504 1112 4576 judicio
1137 4513 1192 4560 et
1220 4503 1479 4560 sententia
1509 4518 1643 4573 opus
1669 4513 1752 4558 est
1784 4522 1799 4559 :
1829 4512 1885 4558 et
1914 4504 2036 4559 ideo
2074 4519 2178 4557 non
2207 4519 2321 4558 am-

750 4598 886 4669 plius
932 4606 991 4652 ut
1014 4595 1281 4662 medicus,
1320 4596 1417 4650 sed
1446 4594 1947 4669 utjttdex.apparet.
2000 4594 2184 4650 Daniel
2214 4595 2315 4649 ita-

744 4702 851 4758 que
873 4695 930 4753 et
955 4684 1201 4753 thronum
1224 4682 1342 4754 ejus
1369 4682 1528 4747 videt,
1559 4691 1612 4738 et
1635 4682 1849 4737 [luvium
1879 4683 1968 4753 qui
1996 4692 2119 4738 ante
2147 4684 2318 4739 tribu-

722 4844 725 4845 ν
750 4776 833 4831 ual
867 4774 1126 4838 trahitur.
1156 4785 1211 4830 et
1228 4775 1404 4829 omnia
1432 4774 1506 4828 illi
1545 4774 1707 4844 ignita
1738 4774 2107 4853 ostenduntur,
2130 4788 2319 4829 currus

746 4876 802 4921 et
828 4875 960 4921 rota:
1012 4863 1169 4936 (Dan.
1201 4865 1254 4919 7.
1278 4863 1331 4920 9.
1364 4862 1474 4934 10).
1519 4861 1625 4918 Sed
1665 4878 1770 4918 non
1798 4863 1853 4917 in
1893 4862 2185 4933 principio,
2222 4880 2321 4918 nec

745 4955 960 5027 quando
994 4956 1045 5008 in
1072 4954 1245 5024 primo
1273 4952 1502 5010 adventu
1524 4953 1668 5008 venit
1694 4953 1712 4985 ⁸
1740 4992 1756 5018 ,
1788 4952 1894 5008 tale
1918 4952 2041 5023 quid
2064 4952 2317 5016 ostendit,

753 5062 857 5102 non
889 5048 1081 5117 ignem,
1106 5061 1211 5101 non
1235 5045 1474 5115 bavium,
1501 5060 1604 5098 nou
1629 5044 1827 5114 aliquid
1850 5043 1994 5098 aliud
2023 5043 2317 5113 ejusmodi;

752 5125 847 5192 sed
873 5150 1108 5214 praisepe
1128 5178 1144 5202 ,
1174 5128 1524 5192 diversorium
1542 5177 1557 5202 ,
1586 5136 1872 5205 tugurium,
1901 5145 1953 5190 et
1973 5135 2184 5206 inopem
2209 5150 2319 5191 ma-

753 5239 905 5282 trem.
935 5226 1265 5297 Quamquam
1287 5226 1486 5295 alioqui
1505 5240 1570 5279 ex
1594 5225 1697 5281 hoc
1722 5225 1957 5281 ostendit
1992 5241 2114 5281 eum
2144 5240 2263 5281 esse
2288 5244 2318 5281 τι

751 5317 1097 5371 convenione
1134 5324 1190 5370 et
1233 5316 1525 5371 mutatione
1567 5316 1819 5372 alienum.
1871 5316 2133 5384 Quoniam
2176 5318 2319 5375 enim

753 5408 886 5463 dixit
911 5422 1031 5477 eum
1069 5407 1157 5477 qui
1182 5405 1397 5461 sedebat
1427 5422 1588 5477 super
1624 5407 1870 5463 thronum
1896 5449 1912 5475 ,
1958 5408 2206 5465 habuisse
2232 5425 2322 5466 ca-

753 5503 936 5573 pillum
966 5502 1244 5558 candidum
1290 5512 1345 5559 ut
1387 5504 1562 5559 lanam
1587 5545 1602 5571 ,
1634 5516 1690 5561 et
1716 5517 1915 5562 vestem
1946 5509 2082 5564 sicut
2106 5511 2281 5566 nivem
2306 5526 2321 5564 :

818 5615 834 5646 ¹
868 5611 1009 5685 savii.
1030 5623 1087 5685 et
1113 5614 1241 5685 colb.
1268 5619 1478 5685 sequuti,
1503 5617 1732 5685 verbum,
1755 5619 1894 5680 venit,
1920 5623 2319 5685 interposuimus,

752 5674 880 5737 quod
902 5676 1042 5725 deest
1066 5676 1112 5724 in
1137 5682 1249 5738 Reg.
1277 5674 1435 5727 ttorel.
1467 5685 1517 5727 et
1540 5674 1727 5728 Mentor.

1476 336 1533 387 S.
1573 331 1851 387 JOANNIS
1888 327 2353 385 LHRYSOSTOMI
2386 326 2698 384 ARClllEP.
2741 331 3271 391 CONSTANTINOP.

3892 348 4007 404 '2“

2421 457 2485 493 ne
2531 442 2665 509 pilos
2705 452 2973 500 vestcmve
3014 448 3384 511 existimares,
3430 450 3523 505 sed
3564 453 3902 521 Splendor-em
3930 476 4007 513 ac

2414 531 2695 599 puritatem
2721 573 2737 597 ,
2790 533 2964 598 ignem
3017 536 3210 606 ubique
3255 553 3377 593 esse
3419 539 3547 595 dicit
3576 561 3587 595 :
3614 542 3759 613 Ignis
3794 548 3846 600 in
3872 565 4006 602 con-

2412 633 2584 686 spectu
2625 625 2733 693 ejus
2762 625 3085 692 μανέεται,
3138 639 3186 681 et
3228 628 3281 681 in
3327 633 3541 685 circuitu
3578 634 3687 703 ejus
3726 645 4009 706 tempestas

2413 711 2581 775 valida
2614 712 2781 781 (Dan.
2830 716 2881 767 7.
2928 716 3009 781 9).
3058 716 3132 770 ita
3174 720 3333 773 etiam
3376 720 3464 776 hic
3507 724 3663 778 simul
3701 740 3824 780 eum
3870 743 4006 784 esse

2412 804 2691 861 mutationi
2718 812 2773 859 et
2793 808 3129 862 eouversioni
3147 809 3371 864 minime
3386 810 3695 882 obnoxium,
3728 812 4003 871 lucidum-

2412 905 2515 959 quc
2550 901 2618 949 .et
2667 894 2995 950 inaccessum
3040 898 3278 951 ostendit
3322 914 3417 968 per
3454 901 3551 954 has
3594 902 4001 961 similitudines.

2413 977 2596 1049 Neque
2634 995 2760 1038 vero
2793 983 2933 1037 sistit
2956 984 3022 1038 ad
3049 984 3223 1055 ignem
3253 1003 3437 1057 usque,
3468 989 3563 1044 sed
3589 992 3775 1047 volens
3803 1003 4007 1049 osten-

2414 1069 2541 1127 dere
2569 1070 2956 1129 vehementiam
2984 1078 3247 1146 supplicii,
3279 1080 3551 1150 subjungit
3579 1082 3764 1139 dicens
3795 1102 3809 1138 :
3840 1083 4005 1140 Tem-

2414 1170 2583 1231 pestas
2619 1162 2805 1221 valida.
2857 1165 2954 1221 ES!
2998 1178 3172 1225 antem
3215 1184 3467 1237 natur/lg,
3511 1175 3595 1229 vel
3639 1176 4003 1234 intolerabilis

2413 1267 2587 1311 massa
2632 1255 2811 1324 nivis,
2859 1271 2978 1326 qua
3007 1257 3059 1312 in
3104 1256 3324 1330 quodvis
3368 1264 3613 1320 inciderit
3645 1269 3903 1335 pertrahil
3941 1278 4008 1325 et

2412 1343 2624 1411 evertit,
2650 1345 2734 1419 vei
2763 1345 3050 1405 vehemens
3074 1359 3351 1405 ventorum
3372 1353 3622 1421 impetus,
3650 1358 3735 1424 qui
3759 1356 4002 1426 idipsum

2401 1434 2611 1501 .el'licit.
2638 1417 2701 1493 et
2719 1447 2800 1493 est
2837 1439 2902 1493 iis
2924 1455 3044 1509 qua:
3072 1453 3357 1511 occurrunt
3393 1417 3756 1503 intolerabilis.
3794 1417 4003 1507 volens

2413 1525 2573 1595 igitur
2606 1528 2894 1600 ostendere
2939 1530 3065 1585 illud
3108 1533 3423 1600 supplicium
3465 1549 3586 1590 esse
3629 1536 3998 1606 intolerabile.

2410 1614 2634 1673 adduxit
2654 1615 2759 1675 has
2789 1619 3185 1675 similitudines.
3231 1624 3285 1677 4.
3308 1623 3581 1677 Advocabit
3606 1627 3786 1679 calum
3810 1627 4007 1682 desur-

2406 1720 2562 1770 sum,
2607 1716 2657 1761 et
2699 1716 2919 1773 terram,
2959 1708 3241 1764 discernere
3283 1711 3526 1781 populum
3568 1731 3735 1767 sunnt.
3788 1715 4004 1772 Rursus

2414 1795 2655 1859 mminit
2688 1796 3111 1866 elementorum,
3144 1816 3240 1870 per
3262 1817 3381 1871 quae
3420 1803 3557 1857 bona
3586 1804 4003 1861 innumerabilia

2410 1885 2480 1943 ad
2506 1898 2672 1953 genus
2698 1885 2969 1943 hominum
2996 1901 3366 1957 pervenerunt,
3402 1907 3507 1945 non
3537 1894 3708 1947 solum
3737 1894 3803 1950 ad
3831 1895 4000 1949 vitam

2411 1976 2464 2022 et
2491 1969 2923 2035 constitutionem
2965 1974 3206 2041 corporis
3228 2013 3243 2037 ,
3280 1974 3373 2027 sed
3402 1976 3559 2029 etiam
3588 1976 3664 2034 ad.
3684 1976 3774 2032 Dei
3803 1979 4003 2047 cogni-

2415 2057 2635 2118 tionem.
2680 2060 3110 2117 Pulchritutlines
3147 2064 3324 2129 enim,
3367 2074 3419 2119 et
3458 2066 3848 2137 magnitudines
3872 2109 3890 2135 ,
3941 2079 4004 2122 et

2406 2151 2645 2213 rationes
2687 2153 2881 2206 situum
2902 2194 2918 2220 ,
2963 2163 3015 2209 et
3048 2155 3356 2211 substantia:
3376 2199 3393 2223 ,
3438 2173 3503 2212 es
3530 2159 3721 2229 quibus
3748 2170 4006 2217 constant

2560 2243 2819 2309 elementa
2840 2285 2867 2311 ,
2889 2254 2942 2300 ct
2966 2262 3093 2317 qute.
3110 2262 3177 2302 ex
3200 2250 3280 2302 eis
3306 2248 3461 2316 ﬁunt,
3491 2265 3553 2306 ac
3577 2265 3696 2320 qua!
3724 2253 4002 2321 generali-

2413 2342 2495 2397 ter
2523 2334 2667 2388 omni
2695 2344 2931 2403 tempore
2954 2379 2969 2401 ,
3005 2338 3089 2392 vel
3116 2352 3259 2407 scopo
3282 2339 3550 2409 sigillatim
3574 2342 3846 2407 eveniunt,
3880 2341 4003 2397 haec

2408 2425 2851 2493 .omniasorpum
2899 2428 3050 2479 alunt
3075 2437 3129 2481 et
3159 2430 3517 2493 constituunt,
3567 2438 3621 2489 et
3664 2430 3733 2484 ad
3773 2432 4002 2502 Opiﬁcis

2413 2515 2767 2583 pognitionem
2794 2514 3079 2570 deducunt.
3136 2518 3202 2571 Et
3238 2518 3357 2573 ideo
3383 2519 3513 2575 dixit
3536 2519 3732 2575 Paulus
3758 2538 3773 2574 :
3805 2520 3968 2576 Inrisi
3990 2552 4004 2563 -

2410 2604 2536 2671 bilia
2575 2607 2685 2677 ejus
2725 2622 2788 2661 ea:
2819 2617 3049 2668 creatura
3096 2610 3271 2665 rotundi
3312 2611 3544 2680 operibus
3587 2612 3839 2668 intellecta
3880 2629 4005 2682 per-

2411 2697 2727 2763 spiciuntur,
2760 2708 3042 2766 tetemaque
3077 2700 3186 2768 ejus
3212 2709 3434 2769 potestas
3463 2717 3522 2753 ac
3551 2701 3786 2755 divinitas
3813 2701 4000 2769 (Rom.

2416 2786 2467 2839 1.
2498 2785 2613 2855 20).
2667 2787 2733 2841 Et
2776 2802 3001 2853 rursus,
3060 2787 3190 2853 Quia
3230 2790 3360 2841 enim
3402 2791 3452 2843 in
3491 2791 3736 2859 sapientia
3766 2790 3861 2845 Dei
3892 2808 4002 2846 non

2415 2880 2643 2947 cognovit
2666 2880 2885 2933 mundus
2913 2896 3003 2949 per
3022 2880 3317 2947 sapientiam
3340 2879 3501 2934 Deum
3532 2882 3609 2949 (ι.
3638 2879 3757 2936 Cor.
3789 2883 3839 2936 1.
3872 2882 3999 2952 21),

2416 2966 2519 3022 huc
2544 2976 2627 3022 est
2648 3008 2665 3033 ,
2710 2984 2803 3037 per
2846 2968 3187 3037 sapientiam,
3226 2984 3344 3038 qua:
3366 2970 3602 3025 cernitur
3631 2970 3685 3024 in
3712 2972 4000 3035 creaturis,

2416 3066 2474 3124 ut
2508 3074 2629 3128 quin
2656 3075 2763 3114 non
2789 3059 2858 3113 sit
2886 3076 3043 3127 parva
3068 3102 3083 3123 ,
3122 3059 3213 3121 sed
3244 3060 3332 3115 vel
3363 3061 3590 3125 maxima
3616 3071 3671 3116 et
3696 3061 4003 3117 clarissima

2416 3149 2675 3207 doctrina.
2724 3151 2800 3205 Ae
2841 3166 2958 3218 qua:
3004 3152 3237 3219 quotidie
3279 3150 3492 3220 quidem
3542 3168 3636 3222 per
3677 3167 3797 3207 eum
3839 3151 4000 3219 liuiit,

2415 3240 2623 3294 etiamsi
2648 3239 2927 3301 videantur
2948 3239 3060 3295 ﬁeri
3089 3248 3291 3301 natura:
3319 3241 3697 3309 consequentia
3716 3280 3733 3308 ,
3765 3241 3879 3310 ipsa
3908 3250 3994 3294 ta-

2418 3344 2540 3384 men
2582 3330 2741 3391 etiam
2779 3328 3033 3397 Opilicem
3061 3328 3369 3399 pradicant.
3413 3329 3600 3399 Opiter
3626 3330 3768 3385 enim
3792 3340 3876 3386 est
3904 3346 4004 3385 na-

2418 3432 2550 3483 tura:
2574 3420 2846 3479 Dominus.

2488 3512 2542 3565 ὃ.
2570 3511 2650 3567 Ne
2674 3509 2881 3564 mireris
2896 3519 3071 3563 autem
3095 3510 3137 3570 si
3159 3509 3225 3565 ad
3242 3508 3454 3566 Iudaeos
3473 3508 4002 3580 dirigatorationcm,

2418 3600 2485 3654 de
2508 3601 2740 3669 generali
2763 3592 2959 3667 judicio
2981 3600 3270 3657 disserens.
3297 3599 3375 3653 lta
3394 3600 3535 3654 enim
3564 3600 3758 3654 Paulus
3781 3613 4001 3669 quoque

2419 3691 2550 3745 dicit
2580 3707 2594 3740 :
2630 3689 2719 3743 Ira
2755 3700 2803 3744 et
2847 3690 3160 3765 indignatio,
3191 3688 3446 3742 tribulatio
3484 3698 3533 3743 et
3567 3691 3802 3763 ain/ustio
3843 3705 4003 3759 super

2418 3796 2616 3833 omnem
2644 3780 2863 3833 animant
2892 3780 3107 3832 [taurinis
3136 3779 3389 3847 operantis
3416 3779 3605 3831 malum
3623 3820 3640 3844 ,
3682 3777 3853 3832 Judaei
3891 3781 4009 3848 pri-

2418 3885 2555 3927 mum
2580 3879 2627 3923 et
2655 3869 2817 3923 (ἐνρεὶ
2845 3868 3017 3938 (Rom.
3044 3868 3098 3922 2.
3133 3867 3186 3922 8.
3217 3867 3299 3943 9);
3327 3868 3387 3923 Et
3418 3884 3603 3923 rursus
3638 3887 3651 3921 :
3684 3866 4006 3940 Quicumque

2417 3963 2527 4016 sine
2568 3962 2673 4031 lege
2706 3970 2973 4030 peccarunt
2990 4001 3007 4027 ,
3047 3960 3156 4013 sine
3184 3958 3289 4029 lege
3313 3968 3359 4014 et
3382 3962 3615 4029 peribunt
3644 3975 3662 4013 :
3688 3969 3733 4013 et
3761 3960 4005 4029 quierun-

2418 4067 2513 4119 que
2533 4052 2585 4103 in
2615 4050 2721 4120 lege
2741 4058 3031 4120 peccarunt,
3058 4066 3146 4118 per
3170 4051 3323 4120 legem
3341 4050 3708 4118 judicabutttur
3753 4049 3916 4120 (Ibid.
3950 4067 4003 4105 ιι.

2422 4140 2532 4209 η).
2565 4140 2619 4195 5.
2651 4140 2957 4210 Congregate
2982 4139 3059 4193 illi
3085 4150 3283 4193 sanctos
3309 4142 3437 4206 ejus,
3466 4142 3552 4212 qui
3578 4141 3813 4199 ordinant
3840 4152 4008 4195 testa-

2423 4241 2643 4284 mentum
2668 4231 2776 4300 ejus
2815 4246 2965 4298 super
3000 4231 3268 4299 sacriﬁcia.
3318 4229 3427 4285 Cur
3450 4246 3582 4301 quos
3610 4242 3691 4286 est
3715 4242 4003 4287 accusatu-

2423 4334 2534 4385 rus,
2562 4328 2616 4373 et
2639 4334 2772 4389 quos
2799 4319 3269 4385 condemnaturus,
3304 4331 3519 4375 sanctos
3544 4320 3647 4375 hoc
3675 4321 3793 4376 loco
3812 4322 4005 4391 appel-

2424 4409 2535 4465 lat?
2580 4408 2981 4464 Accusationem
3009 4424 3232 4479 attgeris,
3262 4419 3317 4465 et
3342 4408 3598 4466 honorem
3628 4410 3903 4481 adjiciens,
3932 4412 4004 4467 ad

2423 4499 2680 4569 majorem
2706 4498 3142 4569 signiﬁcationem
3171 4498 3434 4569 supplicii.
3464 4498 3539 4554 lta
3559 4500 3717 4555 etiam
3744 4515 3843 4555 nos
3860 4516 4005 4571 quo-

2421 4607 2525 4662 que
2548 4607 2669 4657 cuin
2699 4592 2940 4646 videmus
2978 4591 3184 4661 aliquos
3225 4606 3509 4661 peccasse,
3540 4603 3594 4647 et
3635 4592 3878 4648 volumus
3902 4608 4010 4649 eos

2433 4683 2788 4739 .ehemeutius
2826 4682 3108 4749 insectari,
3158 4696 3279 4737 cum
3308 4696 3494 4738 eorum
3534 4682 3881 4753 dignitatibus
3905 4698 4007 4740 eos

2424 4788 2675 4827 vocamus
2697 4812 2712 4838 ,
2743 4781 2800 4826 ut
2822 4771 3118 4843 graviorem
3153 4771 3436 4828 reddamus
3467 4774 3883 4841 accusationem,
3913 4773 4005 4829 di-

2422 4873 2608 4917 centes
2637 4880 2649 4915 :
2688 4860 2828 4916 Voca
2854 4860 3135 4917 diaconum
3155 4902 3174 4929 ,
3202 4862 3286 4917 vel
3323 4865 3709 4935 presbyterum.
3738 4865 4003 4932 Quoniam

2423 4969 2551 5024 ergo
2576 4954 2626 5008 bi
2659 4969 2871 5025 quoque
2896 4954 3295 5024 appellabantur
3320 4957 3498 5028 regale
3525 4958 3877 5012 sacerdotium
3903 4998 3919 5020 .
3952 4968 4007 5014 et

2428 5046 2649 5116 populus
2676 5044 2975 5115 peculiaris,
2999 5055 3137 5102 eteo
3156 5047 3371 5101 nomine
3395 5047 3494 5101 sibi
3513 5047 3669 5103 valde
3689 5048 4005 5117 placebant:

2426 5152 2491 5191 ex
2536 5151 2601 5189 eo
2642 5137 2757 5205 ipso
2800 5135 3034 5191 contexit
3079 5136 3364 5192 criminum
3414 5136 3848 5207 magnitudinem.
3903 5137 4009 5206 Qui

2425 5225 2658 5278 ordinant
2701 5233 3041 5280 testamentum
3081 5226 3190 5299 ejus
3242 5242 3393 5295 super
3428 5227 3698 5296 sacriﬁcia.
3742 5227 4007 5295 Quoniam

2427 5330 2547 5369 eum
2575 5314 2708 5368 mala
2737 5315 3141 5371 innumerabilia
3166 5316 3425 5372 auderent
3446 5357 3459 5380 .
3490 5325 3547 5373 et
3575 5326 3653 5372 tot
3679 5318 3732 5372 in
3758 5332 3818 5373 se
3841 5318 4005 5373 vitio-

2427 5422 2545 5460 rum
2575 5420 2769 5477 genera
2794 5407 3162 5477 susciperent,
3201 5406 3500 5477 rapientes,
3532 5409 3586 5462 in
3612 5407 3751 5463 bona
3776 5408 4005 5465 aliorum

2430 5512 2525 5566 per
2564 5497 2837 5552 avaritiam
2877 5495 3228 5564 invadentes,
3273 5497 3594 5564 occidentes,
3622 5496 4003 5565 adulterantes,

2429 5592 2737 5659 sanguinem
2763 5589 3020 5658 sanguine
3039 5589 3738 5657 miscentes,esistimabant
3750 5590 4003 5659 praeiere

2433 5695 2491 5735 se
2527 5695 2745 5751 gerere,
2790 5688 2843 5736 ct
2887 5679 3057 5750 legem
3088 5694 3149 5735 ac
3188 5688 3556 5735 testamentum
3590 5678 3913 5751 adimplere,
3957 5690 4003 5743 si
