4156 6424
189 518 307 575 IIS

189 647 335 690 oves
377 641 433 688 et
467 631 668 689 vitulos
705 630 1071 686 sacrillcarent
1102 645 1116 682 :
1143 626 1264 682 ideo
1305 627 1499 695 probra
1528 627 1634 687 illis
1663 626 1818 697 inge-

190 739 356 790 rene,
380 739 580 794 eosque
607 721 842 778 irridens
869 721 1020 788 dicit,
1065 719 1168 787 Qui
1192 719 1432 772 ordinant
1456 727 1808 774 testamentum

187 835 316 891 ejus
340 833 501 890 super
525 816 782 884 sacriﬁcia
803 831 822 869 :
849 813 953 870 hoc
979 822 1083 880 est,
1111 812 1202 884 qui
1223 812 1290 866 ad
1311 812 1538 867 salutem
1564 811 1818 866 sttflicere

188 911 555 974 existimant,
600 907 647 962 si
687 921 914 976 corpora
953 904 1230 960 brutorutn
1267 901 1590 958 sacrificent.
1640 904 1695 958 6.
1739 900 1809 957 Ει

190 984 587 1055 uanum
622 998 738 1054 ccli
769 998 1025 1069 justitiam
1069 997 1200 1068 ejus.
1249 994 1451 1051 Volcns
1495 995 1584 1050 hic
1623 1011 1816 1051 rursus

187 1091 499 1147 ostendere
523 1089 639 1159 ejus
661 1071 923 1158 justitiam
954 1101 1077 1142 esse
1102 1086 1328 1165 claram,
1359 1085 1583 1142 nitidam
1606 1127 1623 1153 ,
1651 1100 1784 1157 aper

192 1192 342 1244 nisi,
376 1181 464 1236 cui
487 1179 782 1236 contradici
812 1194 920 1235 non
949 1179 1159 1249 possit,
1207 1187 1267 1234 et
1305 1192 1428 1248 quae
1466 1177 1521 1232 in
1562 1176 1817 1233 confesso

189 1272 291 1338 sit,
326 1270 619 1327 introducit
644 1271 912 1326 elementa
937 1267 1267 1324 insensibilia
1293 1281 1412 1323 eam
1443 1267 1812 1338 praedicanda,

190 1365 423 1429 eadem,
443 1379 604 1434 quam
627 1362 776 1434 prius
796 1362 950 1426 dixit,
981 1359 1173 1432 ﬁgura.
1206 1358 1464 1426 Quoniam
1495 1356 1631 1413 Deus
1647 1358 1816 1431 judea:

190 1469 290 1514 ut.
327 1458 450 1526 Js,
489 1457 680 1529 inquit,
711 1458 1001 1528 unicuique
1022 1455 1306 1512 deﬁniens.
1335 1454 1525 1527 Neque
1547 1455 1692 1511 enim
1725 1453 1814 1509 hic

188 1559 415 1604 temere
441 1549 639 1620 posuit,
670 1547 821 1610 illud,
841 1547 1109 1617 judicare,
1138 1545 1235 1602 sed
1260 1553 1320 1602 ut
1344 1545 1656 1602 ostenderet
1679 1560 1808 1601 cum

187 1641 370 1692 etiam
397 1651 518 1694 esse
535 1637 740 1708 justum
759 1677 776 1705 ,
803 1645 860 1692 et
885 1637 1005 1692 aliis
1041 1637 1271 1692 reddere
1293 1635 1438 1707 quod
1473 1635 1679 1706 justum
1703 1643 1807 1691 est.

193 1729 258 1783 In
291 1729 407 1784 Deo
435 1729 577 1784 enim
619 1728 747 1783 illud
771 1769 788 1793 ,
818 1727 995 1782 Judea:
1016 1768 1031 1793 ,
1075 1741 1175 1797 pro
1214 1727 1362 1798 justo
1388 1737 1662 1797 sumptum
1703 1737 1808 1794 est,

193 1819 652 1890 quemadmodum
675 1819 871 1875 Paulus
895 1819 950 1874 id
977 1835 1194 1891 quoque
1219 1819 1398 1890 posuit
1417 1819 1607 1876 dicens
1629 1837 1644 1874 :
1667 1817 1809 1874 Nam

194 1915 456 1982 quomoda
483 1912 740 1980 iudicabit
776 1910 918 1967 Dens
959 1911 1212 1966 mandunt
1258 1910 1437 1983 (Rom.
1465 1911 1521 1966 '5.
1550 1909 1654 1983 6)?
1696 1910 1808 1967 Iloc

194 2016 286 2060 est
314 2004 460 2060 enim
485 2005 716 2059 maxime
741 2003 1001 2074 judicium
1020 2043 1038 2070 ,
1071 2003 1174 2058 hoc
1196 2011 1281 2060 est
1305 2002 1542 2059 maxime
1569 2016 1692 2058 esse
1712 2003 1807 2070 ju-

193 2096 376 2152 dicent
399 2137 417 2163 ,
461 2110 567 2150 non
608 2095 785 2150 solum
816 2093 961 2150 ferre
987 2095 1308 2150 sententiam
1334 2137 1352 2164 ,
1396 2093 1493 2168 sed
1519 2110 1638 2151 eam
1663 2094 1808 2165 justo

193 2188 365 2244 ferre.
414 2187 801 2244 Iudicabuntur
825 2199 1004 2242 autem
1029 2185 1202 2243 Judzci
1226 2226 1243 2253 ,
1270 2196 1324 2242 et
1349 2187 1441 2258 qui
1470 2196 1600 2242 tunc
1628 2197 1804 2254 erant,

190 2293 249 2336 et
274 2281 368 2350 qui
401 2288 586 2350 postea
615 2280 680 2334 in
707 2277 860 2334 Novo
883 2279 1238 2334 Testamento
1264 2277 1281 2308 ί
1313 2291 1374 2334 se
1413 2279 1598 2349 inique
1621 2292 1807 2348 gesse—

191 2383 371 2428 runt:
415 2372 492 2428 illi
533 2381 590 2426 et
632 2382 877 2427 natumut
914 2379 970 2426 et
998 2371 1173 2447 legem
1202 2369 1464 2425 habentes
1506 2371 1805 2426 accusatri-

190 2481 353 2532 eem;
407 2464 465 2521 bi
506 2475 688 2520 autem
727 2471 925 2534 praeter
973 2462 1064 2519 illa
1087 2505 1107 2532 ,
1150 2463 1314 2518 etiam
1344 2477 1409 2518 ea
1439 2477 1560 2533 quae
1586 2462 1803 2518 illorum

190 2559 366 2630 gratia
403 2557 651 2613 Christus
685 2556 828 2612 fecit.
870 2554 1009 2624 Quid
1033 2555 1460 2626 enimpoterunt
1483 2553 1687 2621 dicere,
1715 2555 1804 2610 vel

189 2667 355 2721 quam
382 2665 598 2706 causam
625 2647 839 2714 all'errc,
862 2662 1029 2720 quare
1055 2663 1162 2703 non
1186 2647 1561 2703 crediderint?
1583 2645 1691 2702 Sed
1713 2662 1800 2712 ea,

190 2759 397 2816 qtnnso,
427 2759 548 2816 qua
574 2743 827 2800 dicuntur
843 2742 1106 2798 attendite
1125 2783 1140 2806 ,
1170 2751 1230 2796 ut
1258 2742 1477 2811 possitis
1495 2756 1592 2796 ora
1612 2757 1800 2798 eorum

189 2837 284 2906 qui
305 2834 678 2892 contradicunt
705 2834 1007 2890 obstruere.
1034 2834 1214 2889 Satius
1237 2842 1322 2888 est
1348 2832 1492 2888 enim
1524 2847 1620 2888 eos
1641 2847 1673 2886 a
1703 2848 1803 2888 no-

191 2930 276 2984 bis
306 2931 471 2984 victos
502 2943 648 2982 nunc
689 2926 925 2996 corrigi,
974 2939 1135 2996 quam
1183 2938 1244 2980 se
1286 2923 1505 2978 vincere
1552 2932 1801 2993 putantes

190 3021 323 3076 illuc
368 3020 518 3075 abire
559 3029 618 3074 et
653 3017 1002 3073 condemnari
1032 3032 1062 3070 a
1100 3014 1376 3070 communi
1419 3008 1617 3069 Iudice-
1650 3011 1802 3068 orbis

189 3122 371 3168 terra.
400 3110 538 3179 Quid
563 3123 696 3180 ergo
737 3116 988 3179 poterunt
1014 3107 1195 3162 dicere
1221 3105 1412 3170 Judaei,
1445 3105 1800 3176 quamobrem

189 3203 460 3260 Christum
513 3200 924 3258 interfecerint?
970 3199 1243 3268 quodnam
1291 3213 1514 3268 parvum
1557 3196 1642 3252 vel
1675 3210 1796 3250 ma-

189 3311 352 3366 gnum
397 3295 605 3350 crimen
634 3293 683 3349 ei
733 3300 958 3362 possunt
995 3289 1274 3360 objicere?
1327 3287 1479 3358 Quod
1523 3302 1584 3343 se
1627 3287 1796 3342 Deum

187 3385 419 3443 faciebat
448 3383 630 3456 (Joan.
657 3383 745 3438 10.
775 3383 869 3454 33)
890 3424 905 3448 ,
935 3382 1126 3451 inquit.
1159 3379 1323 3451 Atqui
1353 3377 1463 3434 non
1497 3386 1652 3434 erant
1681 3377 1799 3432 hac

189 3479 349 3536 verba
377 3494 486 3548 quo
513 3489 756 3547 tempore
785 3475 1077 3530 cruciﬁxus
1113 3482 1232 3538 est,
1263 3471 1360 3528 sed
1386 3471 1632 3541 qnzndam
1663 3470 1790 3524 alia.

188 3575 305 3631 Non
327 3574 472 3628 enim
497 3571 752 3627 dicebant
785 3588 796 3622 :
825 3569 930 3639 Qui
972 3568 1096 3623 facit
1137 3567 1374 3636 seipsum
1421 3564 1593 3618 Deum
1615 3604 1630 3629 ,
1677 3563 1794 3629 sed,

189 3665 292 3732 Qui
319 3665 440 3737 facit
459 3665 682 3730 seipsum
708 3677 894 3732 regem,
923 3675 1024 3714 non
1070 3667 1145 3713 est
1193 3657 1387 3712 amicus
1412 3655 1632 3710 Ctesaris
1681 3653 1794 3724 (Id.

190 3754 425 3826 19.12).
471 3753 634 3824 Atqui
663 3752 944 3806 voluerant
985 3765 1108 3806 cum
1148 3763 1293 3818 saepe
1342 3761 1527 3818 regem
1569 3745 1792 3816 eligere,

185 3858 242 3905 et
267 3847 490 3919 aufugit.
522 3845 630 3902 Sed
656 3853 814 3899 antea
839 3885 855 3909 ,
888 3842 1080 3912 inquit,
1113 3842 1162 3894 ei
1189 3839 1402 3895 crimini
1429 3839 1630 3893 dabant
1651 3838 1796 3907 quod

184 3956 246 3997 se
273 3939 444 3996 Deum
472 3937 708 3995 fecisset.
753 3933 892 4002 Quid
925 3933 1030 3989 hoc
1052 3933 1118 3987 ad
1151 3929 1308 3986 rem?
1331 3930 1386 3986 Si
1413 3930 1558 3984 enim
1581 3928 1715 3984 falso
1740 3937 1797 3984 et

184 4033 380 4104 injuria
404 4073 422 4097 ,
447 4041 506 4086 et
533 4045 656 4105 cum
684 4010 814 4085 vere
845 4043 950 4082 non
975 4036 1154 4092 esset,
1183 4025 1327 4094 juste
1354 4023 1452 4078 fuit
1478 4024 1682 4078 crimen
1712 4023 1794 4077 in-

183 4131 448 4179 tentatum
480 4140 494 4177 :
530 4121 575 4176 si
607 4130 786 4176 autem
824 4119 971 4187 juste
994 4159 1010 4183 ,
1061 4131 1184 4172 eum
1211 4115 1502 4180 adorasse,
1534 4129 1643 4168 non
1669 4129 1794 4169 cru-

180 4213 418 4269 ciﬁxisse
439 4213 696 4283 oportuit.
744 4209 1037 4266 Videamus
1065 4222 1194 4277 ergo
1215 4203 1496 4274 numquid,
1526 4221 1650 4260 cmn
1683 4220 1791 4261 non

179 4316 325 4362 εειει
363 4320 495 4360 vere
540 4304 718 4368 Deus,
769 4302 938 4358 Deum
979 4302 1215 4369 seipsum
1267 4298 1505 4364 faceret,
1555 4299 1660 4354 hoc
1685 4309 1789 4366 est,

179 4398 492 4454 ostenderet
515 4407 574 4454 et
599 4379 1019 4452 demonstraret.
1077 4394 1356 4449 Undenam
1399 4409 1531 4464 ergo
1571 4395 1652 4448 vis
1684 4395 1790 4450 hoc

178 4489 546 4562 cognoscere?
565 4489 634 4544 ab
662 4473 728 4542 iis
751 4504 872 4558 qua:
893 4497 1019 4542 tunc
1048 4486 1184 4541 facta
1207 4497 1352 4550 sunt,
1387 4501 1454 4538 an
1480 4486 1548 4539 ab
1578 4485 1644 4539 iis
1669 4501 1790 4555 qua:

181 4597 324 4638 nunc
349 4581 524 4635 ﬁunt?
551 4579 621 4635 ab
647 4579 712 4635 iis
737 4595 858 4650 qnte
880 4580 930 4632 in
964 4588 1115 4645 partu
1144 4577 1280 4633 facta
1305 4577 1473 4630 sunt?
1497 4576 1645 4644 Quis
1662 4593 1785 4630 um-

179 4691 339 4746 quam
357 4685 515 4729 natus
526 4683 608 4728 est
621 4689 688 4726 ex
704 4673 908 4741 virgine
925 4670 950 4724 ?
969 4671 1090 4740 quis
1101 4670 1262 4724 talem
1283 4668 1494 4723 stellam
1518 4669 1745 4722 ostendit
1766 4669 1789 4723 ’ἶ

179 4767 299 4836 quis
345 4775 526 4820 autem
586 4777 772 4832 magos
805 4773 952 4816 tanto
1003 4761 1156 4815 duxit
1202 4759 1433 4824 itinere,
1484 4776 1590 4812 non
1619 4761 1666 4812 vi
1695 4770 1788 4813 ant

181 4859 524 4922 necessitate,
547 4855 642 4911 sed
664 4855 917 4909 suasione
942 4869 1005 4907 ac
1032 4852 1361 4907 revelationc
1383 4851 1666 4920 (Matt/1.2.
1697 4856 1787 4920 l)?

182 4949 341 5005 Vides
367 4951 670 5010 universam
691 4956 991 5002 creaturam
1022 4945 1308 4999 Dominum
1332 4956 1744 5014 cognoscentem
1763 4948 1787 4997 ?

181 5041 357 5096 l'ritna
385 5038 762 5104 cedicnatura,
789 5052 887 5092 nec
912 5045 1091 5107 potest
1119 5051 1437 5105 repugnare,
1462 5053 1562 5091 nec
1579 5047 1786 5090 contra-

178 5134 356 5188 dicere
377 5175 392 5198 ,
422 5131 610 5186 dicens
641 5146 655 5184 :
689 5131 905 5184 Partum
939 5146 1048 5185 non
1075 5129 1304 5199 expedio
1338 5145 1349 5180 :
1379 5145 1484 5182 non
1525 5131 1685 5184 didici
1718 5147 1781 5185 cx

181 5235 333 5278 utero
382 5223 604 5293 virginis
657 5219 914 5276 infantem
963 5220 1016 5274 in
1066 5221 1241 5274 lucem
1292 5220 1640 5289 producere:
1676 5237 1782 5276 non

181 5315 300 5370 novi
328 5324 561 5369 matrem
580 5305 756 5366 facere
785 5311 989 5382 absque
1014 5311 1298 5381 coujttgio;
1328 5315 1423 5365 sed
1451 5314 1562 5366 suis
1589 5330 1781 5367 exces-

177 5409 247 5463 sit
273 5407 533 5462 limitibus
563 5423 577 5460 :
607 5405 891 5459 Dominum
921 5405 1064 5459 enim
1095 5419 1252 5458 suum
1277 5418 1626 5476 cognoverat.
1661 5407 1779 5462 iam

176 5507 355 5555 autem
396 5508 525 5551 nato
564 5496 739 5566 angeli
785 5495 1108 5562 adfuerunt,
1142 5512 1265 5549 eum
1298 5499 1389 5566 qui
1419 5507 1502 5552 est
1529 5483 1778 5566 ἱειέςειίε,

176 5606 294 5648 esse
318 5592 371 5644 itt
402 5599 544 5644 lena
570 5588 931 5658 significantes
976 5587 1129 5661 (Luc.
1161 5587 1217 5641 ‘2.
1250 5587 1305 5642 9.
1331 5589 1492 5660 seqq.)
1531 5608 1543 5644 :
1583 5601 1640 5646 et
1675 5607 1778 5645 Cit:-

179 5684 285 5737 hun
313 5691 453 5734 terra
481 5678 622 5734 facta
641 5687 947 5748 est,utpote
969 5695 1092 5734 cum
1117 5694 1210 5733 rex
1239 5678 1326 5733 hic
1346 5692 1490 5752 esset
1521 5699 1534 5734 :
1564 5693 1617 5736 et
1639 5684 1778 5753 magi

175 5777 496 5839 adorarunt,
543 5773 634 5843 qhi
675 5788 741 5828 ex
791 5781 902 5828 tam
943 5774 1166 5829 remotis
1209 5773 1344 5829 locis
1388 5785 1649 5830 venerant
1682 5794 1693 5829 :
1726 5785 1782 5832 et

185 5900 1064 6030 “inﬁtiatrziutqgttwfsefmio
1099 5909 1214 5971 (ἐπὶ
1238 5916 1324 5970 τῆς
1347 5912 1576 5978 Καινῆς),
1611 5917 1791 5968 deerat

1319 509 1688 568 EXPOSITIO
1728 509 1792 566 IN

1905 508 2160 566 iAlMUM
2203 496 2392 565 XLIX.
3433 511 3540 566 εισι

1931 625 2110 681 infans
2153 624 2372 696 quidem
2403 625 2456 681 in
2489 623 2773 679 Pahesttna
2811 622 3024 694 ja'rehat
3071 626 3123 680 in
3154 627 3417 698 priest-pi,
3465 628 3541 682 illi

1929 731 2060 772 vero
2089 731 2157 772 ex
2183 716 2410 772 barbara
2442 703 2661 786 regione
2689 725 2894 770 tantunt
2928 717 3188 771 honorem
3219 727 3535 785 tantumque

1925 813 2133 868 cultum
2153 809 2490 875 offerebant,
2537 819 2796 881 quantum
2824 825 3037 882 a-quum
3075 820 3192 866 erat
3220 812 3330 866 Deo
3359 810 3541 867 olferri

1926 903 2140 973 (Matth.
2171 902 2228 958 ἓ.
2263 903 2378 974 ll).
2429 905 2501 958 At
2549 903 2667 959 haec
2691 903 2908 974 quidem
2936 902 3170 960 fortasse
3205 919 3313 960 non
3339 905 3541 960 admit-

1926 1003 2070 1059 tent,
2102 995 2198 1052 sed
2227 994 2330 1050 alia
2351 995 2504 1065 signa
2527 1006 2772 1065 quaerent
2798 995 2850 1049 in
2889 996 3144 1064 praesenti
3168 997 3539 1066 generatione.

1921 1087 2027 1143 Sed
2060 1102 2128 1143 ne
2154 1086 2275 1142 lucc
2312 1087 2530 1160 quidem
2567 1087 2724 1143 nobis
2767 1086 3048 1143 deﬁcient.
3096 1087 3243 1144 Talis
3271 1088 3418 1145 enim
3447 1105 3540 1144 res

1921 1191 2006 1236 est
2043 1181 2244 1250 veritas
2279 1197 2292 1234 :
2323 1179 2562 1235 abundat
2591 1177 2754 1260 justis
2799 1179 3100 1235 rationibus
3147 1180 3340 1252 quibus
3384 1195 3540 1236 suam

1918 1285 2140 1329 causam
2188 1280 2421 1327 tueatur.
2449 1269 2586 1326 Nam
2633 1271 2722 1328 hic
2753 1272 3003 1328 maxime
3027 1287 3097 1328 ne
3126 1273 3290 1327 ullam
3319 1272 3539 1345 quidem

1918 1372 2147 1435 possunt
2181 1363 2439 1424 umbram
2482 1361 2678 1418 aﬂ'erre
2721 1363 3186 1418 contradictionis.
3233 1364 3348 1419 Etsi
3390 1367 3537 1420 enim

1919 1471 2026 1510 non
2057 1455 2273 1521 aderas,
2301 1454 2517 1526 quando
2547 1453 2870 1510 nascebatur
2889 1471 2955 1510 ex
2984 1454 3224 1526 Virgine,
3251 1459 3540 1526 Oportebat

1916 1554 2100 1602 tamen
2130 1545 2354 1602 credere
2380 1545 2660 1616 prophetze
2685 1544 2883 1600 dicenti
2913 1563 2928 1600 :
2959 1543 3096 1600 Ecce
3129 1547 3272 1618 virgo
3303 1547 3359 1600 in
3387 1556 3534 1602 utero

1915 1639 2207 1711 concipiet,
2255 1648 2305 1693 et
2341 1639 2508 1710 pariet
2551 1637 2720 1706 [ilium
2749 1653 2762 1690 :
2796 1648 2844 1693 et
2891 1638 3144 1693 uocabunt
3189 1656 3374 1694 nomen
3419 1641 3534 1712 ejus

1915 1729 2222 1786 Emmanuel
2244 1729 2398 1800 (Isai.
2428 1731 2482 1785 'I.
2514 1730 2626 1800 14).
2657 1728 2714 1784 Si
2743 1744 2850 1784 non
2876 1730 3091 1798 aderas,
3124 1731 3341 1801 quando
3369 1747 3536 1788 carne

1915 1830 2092 1878 tectus
2125 1829 2331 1877 terram
2362 1821 2564 1885 obibat,
2600 1829 2657 1877 et
2683 1821 2842 1877 simul
2874 1837 2996 1876 cum
3018 1823 3193 1878 servis
3217 1806 3533 1880 versabatur

1915 1913 2212 1981 Dominus,
2257 1913 2376 1986 lege
2401 1913 2692 1990 Jeremiam
2717 1955 2732 1978 ,
2763 1922 2820 1968 et
2847 1912 2939 1968 ille
2967 1922 3143 1969 tecum
3175 1914 3426 1984 loquetur
3455 1915 3533 1970 sic

1911 2006 2098 2063 dicens
2134 2024 2148 2060 :
2186 2004 2286 2061 Hic
2329 2014 2404 2061 est
2448 1990 2591 2060 Deus
2643 2014 2813 2078 noster
2838 2019 2858 2058 :
2881 2021 2987 2060 non
3034 2005 3355 2076 reputabitur
3397 2006 3534 2059 alius

1912 2109 2096 2172 prater
2137 2100 2326 2170 ipsum.
2379 2097 2582 2155 Invenit
2619 2116 2820 2154 omnem
2843 2099 2979 2154 viam
3007 2100 3234 2156 scientia:
3255 2143 3269 2167 ,
3305 2111 3354 2154 et
3393 2102 3532 2156 dedit

1912 2209 2026 2248 eam
2051 2190 2216 2246 Iacob
2247 2207 2404 2265 puero
2429 2207 2524 2247 suo
2543 2233 2562 2249 .
2593 2202 2639 2245 et
2668 2189 2855 2245 Israeli
2881 2191 3066 2247 dilecto
3102 2208 3218 2247 suo.
3265 2189 3396 2247 Post
3417 2194 3528 2248 hate

1909 2286 1965 2340 in
1993 2286 2140 2340 terris
2159 2285 2295 2340 visus
2314 2294 2408 2354 est,
2437 2293 2484 2340 et
2502 2300 2619 2339 cum
2646 2283 2935 2340 hominibus
2961 2293 3286 2340 conuersatus
3305 2294 3379 2340 est
3404 2283 3534 2365 (Ba.

1896 2377 2038 2432 .mch
2085 2378 2139 2433 δ.
2170 2376 2394 2448 36-58).

1981 2471 2038 2526 ι.
2077 2469 2141 2525 1η
2192 2469 2314 2525 aliis
2358 2485 2574 2541 quoque
2624 2469 2876 2526 omnibus
2923 2470 3135 2528 videbis
3181 2471 3512 2544 prophetas,

1907 2578 2140 2635 quorum
2165 2563 2334 2618 libros
2355 2562 2456 2618 hac
2485 2563 2554 2619 de
2577 2579 2739 2620 causa
2766 2565 2820 2620 iu
2852 2561 3174 2620 hodiernum
3197 2579 3368 2636 usque
3385 2565 3529 2621 diem

1908 2660 2105 2716 frustra
2133 2675 2320 2716 versas
2346 2669 2402 2716 et
2426 2660 2621 2732 agitas,
2643 2660 2763 2716 haec
2789 2660 2969 2715 omnia
2995 2670 3182 2731 aperte
3208 2660 3526 2732 praedicare.

1906 2754 2012 2810 Sed
2041 2753 2311 2824 ejusmodi
2340 2754 2559 2825 quidem
2585 2754 2883 2809 certamina
2910 2767 3058 2824 saepe
3085 2753 3348 2809 adversus
3375 2768 3474 2808 eos
3497 2770 3528 2808 a

1911 2849 2066 2903 nobis
2093 2848 2318 2904 dicenda
2357 2856 2606 2918 suscepta
2637 2858 2766 2903 sunt
2791 2889 2806 2912 ,
2839 2857 2896 2904 ct
2933 2863 3082 2918 saepe
3126 2849 3528 2918 suscipiantur:

1911 2953 2058 2994 nunc
2099 2947 2278 2993 autem
2319 2954 2442 3009 quae
2471 2947 2597 2994 sunt
2621 2950 2869 3010 suscepta
2899 2953 3312 3010 prosequamur.
3347 2938 3413 2994 Et
3437 2956 3533 2994 an-

1905 3029 2213 3085 nuntiabttnt
2230 3027 2351 3082 αεῆ
2358 3025 2637 3099 justitiam
2648 3030 2785 3100 ejus,
2803 3031 3056 3101 quoniam
3075 3029 3214 3085 Deus
3235 3031 3402 3102 judea:
3426 3042 3524 3086 est.

1905 3119 2006 3176 Hic
2050 3119 2180 3175 mihi
2230 3119 2443 3176 videtur
2483 3118 2669 3177 dicere
2716 3119 3019 3190 justitiam,
3067 3122 3358 3176 maximam
3409 3122 3532 3191 ejus

1903 3226 2088 3266 curam
2117 3221 2173 3266 et
2195 3224 2463 3265 summam
2494 3211 2547 3265 in
2570 3226 2674 3266 eos
2700 3211 2848 3280 ipsos
2882 3211 3270 3281 benignitatem
3296 3254 3311 3279 ,
3343 3213 3531 3268 mulli-

1904 3304 2120 3375 plicem,
2146 3303 2351 3357 variam
2377 3317 2442 3358 ac
2467 3301 2856 3356 multiformem
2888 3303 2943 3357 in
2970 3303 3217 3358 homines
3240 3303 3530 3374 providen-

1906 3399 2054 3460 tiam,
2080 3410 2178 3464 per
2201 3396 2561 3462 creationem,
2579 3410 2679 3465 per
2712 3393 2906 3464 legem,
2938 3410 3035 3464 per
3061 3395 3310 3464 gratiam,
3337 3411 3435 3465 per
3461 3413 3527 3452 ea

1901 3505 2024 3560 qua:
2052 3489 2154 3544 sub
2179 3488 2354 3544 visum
2381 3485 2583 3560 cadunt
2604 3527 2622 3552 ,
2654 3494 2710 3540 et
2745 3499 2867 3555 quas
2892 3500 3000 3541 non
3022 3485 3252 3552 cadunt,
3283 3501 3380 3556 per
3403 3502 3529 3559 pro-

1903 3585 2116 3654 phetas,
2149 3597 2244 3650 per
2269 3580 2512 3651 angelos,
2538 3594 2636 3648 per
2659 3579 2955 3648 apestolos,
2983 3594 3080 3648 per
3106 3578 3367 3650 supplicia
3391 3620 3406 3642 ,
3433 3595 3528 3650 per

1901 3672 2184 3737 beneﬁcia,
2210 3687 2304 3741 per
2330 3673 2521 3736 mittas,
2559 3686 2654 3741 per
2683 3671 2972 3740 promissa,
2997 3685 3093 3742 per
3114 3671 3360 3726 ordinem
3395 3679 3526 3726 tem-

1903 3765 2072 3836 poris.
2094 3764 2149 3818 'I.
2174 3763 2332 3824 Audi.
2366 3763 2588 3834 populus
2623 3779 2785 3828 meus,
2811 3771 2858 3816 et
2888 3761 3069 3833 loquar
3099 3762 3207 3827 tibi,
3238 3760 3442 3831 Israel,
3478 3776 3526 3818 et

1900 3855 2208 3924 testiﬁcabor
2227 3856 2316 3910 tibi
2335 3857 2375 3907 ί.
2402 3854 2536 3911 Vide
2566 3869 2754 3910 rursus
2777 3854 3159 3926 benignitatem
3191 3864 3246 3911 et
3270 3872 3524 3912 mansue-

1903 3951 2141 4005 tudinem
2169 3965 2234 4004 ex
2265 3949 2382 4018 ipso
2419 3948 2703 4017 prooemio.
2737 3947 2971 4004 Perinde
3007 3949 3154 4003 enim
3183 3963 3248 4002 ac
3274 3949 3318 4002 si
3358 3947 3524 4002 homo

1899 4043 2167 4114 quispiam
2197 4042 2400 4096 homini
2429 4041 2774 4096 tumultuanti
2801 4051 2856 4096 et
2882 4040 3070 4095 turbas
3089 4042 3342 4096 excitanti
3369 4039 3520 4096 dice-

1899 4143 1983 4189 ret
2006 4131 2098 4188 :Si
2125 4133 2336 4198 audias,
2371 4132 2597 4202 loquar;
2625 4131 2682 4188 Si
2707 4132 2979 4197 attendas,
3012 4132 3187 4187 dicam
3215 4151 3228 4187 :
3252 4133 3326 4187 ita
3352 4133 3517 4188 etiam

1899 4225 2072 4280 servis
2102 4224 2364 4279 Dominus
2390 4241 2403 4277 :
2429 4223 2488 4278 Si
2519 4239 2606 4278 me
2634 4223 2893 4288 audieris,
2913 4223 3106 4295 inquit,
3130 4223 3326 4278 dicam.
3349 4222 3518 4280 Erant

1898 4317 2046 4373 enim
2096 4316 2232 4386 pigri
2271 4328 2336 4370 ac
2383 4316 2749 4386 negligentes,
2777 4325 2834 4370 et
2871 4332 2939 4372 ne
2965 4307 3254 4371 tantillum
3293 4316 3514 4386 quidem

1901 4411 2075 4480 legum
2105 4407 2322 4463 lectioni
2355 4408 2537 4478 quiete
2571 4408 2880 4477 prmbcbant
2930 4423 3110 4462 aures.
3139 4407 3195 4463 ld
3227 4418 3406 4463 autem
3439 4409 3517 4463 si-

1895 4503 2156 4574 gniﬁcans
2178 4502 2443 4570 quispiam
2466 4500 2753 4571 propheta,
2778 4501 2868 4570 qui
2893 4509 3021 4555 tunc
3048 4510 3166 4556 erat
3188 4501 3240 4556 in
3269 4501 3516 4568 Perside,

1895 4595 2107 4651 dicebat
2133 4612 2146 4649 :
2175 4593 2283 4647 Ero
2310 4597 2382 4648 eis
2424 4606 2683 4665 tamquam
2710 4611 2808 4648 rex
2836 4595 3064 4664 psalterii
3101 4596 3251 4648 dulce
3289 4596 3517 4648 canentis

1897 4688 2113 4758 (Ezeclt.
2159 4689 2247 4742 '55.
2296 4685 2409 4758 5‘2).
2443 4687 2600 4756 Sa’pe
2646 4687 2773 4741 item
2820 4687 3075 4740 dicebant
3122 4687 3403 4756 prophetis
3447 4703 3516 4742 ne

1894 4782 2284 4853 prophetarcnt
2309 4782 2384 4849 (⁸5.
2415 4779 2546 4850 Ilcg.
2577 4779 2665 4835 19.
2703 4779 2792 4846 10)
2821 4821 2836 4843 ,
2863 4781 2976 4834 into
3003 4795 3100 4834 eos
3139 4780 3514 4849 repellebant,

1893 4887 2053 4942 atque
2099 4875 2131 4926 ii
2177 4872 2353 4943 urgeri
2398 4872 2718 4926 videbantur
2749 4869 2931 4941 (Zuclt.
2979 4870 3034 4924 7.
3070 4869 3184 4941 11).
3227 4870 3300 4925 Ita
3349 4872 3512 4926 etiam

1892 4967 2118 5020 videtur
2132 4982 2224 5019 rex
2261 4965 2453 5018 minari
2482 4972 2536 5019 et
2562 4964 2858 5034 prtecipere
2889 4964 3050 5020 alicui
3091 4965 3368 5034 propheta:
3399 5008 3412 5030 ,
3445 4982 3514 5022 ne

1893 5059 2152 5129 populum
2181 5066 2447 5112 convocet
2479 5056 2656 5126 (Amos
2685 5057 2737 5110 7.
2774 5057 2886 5126 15).
2918 5055 3060 5110 Deus
3087 5055 3224 5110 Deus
3271 5067 3388 5112 tuus
3417 5077 3513 5129 ego

1891 5169 2004 5206 simi
2035 5150 2165 5221 (λεν.
2311 5150 2387 5220 5).
2429 5150 2546 5204 Non
2591 5160 2794 5206 temere
2834 5152 3004 5220 posita
3060 5162 3146 5206 est
3194 5151 3309 5207 huic
3349 5169 3499 5222 repe-

1893 5245 2011 5297 titio
2042 5261 2055 5296 :
2087 5242 2182 5297 sed
2222 5243 2476 5312 quoniam
2523 5243 2586 5296 iis
2617 5242 2936 5310 loquebatur
2983 5245 3073 5312 qui
3119 5255 3276 5300 erant
3320 5245 3509 5309 surdi,

1889 5336 2087 5406 stupidi
2112 5343 2165 5390 ct
2194 5334 2343 5388 nullo
2373 5350 2535 5388 sensu
2562 5334 2773 5404 prtcditi
2795 5377 2810 5400 ,
2833 5334 3071 5402 loquitur
3096 5335 3162 5392 de
3189 5338 3304 5404 ejus
3336 5336 3512 5392 demi-

1891 5429 2003 5492 nio,
2037 5443 2164 5482 mox
2209 5425 2400 5480 futurae
2445 5426 2774 5480 narrationis
2817 5427 3081 5496 optimum
3130 5428 3256 5482 hinc
3286 5445 3510 5483 sumens

1890 5521 2172 5576 exordium
2197 5562 2212 5586 ,
2243 5520 2537 5575 ostendens
2583 5535 2681 5575 eos
2721 5519 2797 5574 illi
2838 5521 3040 5575 debere
3082 5521 3424 5585 libertatem,
3455 5533 3510 5576 et

1889 5628 2100 5684 aequum
2135 5627 2256 5666 esse
2285 5622 2338 5666 ut
2372 5611 2448 5665 illi
2487 5611 2697 5666 solvant
2741 5611 3016 5678 debitum,
3049 5621 3322 5684 tamquam
3363 5615 3508 5668 servi

1891 5705 2119 5760 Domino
2144 5745 2158 5771 ,
2187 5712 2456 5772 tamquam
2485 5719 2647 5770 Opera
2675 5703 2864 5772 Upiiici
2891 5746 2908 5770 ,
2949 5713 3220 5774 tamquam
3255 5704 3509 5758 maximis

1888 5796 2165 5853 beneﬁciis
2210 5806 2265 5849 ct
2311 5795 2606 5851 honoribus
2655 5795 2855 5850 allecti.
2887 5796 2941 5850 8.
2970 5794 3095 5849 Non
3140 5801 3195 5848 in
3237 5795 3508 5861 sacriﬁciis

1955 5913 1969 5942 ι
2007 5916 2134 5968 titec,
2167 5906 2334 5964 Israel.
2360 5914 2405 5957 et
2423 5905 2717 5971 testiﬁcabor
2741 5907 2845 5969 tibi,
2862 5907 3074 5958 deerant
3095 5908 3143 5958 in
3170 5907 3291 5958 ﬁdit.
3313 5906 3504 5968 κου-εις

1889 5972 1978 6023 sed
2003 5972 2246 6021 habentur
2272 5972 2318 6020 in
