4154 6450
36 592 49 615 ἐ

38 630 79 639 λη

38 596 79 833 ᾖ

30 962 97 983 νὺ

2 989 54 1016 '_
88 1000 95 1011 ι

0 1026 36 1041 ἑ
69 1020 97 1046 ‘,

18 1102 21 1103 ,
65 1089 97 1104 -

0 1128 31 1149 .7.
61 1110 99 1137 ‘~.

18 1157 76 1183 ,ἔ

0 1332 103 1382 ἡ.

42 1445 103 1480 ,7

48 1554 105 1593 3’2

4 1698 21 1705 ,ν
50 1698 105 1734 ξ.

75 1732 105 1754 1

79 1812 105 1824 ἰ

104 1878 109 1887 η

58 1945 109 1985 ⁷)

2 1996 7 2015 ζ
50 1993 107 2019 .⁴,Ι

18 2018 109 2085 γάζξῖ

68 2088 97 2179 Ξ

791 494 893 547 947
1605 472 1660 529 S.
1687 466 1965 529 JOANNIS
1993 457 2469 521 CHRYSOSTOMI
2514 453 2826 511 ARCHIEP.
2866 448 3411 509 CONSTANTINOP.
3964 439 4103 496 248

793 607 892 659 tuis
918 614 1125 672 arguam
1149 606 1191 650 te
1217 611 1231 649 :
1255 594 1549 647 holocausta
1573 599 1742 642 autem
1773 596 1858 639 tua
1882 585 1935 637 in
1960 588 2229 649 conspectu
2259 591 2369 629 meo

792 705 908 750 sunt
926 668 1141 757 semper.
1172 687 1242 740 Ita
1270 685 1427 739 etiam
1462 697 1554 737 eos
1581 686 1830 735 accusant
1854 673 2031 730 creteri
2062 668 2367 741 prephetre.

794 785 934 855 quod
976 783 1185 854 potiore
1211 777 1424 834 virtutis
1469 783 1616 846 parte
1641 777 1945 839 contempta
1968 807 1983 834 ,
2006 764 2191 820 salutis
2221 775 2370 829 spem

798 880 850 933 in
874 882 949 933 eis
978 878 1311 946 reponerent.
1345 869 1426 924 Ad
1456 883 1517 924 se
1543 868 1681 921 enim
1703 859 2065 919 defendendos
2089 856 2204 911 haec
2221 859 2375 908 erant

800 968 1006 1023 allaturi
1030 944 1457 1024 :VSacriﬁcamus,
1483 958 1782 1012 holocausta
1812 950 2104 1007 offerimus.
2138 944 2242 1000 Sed
2269 956 2372 996 non

801 1058 1024 1123 accessi,
1058 1056 1243 1125 inquit,
1273 1056 1339 1108 de
1367 1052 1454 1106 bis
1478 1051 1794 1119 litigaturos,
1818 1058 1919 1099 nec
1946 1040 2085 1111 quod
2112 1038 2226 1092 huic
2249 1049 2377 1089 eon-

804 1157 998 1219 tempta
1025 1154 1205 1203 essent
1230 1158 1323 1198 vos
1350 1151 1708 1197 accusaturus.
1732 1136 1892 1191 isaias
1919 1142 2093 1193 autem
2116 1142 2209 1183 eos
2236 1128 2379 1181 inse-

802 1251 975 1295 ctatur
995 1236 1363 1292 vehementius
1392 1274 1404 1295 .
1429 1232 1648 1287 (licens:
1678 1227 1814 1297 Quid
1853 1223 1978 1279 mihi
2008 1219 2381 1275 multitudinem

801 1330 1169 1398 sacrificiorum
1219 1322 1536 1378 vestrorum?
1588 1319 1779 1374 Plenus
1829 1331 1960 1369 sum.
2013 1311 2382 1366 Holocaustum

805 1424 1036 1485 arietum,
1065 1428 1110 1473 et
1136 1417 1336 1485 adipem
1361 1429 1629 1484 agnorum,
1654 1420 1699 1464 et
1722 1407 2014 1477 sanguinem
2046 1414 2310 1457 taurorum
2335 1407 2382 1454 et

806 1518 1060 1569 hircorum
1104 1511 1241 1565 nolo.
1277 1509 1400 1574 Quis
1439 1506 1569 1560 enim
1610 1501 1865 1570 requisiuit
1908 1500 2015 1553 haec
2056 1497 2119 1550 de
2154 1492 2384 1548 manibus

806 1606 981 1661 vestris
1014 1602 1161 1675 (lsai.
1209 1602 1258 1655 1.
1295 1602 1379 1655 11.
1414 1598 1539 1668 12)?
1568 1596 1724 1665 Atqui
1768 1591 2029 1663 permulta
2078 1588 2217 1643 dicta
2259 1593 2386 1640 sunt

808 1698 874 1751 de
913 1693 1222 1749 sacriﬁciis:
1248 1691 1341 1745 sed
1383 1704 1487 1743 non
1528 1686 1640 1741 lucc
1670 1683 1909 1739 decernit
1954 1692 2221 1749 tamquam
2270 1675 2387 1730 haec

813 1784 1073 1856 praecipue
1107 1781 1264 1848 velit,
1286 1780 1381 1836 sed
1414 1778 1476 1832 ad
1506 1775 1866 1833 infirmitatem
1899 1785 2081 1826 eorum
2110 1783 2169 1823 se
2203 1766 2389 1821 demit-

811 1878 894 1933 tit.
918 1874 1173 1930 Jeremias
1199 1887 1406 1943 queque
1434 1870 1561 1925 dicit
1579 1887 1591 1920 :
1610 1867 1713 1923 Cur
1740 1865 1864 1919 mihi
1885 1868 1986 1934 fers
2011 1863 2123 1916 thus
2142 1876 2205 1913 ea:
2225 1858 2384 1921 Saba,

810 1979 857 2022 et
908 1969 1245 2020 cinamomum
1289 1981 1351 2018 ea:
1393 1973 1527 2016 terra
1570 1960 1843 2029 longinqua
1899 1955 2110 2027 (Jerem.
2158 1952 2213 2008 6.
2257 1950 2388 2023 20)?

811 2058 1009 2113 Omnes
1064 2057 1333 2127 denique,
1385 2062 1442 2108 ut
1494 2052 1658 2107 semel
1709 2051 1918 2113 dicam,
1964 2045 2239 2116 propheta:
2290 2043 2391 2097 hoc

815 2152 944 2206 nihil
973 2150 1147 2219 magni
1185 2163 1304 2203 esse
1332 2148 1532 2201 dicunt.
1559 2144 1818 2212 Quocirca
1848 2142 1963 2210 ipse
2001 2152 2212 2210 quoque
2255 2135 2390 2190 inci-

815 2245 965 2314 piens
993 2243 1070 2296 sic
1097 2242 1223 2295 dicit
1247 2256 1260 2293 :
1283 2238 1419 2291 Deus
1441 2236 1577 2291 Deus
1603 2246 1720 2289 tuus
1740 2250 1829 2303 ego
1856 2248 1967 2285 sum
1989 2247 2007 2285 :
2028 2245 2091 2283 ex
2115 2242 2180 2283 eo
2204 2236 2390 2282 osten-

814 2334 949 2389 dens
978 2334 1091 2401 ipso
1119 2346 1238 2385 esse
1264 2329 1527 2397 indignam
1553 2328 1689 2380 hanc
1716 2323 1923 2379 colendi
1951 2322 2230 2377 rationem.

888 2424 1025 2478 Deus
1050 2433 1104 2476 ut
1131 2424 1194 2476 sit
1218 2404 1485 2483 colendus;
1509 2419 1757 2486 sacriﬁcia
1780 2434 1876 2470 cur
1901 2415 2101 2469 Judteis
2130 2413 2391 2483 permissa.

823 2548 891 2559 —-
907 2517 1072 2571 Deum
1089 2515 1230 2571 enim
1254 2528 1358 2567 non
1383 2513 1548 2578 fumo,
1575 2526 1673 2565 nec
1693 2510 1897 2575 nidore,
1912 2509 2004 2562 sed
2026 2522 2118 2576 per
2138 2505 2395 2576 optimum

820 2610 941 2664 vitze
965 2608 1282 2670 institutum,
1306 2620 1413 2659 non
1441 2618 1776 2674 corporeum,
1804 2602 1896 2657 sed
1930 2602 1980 2654 in
2008 2609 2186 2654 mente
2210 2598 2394 2663 situm,

814 2702 1000 2756 colere
1018 2708 1079 2755 et
1108 2696 1372 2754 honorare
1398 2705 1626 2765 oportet.
1656 2694 1761 2749 Sed
1801 2709 1905 2747 non
1943 2693 2020 2746 sic
2048 2699 2396 2746 externorum

822 2799 1094 2852 daemones
1117 2838 1133 2864 ,
1158 2798 1263 2849 imo
1290 2794 1448 2849 etiam
1478 2793 1592 2846 haec
1629 2791 1910 2858 requirunt
1936 2828 1949 2851 .
1982 2796 2037 2843 et
2062 2786 2163 2841 hoc
2191 2784 2399 2840 videtur

825 2888 1107 2947 ostendere
1134 2888 1346 2958 quidam
1373 2893 1529 2955 poeta
1548 2883 1683 2953 apud
1712 2881 1949 2948 Graecos,

1007 3016 1058 3073 τὲ
1078 3014 1156 3065 ’τδρ
1186 3013 1341 3073 FW"
1376 3010 1626 3073 ﬂectis"?

1010 3071 1107 3113 ttoe
1130 3067 1258 3111 enim
1281 3074 1368 3110 nos
1390 3067 1547 3109 sortiti
1571 3068 1738 3105 sumus
1760 3067 1951 3104 munus.

1443 3118 1621 3182 (Iliad.
1647 3136 1689 3169 Δ.
1710 3131 1751 3166 υ.
1778 3118 1866 3176 to,
1884 3134 1932 3167 Ω.
1953 3129 1997 3165 υ.
2022 3115 2129 3176 7o.)

828 3228 971 3287 Deus
1004 3238 1178 3283 autem
1205 3233 1386 3281 noster
1411 3240 1517 3285 non
1544 3224 1621 3276 sic
1646 3241 1661 3277 :
1688 3223 1761 3275 illi
1788 3221 1929 3275 enim
1957 3220 2243 3274 humanum
2275 3231 2402 3272 san-

824 3321 1040 3392 guinem
1072 3319 1331 3382 sitientes,
1359 3324 1412 3369 et
1436 3328 1529 3369 eos
1555 3312 1618 3365 ad
1651 3314 1745 3366 has
1765 3310 1937 3366 ctedes
1965 3309 2202 3364 volentes
2226 3308 2406 3377 paula-

832 3414 925 3466 tim
953 3410 1218 3481 pellicere,
1252 3407 1366 3460 haac
1390 3404 1637 3474 petebant
1671 3401 1881 3455 assidue
1905 3418 1919 3452 :
1944 3401 2055 3468 ipse
2083 3407 2257 3453 autem
2285 3413 2404 3453 cum

832 3504 992 3558 vellet
1016 3514 1107 3554 eos
1135 3496 1383 3566 paulatim
1409 3509 1437 3548 a
1468 3494 1786 3547 mactatione
1816 3490 2090 3544 brutorum
2117 3489 2406 3553 abducere,

836 3594 935 3648 hae
978 3588 1296 3659 indulgentia
1338 3598 1462 3639 usus
1505 3593 1626 3648 est,
1658 3590 1709 3636 et
1748 3580 1988 3650 permisit
2027 3579 2285 3633 sacriﬁcia
2309 3620 2324 3643 ,
2354 3588 2411 3632 ut

834 3680 1089 3736 sacriﬁcia
1130 3677 1360 3731 tolleret.
1387 3673 1440 3728 9.
1470 3671 1591 3726 Non
1620 3673 1866 3741 accipiam
1891 3670 1953 3723 de
1982 3669 2131 3723 domo
2168 3679 2254 3722 tua
2282 3671 2411 3721 vitu-

834 3773 911 3826 los
936 3811 949 3835 ,
976 3783 1131 3838 neque
1173 3766 1235 3818 de
1270 3762 1500 3835 gregibus
1537 3761 1635 3813 tuis
1667 3760 1851 3813 hircos.
1884 3760 1971 3814 10.
2008 3759 2261 3825 Quoniam
2293 3772 2414 3811 mea:

835 3872 948 3917 sunt
967 3875 1131 3913 omnes
1150 3858 1277 3926 {erle
1297 3856 1569 3925 sylvarum,
1593 3853 1825 3922 jumenta
1844 3850 2159 3903 imitantibus
2180 3859 2225 3901 et
2246 3849 2410 3903 bores.

837 3956 924 4009 11.
967 3950 1183 4021 Cognovi
1212 3948 1379 4001 omnia
1408 3930 1633 3998 volatilia
1666 3943 1775 3996 εωιὶ
1804 3984 1819 4007 ,
1849 3950 1892 3995 et
1946 3941 2265 4010 pulchritudo
2305 3942 2416 4010 agri

838 4060 1031 4098 mecum
1049 4052 1140 4094 est.
1168 4040 1298 4093 Vide
1323 4036 1589 4107 quomodo
1615 4032 1863 4104 paulatim
1893 4035 2049 4102 erigit
2073 4049 2259 4088 eorum
2297 4037 2414 4087 ani-

842 4152 1009 4200 mum,
1041 4134 1127 4203 qui
1162 4132 1211 4184 in
1254 4140 1420 4183 terras
1447 4128 1607 4183 deﬁxi
1646 4136 1799 4180 erant
1822 4167 1835 4189 .
1864 4134 2181 4179 excaecatam
2230 4141 2415 4180 eorum

844 4233 1077 4281 mentem
1112 4220 1376 4290 aperiens,
1405 4229 1457 4271 et
1483 4216 1774 4271 ostendens
1802 4230 1860 4269 se
1890 4214 2003 4268 haec
2026 4214 2275 4284 jussisse,
2311 4232 2414 4270 non

844 4316 983 4388 quod
1008 4317 1086 4370 eis
1119 4321 1327 4381 egeret,
1356 4325 1453 4364 nec
1479 4311 1595 4379 lege
1624 4309 1863 4361 sanxisse
1888 4308 2026 4375 quod
2055 4324 2116 4361 ea
2145 4309 2415 4377 probaret.

845 4410 900 4465 Si
930 4408 1096 4468 enim,
1124 4404 1311 4471 inquit,
1340 4403 1409 4454 ita
1442 4401 1543 4454 coli
1573 4399 1761 4452 vellem
1781 4440 1795 4464 ,
1821 4413 1941 4451 cum
1969 4414 2180 4453 omnem
2224 4411 2417 4455 terram

847 4515 963 4569 qua:
994 4497 1093 4550 sub
1114 4495 1227 4548 sole
1253 4502 1335 4547 est
1356 4491 1641 4553 obtineam,
1672 4499 1724 4543 et
1748 4490 1925 4543 omnia
1958 4491 2271 4555 creaverim,
2299 4506 2423 4560 pro-

847 4605 1087 4646 curarem
1120 4596 1177 4640 ut
1223 4584 1351 4638 mihi
1400 4583 1539 4635 lauta
1580 4592 1634 4635 et
1662 4581 1879 4650 opipara
1926 4582 2113 4636 fierent
2140 4582 2420 4637 sacriﬁcia.

851 4681 1051 4736 Deinde
1078 4693 1169 4732 eos
1194 4677 1351 4730 etiam
1382 4674 1608 4731 irridens
1637 4689 1699 4727 ac
1725 4673 2141 4742 reprehendens,
2174 4685 2231 4729 ut
2258 4678 2426 4746 magis

854 4782 1045 4843 pungat
1069 4770 1352 4835 accusatio,
1377 4766 1784 4835 subjunxit:12.
1806 4766 1868 4820 Si
1891 4767 2126 4835 esuriero,
2141 4785 2240 4821 non
2260 4769 2426 4821 dicant

854 4866 977 4920 tibi:
1001 4879 1140 4917 meus
1174 4870 1245 4915 est
1283 4862 1415 4914 enim
1442 4860 1573 4913 orbis
1613 4870 1756 4911 terra:
1781 4868 1826 4911 et
1855 4859 2109 4928 plenitudo
2134 4863 2260 4929 ejus.
2294 4861 2427 4928 Quia

855 4954 994 5009 enim
1030 4954 1142 5023 ipse
1180 4966 1241 5006 ea
1270 4950 1569 5014 concessit,
1600 4957 1655 5001 ut
1681 4964 1771 5002 eos
1795 4948 2042 5017 paulatim
2073 4951 2138 5003 ab
2163 4951 2239 5004 eis
2264 4951 2429 5005 abdu-

854 5055 1032 5110 ceret;
1061 5045 1157 5112 ipsi
1184 5052 1359 5097 autem
1398 5042 1448 5095 in
1475 5057 1533 5096 re
1558 5041 1697 5096 adeo
1731 5041 1817 5094 vili
1863 5024 1915 5094 et
1939 5042 2140 5109 abjeeta
2189 5046 2432 5111 perstite-

859 5146 997 5201 runt,
1027 5151 1145 5189 cum
1175 5150 1237 5189 ex
1266 5149 1326 5187 ea
1358 5132 1677 5200 indulgentia
1703 5131 1900 5185 nullum
1929 5147 2173 5201 magnum
2203 5132 2430 5189 fructum

860 5229 1122 5296 cepissent
1147 5245 1158 5278 :
1184 5235 1460 5295 propterea
1492 5225 1721 5277 crassius
1744 5234 1797 5277 et
1828 5223 2108 5279 humanius
2138 5224 2431 5295 disserens,

863 5320 1026 5373 dicit:
1054 5318 1113 5373 Si
1150 5318 1364 5371 esuriero
1389 5358 1401 5380 ,
1433 5332 1531 5369 non
1577 5315 1663 5368 tibi
1711 5316 1896 5367 dicam.
1943 5316 2053 5370 lloc
2093 5326 2172 5370 est
2195 5356 2208 5380 ,
2254 5316 2434 5386 Neque

866 5413 1067 5476 esurio;
1097 5410 1235 5464 Deus
1260 5409 1401 5462 enim
1434 5422 1538 5460 non
1568 5407 1763 5461 esuriet
1783 5447 1796 5474 ,
1830 5421 1999 5475 neque
2029 5406 2431 5479 defatigabitur;

867 5520 966 5561 nec
992 5505 1033 5559 si
1066 5503 1145 5557 his
1173 5504 1359 5556 vellem
1388 5501 1511 5564 coli,
1544 5501 1792 5556 deessent
1817 5502 1941 5565 mihi
1973 5502 2244 5569 innumera
2272 5504 2436 5558 sacri-

866 5598 980 5652 ficia
1008 5604 1060 5650 et
1078 5595 1398 5649 holocausta.
1422 5593 1605 5648 Omnia
1628 5593 1765 5648 enim
1788 5592 1914 5645 mihi
1941 5592 2133 5647 aliatim
2156 5602 2209 5648 et
2231 5594 2439 5649 abunde

868 5697 1173 5759 suppetunt,
1204 5696 1255 5740 et
1281 5701 1399 5740 cum
1440 5688 1537 5739 sim
1566 5690 1676 5755 ipse
1705 5685 1957 5738 Dominus
1983 5726 1995 5747 ,
2025 5699 2139 5740 mea
2166 5686 2285 5738 volo
2315 5702 2341 5737 a
2389 5695 2441 5740 te

870 5781 1129 5849 accipere,
1162 5788 1215 5833 ut
1244 5778 1344 5833 hac
1369 5778 1447 5831 via
1471 5787 1523 5831 et
1548 5778 1749 5832 ratione
1782 5786 1833 5831 te
1862 5776 1927 5831 ad
1954 5792 2125 5831 meam
2156 5777 2441 5832 amicitiam

870 5874 1151 5936 attraham,
1177 5882 1228 5924 ct
1254 5886 1280 5923 a
1308 5885 1481 5925 rerum
1506 5871 1736 5923 inaniunt
1763 5869 2143 5926 consuetudine
2162 5870 2439 5926 abducam.

2550 572 2603 627 5.
2633 569 2780 637 Quod
2802 571 2865 623 sit
2878 569 2987 622 Deo
3011 577 3209 637 gratum
3228 563 3555 631 sacri/icium.
3572 588 3641 599 —
3659 555 3857 611 Deinde
3885 569 4115 609 rursus

2479 666 2685 734 erigens
2707 662 2770 716 ad
2794 663 2845 716 id
2866 661 3003 732 quod
3024 670 3105 714 est
3131 656 3429 719 sublimius,
3453 651 3757 721 subiunxit:
3784 650 3872 722 13.
3900 646 3953 700 Ν
3961 663 4105 700 um-

2478 759 2599 828 quid
2616 755 2928 809 manducabo
2955 768 3131 807 carnes
3158 762 3440 809 taurorum,
3469 755 3556 799 aut
3586 743 3880 814 sanguinem
3906 742 4117 794 hirco—

2478 866 2593 903 rum
2642 848 2869 915 νοτηινοέ
2921 846 3085 909 llaec,
3135 842 3340 911 inquit,
3391 854 3461 895 ne
3507 836 3811 892 hominibus
3855 832 4108 903 quidem

2477 942 2610 1010 jussi
2636 940 2829 1003 facere,
2855 936 2948 991 sed
2974 936 3131 990 etiam
3157 933 3446 987 maximum
3476 927 3726 984 constitui
3753 923 4109 993 supplicium

2482 1032 2548 1086 iis
2571 1030 2661 1100 qui
2688 1022 2973 1084 vescuntur
2995 1024 3252 1094 sanguine
3277 1021 3459 1091 (Leuit.
3484 1020 3535 1072 7.
3564 1017 3652 1072 16.
3675 1017 3764 1071 26.
3788 1015 3905 1082 27).
3934 1011 4121 1079 Quo—

2482 1123 2643 1178 modo
2680 1135 2806 1190 ergo
2852 1117 3141 1187 indigerent
3183 1112 3476 1182 sanguine,
3510 1109 3600 1178 qui
3641 1120 3827 1181 servos
3870 1116 4030 1158 meos
4062 1118 4113 1153 τι

2482 1215 2577 1270 tali
2600 1228 2719 1268 esca
2745 1208 2991 1265 abduco?
3016 1207 3151 1261 Cum
3180 1204 3299 1259 haec
3320 1215 3449 1272 ergo
3484 1197 3663 1254 omnia
3690 1195 3999 1265 repulisset.
4035 1199 4121 1245 et

2485 1320 2545 1360 se
2573 1319 2691 1359 esse
2722 1302 2934 1370 indigna
2954 1296 3297 1359 ostendisset,
3328 1290 3829 1357 accusationemque
3852 1284 4119 1355 pernm!-

2486 1398 2556 1452 tis
2582 1393 2855 1451 deridendi
2881 1406 3041 1447 causa
3064 1388 3219 1444 dictis
3244 1385 3593 1456 respersisset
3616 1421 3632 1447 ,
3657 1396 3764 1435 non
3804 1379 3892 1434 hic
3920 1377 4113 1431 ﬁnem

2488 1487 2737 1557 loquendi
2780 1486 2903 1540 fecit
2926 1524 2941 1547 ,
2963 1482 3056 1538 sed
3084 1480 3317 1536 ostendit
3349 1478 3512 1531 alium
3541 1473 3787 1532 sacriﬁcii
3820 1470 4046 1527 modum
4087 1512 4116 1534 ,

2491 1579 2700 1634 functus
2729 1577 2828 1632 hac
2852 1576 2905 1630 in
2929 1590 2987 1629 re
3008 1572 3191 1643 optimi
3216 1569 3413 1626 medici
3447 1566 3643 1629 ofﬁcio,
3674 1573 3733 1619 ut
3760 1563 4037 1617 abducens
4066 1577 4118 1614 ει

2489 1672 2647 1727 rebus
2691 1667 3002 1730 inutilibus,
3033 1680 3095 1720 ea
3135 1677 3253 1733 qua:
3294 1662 3485 1731 juvare
3531 1658 3740 1729 possint
3776 1654 4121 1709 vulneribus

2490 1763 2738 1831 applicet.
2798 1760 3082 1827 Postquam
3126 1753 3270 1810 enim
3322 1752 3441 1807 haec
3487 1750 3757 1819 perfecit,
3787 1747 3962 1801 dicit:
3997 1745 4112 1798 14».

2491 1854 2712 1911 Immola
2740 1852 2866 1905 Deo.
2896 1851 2961 1905 Et
2980 1847 3247 1919 quomodo
3273 1841 3615 1899 sacriﬁcabo?
3640 1841 3830 1908 inquit.
3870 1838 4124 1904 Absque

2492 1946 2765 2016 sanguine.
2792 1942 2903 1998 Hoc
2926 1942 3066 1997 enim
3091 1936 3409 1994 sacriﬁcium
3433 1925 3542 1990 Deo
3565 1932 3795 1987 maxime
3815 1929 4113 1983 convenit.

2497 2040 2559 2094 Et
2590 2039 2709 2092 ideo
2739 2051 2859 2091 cum
2886 2033 3141 2096 dixisset,
3166 2029 3388 2085 Immola
3420 2027 3547 2093 Deo,
3580 2023 3876 2094 subiunxit,
3910 2021 4123 2076 Sacri-

2496 2130 2669 2199 ﬁcium
2701 2126 2867 2180 laudis
2892 2139 2911 2177 :
2933 2124 3034 2177 hoc
3060 2131 3172 2186 est,
3200 2120 3491 2191 gratiarum
3530 2114 3756 2170 actionis
3778 2156 3791 2178 ,
3813 2126 4121 2167 sacrorum

2498 2220 2851 2292 hymnorum,
2879 2214 3059 2285 gloria:
3091 2227 3185 2282 per
3228 2211 3367 2266 bona
3408 2221 3570 2275 Opera
3612 2205 3724 2259 Deo
3771 2199 4119 2258 tribuendae.

2497 2290 2649 2378 Quod
2693 2317 2867 2362 autem
2910 2304 3075 2367 dicit,
3102 2310 3185 2358 est
3210 2298 3472 2370 ejusmodi
3498 2316 3512 2348 :
3538 2297 3611 2351 lta
3643 2297 3789 2349 vivas
3814 2301 3873 2347 ut
3907 2290 4120 2345 Domi-

2499 2416 2599 2458 nus
2646 2409 2767 2454 tuus
2806 2396 3153 2466 glorificetur.
3186 2390 3341 2459 Quod
3384 2389 3546 2444 etiam
3591 2386 3838 2441 Christus
3874 2382 4067 2437 docuit
4102 2423 4125 2441 .

2500 2493 2684 2547 dicens
2712 2506 2727 2543 :
2756 2487 2943 2542 Luceat
2971 2486 3058 2539 lux
3081 2492 3244 2537 vestra
3273 2466 3445 2535 coram
3472 2476 3756 2531 hominibus
3777 2517 3792 2541 ,
3816 2482 3869 2527 ut
3892 2472 4121 2526 uideant

2500 2583 2630 2637 bona
2657 2590 2820 2635 vestra
2845 2595 2998 2648 Opera
3017 2619 3031 2640 ,
3060 2584 3105 2628 et
3130 2574 3413 2645 gloriﬁcent
3438 2568 3647 2624 Patrem
3672 2575 3889 2620 vestrum
3930 2564 4019 2633 qui
4048 2563 4127 2615 in

2502 2676 2639 2729 uelis
2679 2671 2789 2741 est(
2817 2671 3000 2724 Matth.
3033 2663 3246 2737 5.16).
3280 2662 3423 2717 Laus
3468 2660 3611 2715 enim
3659 2656 3789 2711 nihil
3828 2653 3973 2709 aliud
4018 2664 4132 2708 est.

2501 2781 2659 2838 quam
2688 2763 2919 2819 laudatio
2942 2802 2956 2825 ,
2984 2760 3148 2830 gloria
3175 2765 3229 2812 et
3256 2752 3563 2811 celebratio.
3596 2750 3677 2804 Sit
3705 2761 3833 2818 ergo
3862 2746 3969 2799 vita
4013 2754 4126 2799 tua

2502 2856 2783 2929 ejusmodi,
2809 2862 2867 2908 ut
2895 2862 3016 2907 tuus
3046 2850 3289 2905 laudetur
3313 2862 3375 2901 ac
3401 2845 3703 2900 celebretur
3736 2840 4012 2900 Dominus,
4046 2849 4127 2893 et

2506 2948 2800 3019 perfectum
2828 2945 3065 3000 obtulisti
3095 2940 3437 2995 sacriﬁcium.
3467 2937 3579 2990 Hoc
3605 2934 3926 2989 sacrificium
3957 2931 4125 2986 Pau—

2508 3042 2591 3096 lus
2626 3054 2835 3109 quoque
2870 3036 3112 3114 requirit,
3144 3033 3325 3088 dicens
3354 3053 3367 3087 :
3406 3028 3649 3084 Ezhibete
3687 3027 3911 3081 membra
3941 3034 4132 3081 vestra

2508 3132 2722 3187 hostiam
2749 3132 2987 3184 viventem
3004 3170 3020 3194 ,
3042 3136 3269 3181 sanctam
3288 3166 3303 3189 ,
3337 3122 3445 3177 Deo
3489 3122 3769 3191 placentem
3797 3118 3969 3192 (Rom.
4014 3120 4126 3173 1‘2.

2509 3226 2583 3296 1).
2614 3226 2680 3280 Et
2705 3238 2892 3279 rursus
2920 3221 3007 3275 hic
3033 3220 3144 3289 ipse
3172 3215 3429 3287 propheta
3461 3213 3586 3268 alibi
3616 3231 3628 3264 :
3654 3211 3897 3265 Laudabo
3922 3227 4134 3264 nomen

2511 3317 2607 3372 Dei
2643 3317 2741 3368 mei
2780 3330 2892 3368 cum
2923 3313 3117 3366 cantico
3136 3350 3151 3373 ,
3178 3306 3515 3378 magniﬁcabo
3556 3306 3724 3373 ipsum
3763 3303 3817 3356 in
3847 3302 3998 3355 laude
4020 3320 4040 3355 :
4074 3312 4135 3355 et

2513 3406 2726 3479 placebit
2747 3405 2853 3459 Deo
2882 3405 2995 3474 plus
3018 3418 3165 3470 quam
3193 3400 3378 3454 vitulus
3393 3398 3597 3468 juvenis
3617 3412 3808 3450 cornua
3828 3394 4135 3465 producens

2512 3510 2561 3554 et
2598 3498 2814 3569 ungulas
2839 3495 3008 3561 (Psal.
3053 3494 3142 3549 68.
3183 3493 3272 3547 51.
3304 3490 3374 3547 32
3397 3492 3440 3561 ).
3472 3489 3550 3544 Ita
3588 3490 3749 3544 etiam
3792 3486 4136 3545 sacriﬁcavit

2512 3590 2613 3645 Job
2641 3596 2761 3657 post
2786 3587 2965 3655 plagas
2989 3586 3105 3638 illas
3130 3598 3245 3654 qua:
3267 3590 3511 3637 naturam
3543 3579 3887 3649 superabant,
3910 3579 4136 3647 gratias

2513 3692 2697 3749 agens,
2726 3688 2780 3732 et
2810 3678 2923 3730 haec
2940 3674 3102 3729 verba
3127 3675 3381 3743 loquens:
3407 3670 3658 3726 Dominus
3683 3672 3841 3737 dedit,
3866 3669 4133 3727 Dominus

2516 3770 2715 3823 abstulit
2734 3786 2749 3821 :
2766 3769 2894 3822 sicut
2912 3763 3142 3820 'Domino
3172 3764 3381 3835 placuit,
3405 3765 3478 3815 ita
3500 3766 3690 3833 factum
3711 3771 3785 3815 est
3806 3778 3824 3815 :
3845 3762 3907 3815 sit
3927 3778 4131 3817 nomen

2519 3860 2725 3914 Domini
2762 3857 3069 3913 benedictum
3106 3857 3158 3908 in
3186 3855 3393 3909 sarcula.
3425 3854 3492 3906 Et
3520 3854 3674 3907 redde
3702 3852 3957 3907 Altissimo
3996 3863 4130 3907 nota

2519 3964 2607 4007 tua
2653 3951 2773 4020 (Job
2802 3952 2850 4004 1.
2877 3950 2993 4017 21).
3028 3948 3125 4002 Hic
3163 3947 3291 4000 dicit
3316 3945 3733 4014 supplicationes
3757 3986 3771 4008 ,
3802 3944 4030 3998 suadens
4062 3954 4131 3998 ut

2522 4046 2573 4099 in
2619 4042 2859 4098 oratione
2913 4039 3123 4094 assidue
3161 4050 3569 4106 perseveremus
3592 4078 3607 4102 ,
3640 4046 3693 4089 et
3731 4050 3853 4105 quas
3888 4034 4126 4106 professi

2523 4136 2777 4190 fuerimus
2824 4146 2943 4184 cum
2992 4128 3265 4184 celeritate
3305 4126 3614 4181 reddamus.
3658 4125 3885 4180 Pulchre
3935 4136 4126 4180 autem

2524 4228 2697 4290 dixit,
2732 4224 2924 4276 Redde.
2958 4223 3085 4276 Post
3115 4218 3525 4288 promissionem
3568 4219 3709 4272 enim
3760 4233 3846 4272 res
3886 4216 4131 4272 efficitur

2525 4318 2781 4373 debitum.
2813 4314 2901 4368 Sic
2932 4316 3082 4367 Anna
3110 4311 3328 4365 tradidit
3361 4310 3527 4363 ﬁlium
3549 4350 3562 4373 ,
3594 4318 3654 4363 ut
3681 4308 3916 4363 debitum
3942 4311 4126 4364 maxi-

2527 4424 2670 4463 mum
2700 4406 2775 4477 (1.
2806 4404 2932 4475 Reg.
2964 4404 3015 4457 1.
3046 4402 3157 4472 28).
3185 4402 3261 4455 Tu
3287 4416 3414 4470 ergo
3445 4400 3558 4454 sive
3588 4400 3863 4469 promittas
3887 4400 4129 4455 eleemo-

2527 4514 2713 4569 synam
2740 4538 2752 4559 ,
2786 4496 2898 4550 sive
2927 4495 3086 4547 vitam
3116 4492 3362 4563 pudieam
3386 4533 3401 4557 ,
3426 4492 3541 4545 sive
3582 4490 3781 4560 aliquid
3810 4490 3951 4544 aliud
3975 4492 4087 4545 tale
4107 4532 4124 4556 ,

2528 4591 2592 4643 ad
2623 4588 2672 4643 id
2698 4587 3079 4642 exsolvendum
3110 4584 3321 4639 festina.
3351 4583 3407 4638 Si
3435 4583 3554 4652 quis
3581 4573 3760 4637 autem
3790 4591 3971 4639 exacte
3994 4600 4126 4653 per-

2531 4679 2804 4750 penderit,
2836 4678 2935 4733 etsi
2980 4677 3197 4730 minime
3241 4675 3612 4741 promittatur,
3640 4676 3811 4729 virtus
3853 4684 4027 4729 tamen
4072 4675 4124 4730 ei

2528 4757 2773 4828 debetur.
2801 4770 2855 4825 Id
2882 4779 3055 4824 autem
3086 4768 3329 4822 Christus
3357 4767 3686 4836 signiﬁcans,
3721 4767 3968 4823 dicebat:
3996 4768 4128 4832 Qua:

2531 4866 2663 4918 enim
2713 4863 2974 4916 debuimus
3024 4865 3190 4931 facere
3213 4902 3227 4923 ,
3256 4860 3468 4928 fecimus
3513 4856 3662 4926 (Luc.
3695 4858 3782 4912 17.
3819 4858 3929 4927 10).
3959 4858 4124 4928 Atqui

2532 4955 2671 5010 dixit
2700 4954 3001 5023 parabolam
3029 4951 3189 5011 servi,
3221 4951 3303 5003 cui
3332 4958 3449 5003 erat
3478 4950 3755 5005 minimum
3785 4951 4123 5020 imperatum,

2534 5062 2727 5116 nempe
2756 5056 2813 5099 ut
2843 5060 2945 5099 non
2977 5043 3345 5108 aecumberet,
3379 5042 3473 5096 sed
3503 5044 3755 5097 transiret
3783 5051 3838 5098 et
3861 5045 4127 5098 ministra-

2534 5148 2635 5195 ret.
2669 5138 2889 5205 Quidam
2913 5146 3088 5190 autem
3111 5151 3319 5206 quoque
3344 5135 3475 5190 dicit
3500 5154 3512 5187 :
3542 5135 3623 5189 Ne
3652 5136 3925 5190 tardaveris
3947 5138 4127 5190 redde—

2536 5249 2591 5286 re
2615 5241 2779 5284 votum
2807 5240 2947 5282 tuum
2973 5227 3159 5301 (Eccli.
3192 5228 3244 5283 5.
3274 5227 3351 5299 5).
3382 5227 3661 5282 Pollicitus
3687 5227 3782 5281 es?
3816 5226 3991 5282 Redde
4014 5270 4029 5292 ,
4058 5241 4126 5282 ne

2540 5323 2675 5376 forte
2705 5334 2850 5373 mors
2874 5328 2925 5373 te
2952 5318 3181 5385 invadat,
3207 5327 3260 5372 et
3292 5318 3341 5371 id
3367 5317 3657 5371 rescindat.
3684 5318 3751 5371 Et
3770 5317 3892 5387 quid
3912 5317 3977 5371 ad
4006 5315 4127 5371 me?

2542 5412 2751 5481 inquit:
2781 5410 2886 5463 vita
2916 5410 3056 5464 enim
3089 5423 3193 5463 non
3226 5417 3342 5463 erat
3380 5407 3431 5462 in
3465 5424 3581 5462 mea
3607 5417 3885 5477 potestate.
3920 5409 3983 5463 Et
4006 5410 4125 5463 ideo

2542 5502 2759 5559 diﬁerre
2784 5515 2890 5555 non
2919 5501 3147 5569 oportuit
3175 5541 3189 5565 ,
3220 5500 3347 5554 dum
3379 5501 3581 5567 cogitas
3612 5516 3731 5555 esse
3758 5501 4009 5556 incertum
4036 5517 4125 5556 ex-

2545 5599 2695 5658 itum,
2720 5604 2772 5648 et
2800 5608 2905 5647 non
2935 5607 3054 5647 esse
3084 5592 3135 5646 in
3169 5602 3251 5645 tua
3283 5600 3548 5660 potestate
3574 5600 3666 5646 aut
3690 5594 3887 5657 vivere,
3913 5603 3999 5646 aut
4027 5593 4123 5646 hoc

2545 5702 2576 5742 e
2604 5686 2720 5739 loco
2745 5684 3021 5740 excedere.
3044 5684 3191 5751 Quod
3212 5698 3340 5753 ergo
3370 5683 3566 5737 videris
3598 5699 3692 5753 pro
3722 5695 3805 5739 tua
3828 5684 4123 5741 defensione

2548 5777 2757 5841 aﬁ'erre,
2781 5776 2834 5831 id
2858 5776 3012 5845 plane
3042 5785 3094 5829 te
3123 5775 3313 5844 arguit.
3346 5773 3530 5843 Neque
3560 5774 3701 5828 enim
3730 5790 3873 5830 mors
3898 5776 3948 5829 in
3970 5790 4119 5829 causa

2552 5869 2668 5937 fuit,
2690 5866 3254 5940 quominus‘rcdderes,
3274 5866 3367 5922 sed
3383 5877 3639 5922 tua‘mora
3657 5882 3717 5923 ac
3738 5868 3936 5923 dilatio.
3956 5866 4034 5920 15.
4061 5861 4118 5916 Et
