4154 6434
171 318 248 371 ιω

168 446 316 488 mansa
335 443 418 483 ore
445 428 503 479 in
528 422 618 475 die
634 409 980 473 tribulationis
1002 416 1118 469 tum,
1148 412 1193 458 et
1211 414 1385 456 eruam
1402 405 1470 461 te,
1493 400 1536 447 et
1553 384 1757 444 honori-

465 513 641 569 Vides
666 506 943 577 copiosam
964 499 1083 556 dari
1110 491 1413 551 mercedem
1424 480 1612 594 Y‘Qulid
1632 492 1761 549 ergo

164 575 316 690 ;otest
336 606 587 668 conferri
610 575 871 660 cumbae
898 590 1229 690 benignitate
1249 627 1267 653 ,
1295 579 1510 690 quando
1535 575 1629 678 dat
1661 585 1761 628 no-

160 667 565 767 ;zterccdem
592 691 815 751 virtutis
840 731 856 754 ,
884 696 942 743 et
977 677 1283 740 mercedem
1310 675 1471 742 longe
1498 667 1762 767 majorem

433 837 453 861 ,
495 803 682 861 eaque
727 785 888 841 datur
931 780 989 835 in
1030 783 1297 861 tempore
1321 760 1630 861 admodum.
1662 770 1763 825 op-

437 848 543 940 Ἐι
585 848 733 941 ξω,
781 870 988 964 inquit,
1034 863 1231 964 dixit":
1254 856 1463 964 .Inuofa
1486 848 1640 964 ﬁmi:
1664 859 1768 964 cur

461 933 542 1029 εἰ
568 933 795 1024 anubis
822 933 1144 1018 invocetur?
1171 949 1373 1006 Valens
1401 945 1463 1049 in
1486 938 1644 997 nobis
1681 933 1766 1039 ef.

160 1027 299 1131 te;
314 1027 596 1137 majorem
626 1054 1064 1116 familiaritatem,
1082 1055 1139 1103 et
1160 1035 1618 1137 vehementiorem
1635 1027 1770 1131 ami-

159 1120 588 1223 ῖῶῗᾶῖιηὰο,
620 1144 945 1208 invocanda.
975 1149 1031 1197 et
1057 1130 1388 1207 accipiendo.
1413 1126 1598 1182 Virtus
1625 1120 1770 1223 enim

161 1212 648 1312 mamiliarem
692 1234 1144 1304 efﬁcit;idipsum
1188 1224 1315 1281 facit
1359 1212 1768 1277 remuneratio:

160 1311 326 1402 rursus
348 1351 547 1396 autem
572 1343 709 1391 vota
733 1346 798 1400 ac
826 1339 1014 1399 preces
1043 1322 1181 1377 hanc
1210 1311 1630 1402 familiaritatem
1645 1322 1777 1402 con?

160 1391 616 1486 iisiiss...
638 1396 810 1478 dicit:
830 1391 912 1473 ba
929 1414 1085 1474 mihi,
1108 1417 1165 1466 et
1187 1409 1259 1463 do
1279 1406 1380 1462 tibi
1429 1394 1647 1473 (natm.
1680 1391 1770 1486 is.

166 1482 622 1593 lsiQu'netiam
653 1512 711 1566 in
754 1506 933 1563 dando
971 1497 1300 1593 unaaccipis
1324 1513 1339 1549 :
1364 1493 1479 1593 ipse
1516 1486 1659 1543 enim
1689 1482 1775 1540 his

165 1583 255 1670 seu
547 1599 919 1672 Quamobrem
939 1594 1043 1651 etsi
1069 1590 1236 1647 fueris
1261 1583 1593 1681 moderatus,
1621 1590 1776 1681 man-

165 1669 331 1761 metns
353 1743 371 1769 ,
396 1669 462 1757 et
486 1669 729 1770 pudicus
745 1733 762 1757 ,
789 1691 899 1746 Deo
924 1686 995 1744 ex
1019 1684 1125 1741 hoc
1150 1695 1258 1737 non
1284 1673 1485 1770 aliquid
1507 1669 1773 1770 accessit,

579 1781 818 1842 eﬂecisti
860 1777 1141 1835 meliorem
1178 1789 1195 1828 :
1229 1767 1300 1865 ct'
1326 1776 1508 1865 tamen
1554 1776 1652 1835 pro
1690 1758 1777 1865 bis

449 1896 586 1952 qua
606 1879 783 1948 ipsum
806 1873 1077 1943 juvarent,
1104 1858 1479 1958 maximas
1502 1853 1781 1913 mercedes

168 1989 214 2036 et
524 1966 833 2027 constituit.
866 1959 1173 2031 Quinetiam
1210 1962 1339 2011 ante
1383 1950 1502 2007 illas
1545 1959 1778 2003 coronas

169 2085 262 2125 sua
286 2079 458 2137 parva
483 2060 771 2129 voluptate
796 2051 1014 2117 frueris,
1045 2055 1106 2105 ut
1129 2046 1220 2119 qui
1248 2044 1445 2100 bonam
1471 2050 1646 2097 tecum
1671 2036 1780 2137 cir-

171 2126 425 2217 cumferas
451 2126 860 2210 conscientiam
875 2186 893 2209 ,
919 2151 976 2198 et
999 2141 1140 2196 bona
1167 2150 1264 2207 spe
1289 2135 1343 2190 in
1364 2140 1640 2211 posterum
1664 2126 1778 2184 eri—

172 2252 320 2320 pris.
354 2248 519 2303 Diem
545 2250 735 2297 autem
758 2234 1070 2292 afﬂictionis
1092 2231 1181 2286 hic
1201 2226 1353 2294 dicit,
1375 2239 1486 2280 non
1506 2219 1784 2279 calamita—

174 2318 293 2405 tum.
315 2356 427 2397 nec
451 2336 808 2394 fortuitorum
828 2341 1074 2391 casuum,
1096 2322 1192 2380 sed
1212 2321 1339 2393 quia
1362 2318 1475 2375 sive
1499 2322 1778 2387 peccatum

178 2436 300 2490 bello
324 2434 563 2501 impetat
587 2468 605 2491 ,
628 2426 746 2480 sive
767 2420 1014 2478 diabolus
1036 2414 1279 2473 obsideat
1318 2409 1488 2501 malas
1521 2405 1783 2462 invehens

175 2498 512 2597 cupiditates,
530 2530 793 2587 magnum
814 2509 1068 2567 auxilium
1083 2502 1407 2575 assequeris.
1430 2498 1500 2554 Et
1516 2512 1693 2553 eruam
1710 2504 1779 2559 te,

178 2630 216 2672 rt
253 2610 632 2682 honoriﬁcabis
655 2623 756 2662 me.
783 2604 898 2660 Hoc
925 2614 1115 2657 rursus
1141 2597 1305 2661 dicit,
1335 2608 1444 2649 non
1474 2605 1640 2661 egens
1678 2602 1782 2643 no-

178 2720 274 2764 stra
298 2679 478 2778 gloria
504 2696 812 2774 (quomodo
839 2694 984 2750 enim
1012 2699 1231 2762 egeret,
1257 2687 1349 2758 qui
1377 2694 1461 2741 est
1487 2684 1628 2738 Deus
1671 2679 1787 2751 glo-

186 2804 262 2856 i:
276 2773 369 2871 τύ),
396 2797 501 2854 sed
542 2803 606 2850 ut
646 2806 747 2862 per
789 2788 1048 2862 hymnum
1086 2782 1376 2855 gratiarum
1425 2775 1653 2833 actionis
1692 2773 1788 2827 fiat

179 2864 430 2950 umoris
476 2884 734 2945 beneﬁcii
762 2924 779 2951 ,
811 2891 867 2937 et
907 2880 980 2937 sit
1028 2872 1400 2934 vehementior
1441 2872 1497 2927 in
1532 2883 1669 2925 cum
1706 2864 1787 2921 af-

179 2984 329 3042 kaio
354 3025 372 3050 ,
400 2993 461 3039 et
492 2991 553 3035 ut
578 2978 759 3049 primo
783 2972 1090 3029 felicitatem
1118 2967 1405 3023 maximam
1433 2960 1784 3032 accipiamus.

243 3077 295 3134 ϐ.
319 3047 631 3148 Ᾰμὶςιὶοπέι
652 3064 917 3139 praesentis
941 3071 988 3118 et
1009 3064 1197 3134 futuri:
1227 3055 1562 3127 comparatio.
1582 3081 1654 3092 —
1678 3047 1787 3148 Ne-

182 3185 277 3239 que
294 3184 327 3222 a
588 3154 947 3221 aberraveris,
976 3153 1021 3209 si
1046 3150 1251 3207 dixeris
1282 3164 1406 3205 eum
1428 3143 1576 3216 loqui
1606 3142 1675 3198 de
1698 3140 1788 3197 die

184 3255 510 3320 ﬁctionis,
538 3260 598 3309 et
624 3249 695 3307 de
714 3242 805 3305 die
831 3245 1011 3301 futuro
1036 3260 1051 3297 :
1082 3242 1172 3298 illa
1196 3240 1340 3297 enim
1356 3249 1647 3307 numquam
1665 3246 1788 3288 ces-

182 3363 260 3408 sat
566 3342 668 3398 llic
694 3340 841 3397 enim
868 3345 926 3393 et
954 3349 1099 3390 mors
1136 3330 1431 3388 adveniens
1454 3326 1616 3382 solvit
1640 3324 1788 3379 cala-

185 3447 413 3502 mitates.
434 3436 602 3494 amici
630 3432 993 3490 consulentes.
1028 3435 1084 3482 et
1112 3425 1236 3481 ﬁnis
1278 3422 1369 3494 qui
1408 3426 1787 3490 exspectatur,

186 3532 513 3605 sapcetiam
533 3539 719 3583 rerum
740 3536 860 3593 quae
889 3528 1138 3591 speratur
1165 3514 1412 3575 mutatio,
1440 3510 1792 3567 diuturnitas-

186 3604 285 3698 tpe
324 3619 611 3693 temporis
634 3614 867 3672 mollivit
902 3627 968 3667 ac
1017 3608 1282 3681 mitigavit
1327 3604 1789 3678 perturbationem

187 3694 366 3783 animi,
395 3715 645 3783 itemque
667 3722 760 3764 res
798 3706 1039 3760 adversm
1075 3699 1522 3773 propinquorum.
1574 3694 1785 3751 Habere

191 3812 327 3866 enim
352 3814 729 3863 arumnarum
755 3796 935 3854 socios
952 3836 968 3859 ,
1017 3802 1073 3850 et
1100 3791 1286 3847 videre
1313 3788 1480 3844 multa
1524 3784 1790 3857 ejusmodi

190 3898 452 3969 exempla,
485 3896 665 3949 visum
690 3898 777 3945 est
800 3886 983 3944 multis
1005 3898 1127 3941 esse
1154 3881 1281 3954 quid
1305 3880 1484 3952 magni
1505 3879 1572 3934 ad
1598 3892 1793 3934 conso-

192 3996 465 4051 lationem.
495 3988 614 4044 lllic
635 3994 814 4041 autem
842 3980 975 4038 nihil
1003 3988 1087 4036 est
1109 3976 1375 4049 ejusmodi
1399 3993 1414 4030 :
1448 3990 1621 4047 neque
1646 3973 1791 4030 enim

192 4087 341 4142 adest
361 4080 563 4153 aliquis
591 4077 683 4149 qui
714 4073 1046 4139 consoletur,
1070 4060 1166 4127 sed
1188 4069 1385 4125 amicis
1410 4067 1650 4123 destituti
1677 4080 1795 4121 om-

194 4195 284 4237 nes
323 4185 477 4235 sum.
521 4172 643 4230 Non
696 4166 972 4241 longitudo
1017 4163 1277 4237 temporis
1334 4158 1508 4218 mollit
1550 4159 1791 4216 dolorem

196 4267 508 4342 (quomodo
543 4263 723 4328 enim,
776 4274 900 4317 cum
946 4260 1159 4315 ﬂamma
1200 4264 1463 4328 perpetuo
1506 4253 1627 4309 illos
1673 4266 1796 4324 pre-

196 4362 413 4432 atati),
441 4374 555 4416 non
600 4370 728 4428 spes
767 4351 1100 4411 liberatiouis
1147 4367 1161 4403 :
1204 4357 1289 4405 est
1340 4349 1484 4406 enim
1530 4355 1793 4403 aeternum

196 4454 557 4527 supplicium;
586 4464 705 4505 non
718 4446 909 4504 mortis
931 4444 1265 4510 exspectatio
1305 4458 1319 4495 :
1352 4450 1437 4498 est
1465 4441 1607 4497 enim
1637 4454 1795 4512 paena

197 4559 416 4613 menta,
442 4552 503 4600 et
526 4550 655 4597 sunt
680 4538 843 4597 etiam
859 4552 981 4609 qua
998 4537 1291 4606 puniuntur
1312 4548 1538 4603 corpora
1566 4533 1794 4588 immor-

198 4640 359 4702 talia;
383 4645 443 4693 ct
466 4649 538 4691 nc
566 4632 673 4708 hoc
710 4629 927 4701 quidem
952 4626 1099 4699 quod
1127 4625 1341 4682 videtur
1369 4625 1556 4680 multis
1599 4624 1798 4681 afferre

196 4729 474 4793 solatium,
501 4723 646 4797 quod
665 4721 884 4779 videant
909 4720 1114 4777 scilicet
1139 4717 1274 4773 alios
1297 4717 1501 4789 puniri.
1550 4716 1793 4772 Primum

194 4822 341 4879 enim
367 4832 484 4875 non
500 4812 904 4887 possuntvideri
927 4811 1021 4884 qni
1041 4811 1361 4876 puniuntur,
1386 4825 1509 4865 cum
1536 4808 1796 4879 tenebrat,

198 4925 315 4983 qua
351 4914 489 4966 sunt
514 4907 683 4962 instar
707 4902 993 4977 sepimenti
1021 4942 1039 4970 ,
1085 4901 1257 4958 oculis
1297 4900 1578 4972 caliginem
1619 4898 1799 4955 offun-

198 5007 329 5060 dat
355 5019 371 5056 ε
400 5000 606 5058 deinde
636 4995 945 5067 magnitudo
968 4994 1171 5052 doloris
1195 5009 1268 5050 ne
1291 4993 1420 5049 sinit
1458 4992 1686 5065 quidem.
1700 4993 1801 5048 ad-

200 5099 415 5153 iuittorc
437 5099 658 5150 sensum
688 5088 847 5162 hujus
868 5085 1276 5144 consolationis.
1323 5087 1482 5141 Dives
1508 5100 1639 5157 ergo
1666 5085 1799 5141 nihil

200 5205 261 5244 ex
289 5201 355 5244 ea
383 5201 450 5243 re
477 5182 745 5254 acceperit
775 5178 978 5242 solatii,
1023 5192 1128 5235 nec
1153 5177 1189 5231 li
1217 5176 1311 5248 qui
1341 5175 1572 5232 strident
1619 5174 1798 5231 denti-

200 5280 320 5336 bus.
352 5277 446 5335 l6.
485 5274 749 5332 Pereatori
770 5282 941 5327 auum
960 5269 1091 5326 dixit
1121 5266 1259 5324 Deus
1282 5283 1302 5322 :
1333 5267 1505 5336 Quare
1524 5276 1579 5322 tu
1594 5282 1803 5323 enarras

203 5372 425 5445 {iustitia
474 5368 658 5424 meas?
699 5364 907 5423 Vidisti
942 5362 1115 5436 lyram
1163 5358 1489 5432 perfectam,
1538 5358 1802 5415 citharam

204 5464 342 5522 bene
362 5462 749 5534 mpositam,
775 5455 1008 5514 diversis
1035 5454 1183 5510 sonis
1203 5468 1370 5509 unum
1389 5451 1554 5509 edere
1571 5466 1804 5508 concen-

208 5556 357 5611 tatn?
383 5553 488 5611 llic
520 5560 605 5611 est
647 5550 795 5608 enim
834 5560 1031 5604 sensus
1068 5553 1125 5602 et
1167 5542 1222 5601 id
1250 5542 1393 5614 apud
1437 5543 1711 5614 apostolos
1750 5551 1804 5597 et

208 5649 343 5717 apud
362 5649 499 5705 alios
520 5644 817 5721 prophetas
841 5640 1102 5711 scriptum
1126 5636 1277 5695 cerni
1304 5645 1500 5708 potest,
1524 5645 1579 5691 et
1608 5635 1803 5693 Paulus

208 5742 364 5799 etiam
409 5748 481 5799 ita
524 5740 661 5799 dicit
684 5778 701 5806 ,
736 5735 855 5809 ipse
884 5744 1097 5804 quoque
1136 5729 1427 5787 ostendens
1458 5727 1591 5785 nihil
1636 5737 1799 5801 prod-

1257 270 1624 339 EXPOSITIO
1665 264 1731 323 IN
1770 254 2096 320 PSALMUM
2136 257 2322 349 XLlX.

3369 242 3479 299 250

1870 394 1993 436 esse
2042 378 2179 433 alios
2211 374 2431 439 docere,
2467 372 2568 429 nisi
2617 371 2739 443 quis
2779 369 3018 439 scipsum
3065 365 3213 435 prius
3262 361 3477 417 doceat.

1870 473 2134 541 Quoniam
2153 469 2297 524 enim
2327 467 2429 523 sibi
2456 463 2615 520 valde
2646 460 2953 533 placebant,
2984 459 3129 513 sicut
3157 463 3381 523 propter
3394 467 3478 508 sn-

1870 565 2096 630 criilcia,
2129 563 2203 618 ita
2226 562 2389 617 etiam
2421 567 2707 629 propterea
2733 555 2878 626 quod
2907 554 3080 622 legem
3111 551 3399 611 haberent,
3429 552 3488 598 et

1871 656 2183 712 dicerentur
2220 653 2451 709 aliorum
2480 649 2771 709 doctores;
2806 636 3098 701 ostendens
3146 653 3244 695 eos
3281 653 3349 693 ex
3393 635 3483 691 illa
3587 716 3591 720 ἢ

1874 764 1935 805 re
1963 763 2072 803 non
2098 756 2351 817 magnum
2381 742 2613 801 fructum
2639 753 2858 810 capere,
2888 733 3105 807 quando
3150 731 3252 803 ipsi
3295 744 3489 785 mane-

1873 853 1995 901 rent
2022 840 2242 908 indocti,
2271 838 2451 894 acrius
2499 850 2596 893 eos
2638 834 2911 890 insectans
2935 872 2951 894 ,
2984 828 3116 886 dicit
3156 845 3169 882 :
3210 826 3314 895 Qui
3368 839 3491 896 ergo

1875 938 2039 992 alium
2067 940 2239 999 doces,
2270 932 2487 1001 teipsnm
2513 945 2616 984 non
2647 924 2843 982 doces?
2872 925 2960 995 qui
2987 921 3239 995 pra-diras
3265 935 3367 974 non
3401 922 3491 989 fu-

1875 1028 2094 1083 randum
2113 1065 2130 1092 ,
2183 1021 2418 1097 furoris?
2442 1021 2529 1089 qui
2572 1016 2885 1074 abominaris
2929 1014 3072 1068 idola
3094 1054 3110 1080 ,
3165 1009 3499 1081 sacrilegium-

1878 1115 2154 1173 admittis?
2194 1116 2283 1186 qui
2307 1113 2373 1169 de
2396 1108 2505 1183 lege
2532 1109 2773 1182 gloriaris
2793 1146 2809 1173 ,
2838 1123 2928 1178 per
2956 1103 3082 1177 legis
3128 1101 3495 1169 transqressio-

1880 1228 1994 1268 nem
2020 1208 2190 1265 Deum
2220 1209 2523 1262 dehonestat
2576 1203 2761 1278 (Rom.
2790 1202 2846 1256 2.
2876 1200 2942 1256 2|
2972 1230 3019 1242 —
3039 1198 3113 1254 25
3142 1196 3201 1269 )?
3250 1196 3318 1252 Et
3367 1193 3503 1251 idco-

1878 1302 1947 1360 dc
1974 1302 2155 1373 seipso
2178 1301 2315 1357 dixit
2339 1298 2468 1354 alibi
2499 1313 2514 1353 :
2552 1287 2741 1351 Vereor
2763 1312 2826 1349 nc
2848 1310 2962 1349 cum
2979 1292 3094 1347 aliis
3120 1289 3492 1363 praedicari-ro,

1878 1394 1988 1465 ipse
2008 1392 2255 1463 reprobus
2274 1390 2461 1462 (αἰτίαν
2488 1388 2508 1459 (
2536 1388 2586 1444 l.
2610 1384 2728 1443 Cor.
2759 1385 2813 1441 9.
2835 1384 2931 1456 Ἦ)
2959 1402 2971 1436 :
3002 1396 3190 1439 eorum
3226 1392 3493 1436 tumorem
3537 1418 3539 1420 η
3573 1420 3589 1433 .

1880 1486 2216 1556 deprimens,
2248 1482 2450 1555 quibus
2479 1480 2731 1537 doctrina
2781 1476 2931 1533 verbi
2983 1489 3211 1547 magnos
3260 1470 3497 1528 faciebat

1882 1577 2126 1649 spiritus,
2158 1591 2282 1633 cum
2304 1582 2486 1631 essent
2515 1572 2619 1644 ipsi
2640 1571 2841 1627 virtute
2861 1568 3131 1625 destituti.
3154 1565 3333 1622 Aliter
3355 1578 3496 1634 quo-

1884 1684 1991 1741 que
2020 1669 2123 1723 hoc
2153 1666 2295 1739 quod
2323 1680 2468 1721 nunc
2496 1657 2629 1720 dicit
2663 1670 2878 1728 tractat,
2928 1659 2995 1716 ad
3027 1657 3246 1716 Judreos
3270 1670 3330 1712 se
3360 1670 3498 1723 con-

1886 1770 2124 1826 vertens,
2156 1758 2373 1831 quando
2400 1757 2570 1814 dicit:
2608 1756 2829 1825 Quando
2857 1755 2994 1809 enim
3018 1761 3191 1824 gentes
3212 1791 3229 1819 ,
3276 1764 3392 1821 qua:
3421 1746 3499 1803 le-

1884 1872 1997 1928 gem
2027 1869 2130 1908 non
2149 1853 2356 1920 habent,
2383 1866 2499 1923 quae
2519 1831 2650 1921 leéis
2674 1856 2813 1916 sunt,
2865 1855 3050 1902 natura
3073 1844 3272 1916 faciunt
3302 1856 3323 1896 :
3348 1841 3400 1894 hi
3422 1841 3501 1895 Ie—

1884 1961 1998 2018 gent
2023 1960 2128 1999 non
2153 1943 2395 1998 habeam
2413 1941 2639 2011 sibiipsis
2664 1949 2784 1995 sunt
2811 1939 2894 1995 lex
2926 1937 2943 2007 (
2974 1935 3122 1991 Rom.
3177 1934 3235 1989 2.
3269 1932 3383 1998 14).
3433 1932 3506 1987 Et

1885 2049 2074 2093 rursus
2110 2050 2127 2089 :
2161 2032 2285 2089 Non
2324 2034 2461 2089 enim
2487 2032 2747 2087 auditores
2788 2030 2915 2101 tegis
2940 2029 3073 2099 justi
3107 2027 3250 2099 apud
3294 2024 3459 2079 Deum
3483 2063 3500 2087 ,

1884 2127 1977 2183 sed
1996 2131 2214 2200 factores
2239 2124 2365 2197 tegis
2396 2122 2821 2195 justi/imbuatur
2864 2118 3017 2194 (Ibid
3064 2101 3248 2186 v.13).
3284 2115 3350 2171 Et
3376 2128 3509 2185 pro-

1888 2220 2092 2290 pheta:
2123 2214 2229 2285 Qui
2252 2216 2484 2272 tenebant
2503 2214 2686 2293 legem,
2718 2213 3004 2270 nesciebant
3031 2226 3112 2265 me
3157 2208 3291 2283 (Jer.
3334 2207 3389 2263 2.
3419 2207 3506 2277 8).

1892 2314 1959 2369 Et
1979 2327 2165 2367 rursus
2192 2326 2207 2364 :
2242 2308 2465 2365 Frustra
2485 2309 2611 2382 [acti
2629 2316 2746 2363 sunt
2765 2308 2949 2369 iuncus
2970 2304 3139 2379 falsus
3161 2300 3339 2358 scribis
3367 2302 3386 2369 (
3408 2297 3499 2354 1d.

1890 2406 1945 2463 8.
1973 2404 2051 2478 8).
2103 2404 2218 2472 Qua
2245 2402 2317 2459 de
2346 2402 2443 2458 re?
2466 2401 2725 2471 Quoniam
2751 2409 2919 2453 turtur
2954 2405 3001 2453 et
3029 2394 3253 2450 hirundo
3302 2401 3349 2448 et
3392 2392 3508 2464 agri

1892 2514 2121 2569 passeres
2166 2503 2510 2568 cognoverunt
2548 2502 2779 2561 tentpora
2810 2492 3072 2563 ingressus
3110 2489 3232 2557 sui,
3285 2486 3513 2558 papulus

1889 2600 2060 2648 autent
2105 2606 2249 2644 meus
2272 2605 2381 2643 non
2401 2586 2635 2659 cognovit
2655 2584 2862 2658 judicia
2884 2599 2997 2638 mea
3019 2580 3195 2647 (Ibid.
3220 2596 3269 2635 υ.
3294 2577 3373 2649 7).
3409 2576 3513 2632 llic

1892 2694 2076 2742 autem
2097 2682 2253 2749 dicit,
2285 2696 2394 2737 non
2423 2679 2598 2737 solum
2630 2678 2766 2734 nihil
2792 2676 2993 2732 lucrari
3026 2690 3097 2731 ex
3132 2689 3199 2729 eo
3228 2671 3374 2743 quod
3398 2669 3509 2724 do—

1892 2784 2015 2847 ceat
2033 2774 2168 2829 alios
2183 2788 2307 2830 eum
2327 2763 2418 2843 qui
2446 2771 2706 2826 virtutem
2734 2772 2841 2823 non
2868 2773 3109 2830 exercet,
3134 2762 3231 2819 sed
3265 2761 3515 2833 seipsumr

1892 2866 2054 2923 etiam
2076 2867 2251 2935 primo
2288 2861 2457 2935 gradu
2477 2858 2753 2932 dignitatis
2775 2857 3036 2929 dejicere.
3060 2856 3115 2912 Si
3142 2855 3288 2911 enim
3321 2855 3378 2909 in
3409 2867 3512 2910 ex-

1896 2960 2065 3016 ternis
2084 2957 2304 3029 judiciis
2330 2956 2424 3027 qui
2448 2954 2696 3024 deliquit,
2729 2953 2776 3008 is
2820 2950 3005 3007 indicti
3052 2941 3258 3004 silentii
3290 2947 3508 3002 infamia

1888 3052 2150 3123 punitur:
2183 3050 2235 3105 in
2266 3047 2483 3120 publico
2510 3046 2772 3102 doctrinm
2807 3043 2938 3099 ludo
2966 3040 3240 3113 quomodo
3281 3040 3330 3094 ei
3359 3039 3509 3111 loqui

1895 3143 2272 3216 permittetur,
2314 3139 2404 3210 qui
2449 3148 2533 3193 est
2572 3146 2793 3208 peccato
2820 3132 3128 3191 obnoxius?
3181 3131 3352 3201 Major
3393 3144 3503 3184 au-

1895 3245 2004 3291 tem
2032 3241 2118 3290 est
2142 3231 2232 3288 hic
2251 3229 2512 3287 doctrinm
2550 3227 2707 3284 ludus
2737 3227 2833 3283 illo
2853 3225 3081 3297 judicio.
3106 3223 3221 3279 Illic
3248 3223 3396 3280 enim
3419 3223 3512 3295 qui

1894 3327 2191 3400 puniuntur
2210 3340 2400 3397 poenas
2427 3323 2583 3378 luunt
2612 3340 2627 3378 :
2659 3321 2748 3377 hic
2765 3329 2947 3377 autem
2968 3335 3035 3376 eo
3055 3320 3280 3377 tendunt
3302 3316 3508 3390 omnia,

1896 3430 1957 3477 ut
1986 3433 2092 3475 non
2119 3419 2414 3489 puniantur
2433 3416 2523 3486 qui
2555 3422 2953 3485 peccaverunt,
3003 3412 3100 3469 sed
3142 3421 3199 3467 ut
3227 3417 3511 3482 peccatum

1898 3510 2211 3585 pauitantia
2240 3511 2531 3581 corrigunt.
2556 3506 2702 3563 Sane
2728 3506 2784 3562 in
2810 3505 2947 3562 aulis
2976 3506 3138 3576 regiis
3158 3519 3320 3561 nemo
3350 3501 3513 3560 fuerit

1898 3607 2062 3679 regiae
2082 3606 2232 3661 vocis
2260 3605 2547 3675 interpres,
2576 3603 2623 3660 si
2649 3600 2814 3658 fuerit
2838 3615 3021 3673 prava:
3050 3609 3104 3656 et
3132 3606 3402 3669 corrupta:
3428 3596 3512 3654 vi-

1898 3710 1968 3757 tae
1993 3699 2293 3756 convictus.
2321 3697 2501 3767 Quare
2540 3711 2672 3768 ergo
2698 3709 2919 3752 enarras
2941 3693 3180 3766 justitias
3224 3706 3375 3747 meas
3395 3732 3411 3757 ,
3456 3697 3514 3748 et

1896 3795 2032 3850 alios
2061 3792 2245 3857 doces,
2271 3802 2328 3848 et
2358 3799 2537 3846 tamen
2562 3789 2893 3846 contrarium
2920 3788 3077 3852 facis,
3100 3787 3208 3842 vita
3230 3784 3511 3842 contradi-

1897 3894 2055 3942 cente
2072 3884 2138 3940 iis
2160 3897 2284 3955 quae
2308 3897 2337 3938 a
2359 3892 2411 3939 te
2425 3882 2701 3950 dicuntur,
2724 3889 2781 3938 et
2795 3880 2995 3937 avertis
3016 3878 3304 3935 nounullos
3320 3893 3511 3934 eorum

1898 3978 1991 4051 qui
2015 3975 2541 4035 voluntattendere?
2561 3974 2680 4031 Non
2709 3975 2853 4031 enim
2882 3975 2955 4030 ita
2981 3972 3147 4030 doces
3175 3972 3379 4037 verbis,
3402 3971 3512 4027 sic-

1899 4082 1959 4129 ut
1996 4074 2160 4129 rebus
2198 4080 2255 4128 et
2294 4070 2449 4127 factis
2491 4068 2733 4125 abducis.
2784 4066 3048 4137 Quocirca
3077 4065 3329 4122 Christus
3359 4064 3510 4120 illum

1901 4165 2083 4221 laudat
2109 4164 2411 4228 doctorem,
2450 4162 2540 4234 qui
2579 4160 2760 4218 verbis
2807 4169 2862 4216 ct
2888 4157 3046 4215 factis
3075 4158 3370 4229 perfectam
3412 4155 3514 4212 do-

1898 4258 2127 4314 ctrinam
2165 4254 2483 4312 ostenderit.
2510 4254 2613 4320 Qui
2639 4253 2784 4310 enim
2812 4253 3005 4324 fecerit,
3037 4250 3225 4323 inquit,
3253 4258 3299 4305 et
3324 4249 3515 4304 docue-

1900 4349 1990 4417 rit,
2024 4349 2105 4401 hic
2142 4340 2376 4419 magnus.
2404 4346 2667 4401 vocabitur
2702 4346 2771 4399 in'
2797 4360 2954 4417 regno
2996 4343 3237 4398 caelorum
3289 4339 3511 4413 (Matth.

1903 4441 1959 4497 5.
1992 4440 2110 4510 l9).
2145 4438 2349 4496 Habeat
2378 4452 2509 4509 ergo
2531 4437 2638 4492 vita
2682 4445 2770 4493 tua
2813 4437 3017 4492 claram
3052 4450 3272 4499 vocem,
3327 4431 3515 4488 eadem

1903 4549 2025 4603 quas
2045 4532 2182 4588 dicis
2200 4532 2485 4588 docentem
2509 4547 2523 4584 :
2549 4540 2604 4587 et
2632 4530 2760 4587 licet
2781 4545 2845 4586 os
2866 4539 3016 4586 tuum
3044 4528 3400 4593 obstruxeris,
3428 4527 3516 4583 vel

1904 4624 2030 4680 tuba
2057 4622 2253 4681 clarius
2274 4623 2612 4695 personahis,
2654 4640 2762 4680 non
2790 4622 2966 4679 solum
2995 4622 3137 4694 apud
3170 4629 3470 4694 praesentes
3499 4662 3517 4688 ,

1904 4716 1999 4776 sed
2029 4718 2193 4773 etiam
2223 4716 2363 4787 apud
2394 4732 2489 4773 eos
2532 4717 2622 4788 qui
2665 4716 2856 4790 procul
2895 4716 2982 4772 siti
3026 4725 3171 4771 sunt.
3218 4715 3293 4771 Ita
3346 4714 3513 4770 etiam

1903 4803 2095 4859 caelum
2114 4802 2572 4883 enarrat'gloriam
2591 4801 2687 4858 Dei
2701 4799 3037 4873 (Psat.l8.l)
3054 4815 3178 4856 cum
3200 4813 3304 4855 uec
3320 4814 3385 4854 os
3415 4800 3517 4854 ba-

1904 4897 2168 4961 beat,nec
2182 4895 2420 4966 linguam
2440 4903 2674 4960 moveat,
2694 4909 2869 4965 neque
2884 4894 3131 4964 spiritum
3156 4908 3220 4948 ex
3250 4892 3359 4947 imo
3389 4905 3517 4963 pro-

1907 4989 2117 5055 fundat,
2138 4989 2233 5045 sed
2256 5003 2356 5061 per
2374 5003 2562 5045 eorum
2593 5000 2713 5059 qua
2730 4986 2981 5043 videntur
3008 4984 3470 5057 pulchritudinem
3498 5027 3516 5052 ,

1906 5082 2139 5139 deducat
2166 5089 2527 5153 spectatorem
2555 5080 2622 5136 ad
2653 5078 3066 5136 admirationem
3090 5076 3331 5149 Opiﬁcis.
3364 5076 3520 5145 Quod

1906 5192 2036 5249 ergo
2052 5175 2163 5232 illic
2177 5176 2325 5231 estin
2337 5174 2471 5231 caelo
2486 5173 2833 5245 pulchritudo
2843 5181 3114 5244 aspectus,
3133 5171 3235 5228 hoc
3251 5171 3325 5227 sit
3336 5172 3389 5226 in
3406 5171 3522 5227 ani-

1906 5282 1995 5323 ma
2010 5276 2101 5323 tua
2127 5266 2318 5322 virtus.
2332 5263 2489 5334 Quod
2505 5265 2549 5320 si
2562 5280 2684 5322 cum
2700 5264 2775 5321 sis
2790 5263 3121 5331 sordidatus,
3139 5273 3193 5320 et
3206 5264 3522 5319 innumera-

1908 5357 2047 5414 biles
2098 5357 2301 5413 habeas
2356 5366 2722 5425 accusatores,
2777 5356 3118 5427 maximeque
3162 5363 3311 5411 tuam
3354 5358 3526 5427 ips-tus

1909 5449 2317 5516 conscientiam,
2338 5448 2576 5505 doctoris
2601 5447 2786 5505 sedem
2808 5447 3026 5504 coneris
3051 5446 3329 5514 invadere,
3352 5461 3524 5518 quan-

1910 5539 1985 5596 do
2043 5538 2113 5596 ad
2162 5538 2293 5594 vitia
2338 5538 2790 5611 reprehendenda
2835 5537 3167 5601 accesseris,
3228 5552 3340 5593 non
3382 5536 3522 5592 alios

1913 5633 2085 5705 magis
2109 5647 2269 5704 quam
2298 5632 2527 5703 teipsum
2557 5631 2856 5687 accusabis.
2894 5629 2964 5685 Et
2993 5630 3215 5686 assumis
3245 5638 3522 5685 testamen-

1915 5736 2020 5782 tum
2046 5742 2209 5782 meum
2232 5743 2319 5798 per
2345 5742 2400 5783 os
2422 5734 2564 5781 tuum
2587 5725 2613 5779 .’
2641 5723 2806 5782 Recte
2832 5723 2985 5791 dixit,
3015 5721 3119 5777 Per
3148 5739 3222 5779 os.
3258 5722 3352 5779 Est
3373 5720 3520 5780 enim
