4156 6414
676 350 772 407 951

678 481 774 523 eor
794 465 1105 521 destitutum
1133 463 1392 519 fructibus
1415 464 1506 533 qui
1534 480 1601 518 ex
1630 480 1696 519 eo
1728 464 1990 527 oriuntur,
2028 474 2080 519 et
2112 464 2260 519 labra

672 559 942 613 incassum
969 554 1284 619 moventur,
1312 563 1365 609 et
1408 555 1473 609 ad
1499 555 1617 622 ejus
1656 555 1745 622 qui
1776 554 2011 623 loquitur
2059 554 2263 609 conde-

673 647 1024 701 mnationem.
1056 645 1109 701 Si
1138 645 1257 715 quis
1296 655 1474 700 autem
1504 654 1733 699 mentem
1766 644 1925 698 luerit
1958 652 2225 699 scrutatus
2245 685 2258 709 ,

676 751 927 805 magnum
959 736 1152 790 bellum
1184 735 1438 790 inveniet.
1463 736 1550 789 17.
1580 733 1660 787 Tu
1712 750 1828 789 vero
1854 736 2004 790 odisti
2036 736 2262 806 discipli-

672 842 793 879 nam
812 836 859 879 et
878 827 1135 896 projecisti
1164 842 1415 879 sermones
1441 842 1575 879 meos
1599 835 1893 879 retrorsum.
1919 825 2257 895 Disciplinam

672 914 759 970 hic
783 916 913 971 dicit
934 916 1066 986 legis
1092 917 1410 981 doctrinam,
1434 931 1553 984 qua:
1581 916 1818 970 animum
1844 918 2139 985 componit,
2170 917 2257 969 vl-

668 1007 801 1061 tium
825 1008 1061 1078 expellit,
1094 1017 1147 1062 et
1172 1009 1416 1062 virtutem
1448 1007 1654 1061 inserit.
1686 1006 1967 1075 Quomodo
1988 1022 2117 1076 ergo
2138 1022 2255 1062 eam

668 1108 888 1163 tractas,
929 1111 984 1156 et
1012 1102 1065 1156 in
1093 1100 1227 1154 alios
1251 1100 1483 1155 seminas
1506 1115 1630 1154 cum
1669 1100 1784 1170 ipse
1820 1115 1937 1154 eam
1974 1100 2125 1155 lactis
2150 1116 2256 1155 non

667 1188 907 1246 habeas?
951 1190 1225 1261 Projecisti
1252 1191 1418 1258 enim,
1467 1191 1657 1261 inquit,
1708 1207 1961 1246 sermones
1990 1207 2125 1247 meos
2172 1208 2255 1245 re-

668 1289 906 1335 trorsum.

742 1373 790 1424 7.
821 1371 934 1426 Non
962 1372 1135 1427 solum
1167 1372 1309 1427 enim
1339 1387 1403 1426 ex
1429 1372 1561 1441 legis
1596 1372 1836 1427 doctrina
1874 1373 2016 1427 nulla
2053 1383 2133 1427 est
2160 1374 2254 1428 tibi

670 1463 802 1516 facta
818 1465 1076 1526 accessio,
1102 1464 1197 1517 sed
1216 1464 1373 1515 etiam
1395 1464 1534 1533 quod
1551 1464 1714 1518 habes
1732 1480 1761 1517 a
1783 1476 1989 1529 natura,
2011 1464 2251 1531 mutilum

664 1554 959 1609 reddidisti.
1006 1555 1203 1609 Eorum
1247 1554 1388 1609 enim
1434 1570 1551 1624 quin
1595 1564 1717 1609 sunt
1755 1555 1958 1625 agenda
1985 1597 1999 1619 ,
2047 1566 2102 1611 et
2148 1572 2253 1609 non

662 1644 886 1713 agenda,
930 1646 1166 1700 rationes
1192 1661 1221 1699 a
1250 1656 1436 1701 natura
1466 1648 1637 1700 insitae
1664 1657 1807 1700 sunt.
1847 1647 1925 1701 Tu
1956 1656 2130 1701 autem
2162 1648 2253 1703 eas

663 1738 922 1807 repulisti,
954 1748 1009 1793 et
1040 1754 1144 1793 non
1177 1740 1406 1795 habuisti
1438 1741 1490 1795 in
1530 1742 1806 1795 memoria.
1845 1742 1929 1797 18.
1961 1743 2021 1797 Si
2053 1742 2255 1797 videbas

660 1834 843 1898 furem,
880 1831 1116 1884 currebas
1152 1845 1269 1885 cum
1312 1849 1390 1898 eo,
1436 1842 1483 1887 et
1530 1850 1645 1886 cum
1691 1834 1935 1887 adulteris
1973 1836 2252 1903 portionem

660 1932 799 1973 tuam
828 1920 1065 1991 ponebas.
1090 1922 1350 1988 Quoniam
1372 1923 1514 1977 enim
1541 1923 1654 1978 ﬁeri
1682 1940 1785 1978 non
1807 1934 1979 1994 potest
2008 1935 2067 1979 ut
2091 1926 2252 1979 homo

658 2014 728 2066 sit
756 2014 882 2068 nulli
904 2016 1125 2069 omnino
1153 2025 1367 2084 peccato
1388 2017 1650 2072 obnoxius
1675 2036 1687 2069 :
1717 2028 1771 2072 et
1798 2018 1919 2073 ideo
1939 2018 2072 2073 dixit
2100 2021 2249 2089 quis-

657 2105 799 2171 piam
830 2123 840 2157 :
878 2104 1003 2171 Quis
1054 2106 1350 2176 gloriabitur
1390 2108 1635 2161 mundum
1668 2126 1721 2163 se
1764 2110 1944 2165 habere
1989 2127 2075 2163 cor
2110 2110 2136 2163 ?
2163 2119 2251 2165 aut

658 2194 769 2253 quis
790 2196 1031 2248 audacter
1057 2196 1185 2249 dicet
1219 2213 1273 2251 se
1310 2214 1417 2251 esse
1442 2215 1625 2267 purum
1656 2216 1687 2251 a
1712 2211 1919 2268 peccato
1950 2200 2127 2271 (Prov.
2155 2201 2245 2256 20.

656 2288 709 2355 9)
733 2286 755 2337 7
777 2294 833 2341 et
870 2287 1063 2342 Paulus
1087 2304 1207 2345 cum
1235 2290 1458 2346 dixisset
1482 2308 1496 2344 :
1526 2290 1677 2361 Nihil
1702 2293 1825 2346 mihi
1846 2295 2075 2348 conscius
2098 2310 2247 2359 sum;

598 2445 603 2449 ρ
657 2379 958 2449 Subjunxit,
992 2379 1099 2435 Sed
1124 2398 1229 2435 non
1260 2383 1312 2435 in
1338 2384 1431 2437 hoc
1451 2384 1768 2454 justi/iectus
1796 2402 1907 2439 sum
1936 2385 2013 2457 μ.
2044 2385 2161 2439 Cor.
2190 2387 2244 2440 4.

654 2470 712 2537 4)
734 2488 747 2533 ;
771 2479 845 2535 et,
868 2471 1049 2525 Justus
1075 2472 1128 2524 in
1155 2473 1405 2542 principio
1428 2476 1674 2528 sermonis
1698 2476 1778 2528 sui
1801 2476 1963 2544 ipsius
1987 2487 2250 2530 accusator

654 2574 725 2616 est
756 2560 939 2632 (Prov.
973 2562 1060 2617 18.
1094 2562 1204 2631 l7),
1234 2562 1484 2618 videlicet
1507 2580 1730 2620 suorum
1768 2575 2106 2635 peccatorum
2139 2583 2152 2619 :
2189 2568 2245 2622 iit

655 2667 817 2707 uetno
860 2668 989 2723 ergo
1032 2662 1215 2723 posset
1244 2654 1441 2713 dicere.
1466 2653 1523 2709 Si
1552 2669 1740 2710 omnes
1764 2665 1888 2710 sunt
1915 2668 2241 2725 peccatores,

653 2754 989 2816 peccatorem
1028 2756 1204 2801 autem
1239 2746 1399 2817 jussit
1436 2762 1542 2802 non
1573 2763 1792 2803 narrare
1813 2750 2082 2819 justitias,
2123 2752 2244 2822 quis

650 2852 780 2905 ergo
818 2848 1127 2891 narraturus
1152 2837 1297 2893 erit?
1335 2852 1405 2893 ne
1430 2841 1550 2908 quis
1576 2853 1705 2907 ergo
1735 2837 1852 2894 haec
1885 2839 2107 2907 diceret,
2152 2858 2245 2911 ge-

650 2943 778 2982 nera
806 2937 1138 2997 peccatorum
1166 2938 1443 2983 enumerat
1471 2944 1564 2998 per
1587 2930 1812 2998 species.
1846 2928 1938 2984 Est
1967 2932 2100 2985 enim
2129 2950 2245 3001 ρει-ρ

648 3031 815 3074 catum
844 3021 912 3074 ad
938 3031 1144 3075 mortem
1168 3021 1419 3094 (1.10am
1443 3020 1632 3093 5.16),
1650 3022 2099 3093 quemadmodum
2126 3024 2242 3081 Heli

647 3128 859 3183 quoque
882 3112 1149 3168 dicebat:
1198 3113 1261 3168 Si
1287 3129 1501 3183 peccans
1541 3114 1692 3167 homo
1735 3116 2031 3183 peccaverit,
2080 3116 2242 3174 orabit

648 3221 742 3273 pro
778 3219 835 3256 eo
876 3204 1111 3258 sacerdos
1149 3219 1170 3260 .'
1213 3204 1259 3259 si
1298 3214 1466 3258 autem
1513 3202 1735 3258 Domino
1778 3207 2078 3274 peccaverit,
2127 3208 2240 3278 quis

646 3297 810 3350 orabit
852 3313 944 3367 pro
970 3313 1028 3350 eo
1057 3298 1135 3364 (1.
1170 3295 1299 3368 Reg.
1325 3296 1385 3353 2.
1408 3295 1546 3367 25)?
1575 3296 1633 3351 In
1667 3296 1782 3367 lege
1807 3298 1967 3352 etiam
1992 3298 2091 3352 alia
2115 3299 2237 3368 qui-

647 3389 769 3443 dem
796 3397 951 3443 erant
971 3388 1400 3455 immedicabilia,
1429 3399 1488 3445 ut
1505 3389 1667 3445 etiam
1698 3398 1869 3445 morte
1893 3392 2236 3461 punirentur;

643 3480 747 3535 alia
768 3494 893 3534 vero
910 3479 1175 3535 habebant
1194 3480 1405 3551 aliquod
1427 3480 1883 3551 promptissimum
1906 3480 2235 3537 remedium:

644 3572 716 3626 ita
748 3573 906 3626 etiam
934 3570 1179 3627 Christus
1208 3572 1259 3626 in
1286 3572 1455 3638 Novo,
1490 3572 1552 3628 Si
1578 3573 1851 3643 peccaverit
1880 3572 2041 3641 frater
2086 3582 2235 3639 tuus,

643 3666 838 3735 inquit,
858 3681 1014 3736 argue
1056 3682 1170 3719 eum
1208 3665 1340 3719 inter
1376 3676 1441 3729 te,
1470 3673 1517 3719 et
1555 3665 1725 3733 ipsum
1751 3666 1934 3719 solum.
1966 3665 2025 3720 Si
2069 3676 2239 3720 autem

643 3773 745 3809 non
774 3755 1010 3820 audierit,
1038 3771 1238 3810 assume
1264 3755 1431 3810 adhuc
1458 3764 1621 3809 tecum
1650 3755 1800 3810 duos.
1833 3755 1896 3810 Si
1922 3772 1985 3809 ne
2010 3758 2100 3810 hos
2127 3758 2239 3827 qui-

641 3846 758 3901 dem
793 3847 1031 3913 audierit,
1075 3848 1141 3902 sit
1181 3847 1267 3900 tibi
1297 3857 1551 3918 tamquam
1579 3849 1809 3906 etltnicus
1847 3858 1895 3904 et
1936 3850 2236 3921 publicanus

642 3938 860 4007 (Matth.
886 3938 971 3992 18.
997 3936 1107 3998 15).
1130 3938 1197 3993 Et
1219 3947 1396 3993 tamen
1412 3952 1532 3993 cum
1555 3940 1747 3995 alicubi
1766 3939 1989 3994 dixisset
2010 3940 2231 3996 Petrus:

645 4029 871 4094 Quoties,
900 4030 943 4083 si
966 4031 1244 4099 peccaverit
1268 4032 1322 4084 in
1344 4047 1422 4083 me
1447 4031 1604 4098 frater
1628 4048 1788 4096 meus,
1812 4032 2063 4086 dimittam
2090 4035 2189 4103 ipsi
2212 4036 2236 4088 ?

640 4120 863 4187 audivit,
898 4118 1067 4190 Usque
1106 4121 1175 4174 ad
1203 4122 1487 4192 septuagies
1514 4123 1697 4193 septies
1728 4122 1949 4193 (Ibidem
1983 4123 2076 4195 21)
2102 4143 2115 4179 :
2146 4125 2235 4181 hic

642 4219 821 4267 autem
848 4223 968 4281 post
994 4213 1127 4267 duas
1153 4212 1542 4268 admonitiones
1571 4214 1805 4269 ostendit
1834 4230 2083 4286 magnum
2114 4233 2233 4273 esse

642 4303 917 4367 delictum,
958 4318 1057 4357 nec
1085 4318 1205 4357 eum
1244 4303 1385 4372 cogit
1412 4318 1597 4359 rursus
1621 4315 1954 4373 exspectare.
1984 4306 2121 4374 Quid
2150 4325 2235 4363 er-

639 4392 750 4463 go?
776 4401 969 4447 suntne
1010 4392 1124 4447 haec
1150 4392 1256 4447 illis
1282 4394 1587 4449 contraria?
1619 4395 1769 4450 Absit
1793 4416 1805 4450 :
1835 4398 1929 4452 sed
1958 4398 2107 4463 illud,
2139 4400 2235 4456 Se-

645 4483 874 4551 ptuagies
924 4482 1129 4551 septies,
1175 4482 1325 4548 dicit,
1373 4485 1418 4538 si
1464 4498 1585 4539 eum
1634 4487 1906 4555 paeniteat.
1955 4488 2235 4555 Quomodo

641 4574 785 4629 enim
816 4573 1047 4629 dimittet
1070 4576 1328 4643 quiSpiam
1351 4577 1400 4631 ei
1421 4577 1509 4646 qui
1536 4592 1710 4647 neque
1730 4580 2011 4636 conﬁtetur
2032 4598 2091 4638 se
2120 4600 2235 4653 peca

640 4679 816 4729 casse,
846 4680 1018 4735 neque
1045 4666 1255 4720 ducitur
1282 4668 1629 4735 poenitentia?
1656 4670 1866 4725 Etenim
1906 4687 2026 4727 cum
2057 4690 2086 4728 a
2118 4690 2233 4731 tne-

641 4755 763 4811 dico
814 4757 1053 4823 remedia
1107 4758 1370 4827 petimus,
1426 4761 1617 4816 vulnus
1663 4764 1823 4818 etiam
1876 4767 2230 4823 ostendimus.

639 4848 772 4914 Quis
795 4859 877 4903 est
902 4864 1027 4920 ergo
1054 4860 1302 4920 peccator
1317 4851 1385 4907 de
1408 4855 1515 4923 quo
1549 4852 1636 4907 hic
1654 4853 1783 4924 dicit
1798 4854 2110 4927 Scriptura?
2140 4862 2234 4914 At-

642 4949 790 4994 tente
812 4941 1109 4995 audiamus.
1142 4943 1274 4998 Eum
1309 4945 1451 4997 enim
1474 4944 1731 5000 describit
1759 4962 1853 5017 per
1875 4964 1937 5002 ea
1959 4965 2078 5019 quae
2098 4966 2231 5004 cou-

640 5042 955 5102 sequuntur,
977 5034 1054 5087 sic
1078 5034 1263 5090 dicens
1287 5052 1299 5087 ε
1331 5035 1390 5090 Si
1415 5035 1615 5090 videbas
1639 5041 1825 5109 furem,
1856 5043 2093 5096 currebas
2118 5058 2231 5095 cum

641 5142 719 5190 eo,
760 5135 948 5178 etcum
988 5126 1232 5181 adulteris
1273 5130 1550 5197 portionem
1590 5140 1729 5183 tuam
1764 5132 2003 5200 ponebas.
2042 5134 2128 5189 19.
2164 5134 2234 5188 0s

642 5228 783 5270 tuum
824 5218 1095 5281 abundavit
1124 5220 1337 5286 malitia,
1381 5232 1428 5275 et
1455 5222 1630 5292 lingua
1662 5232 1749 5276 tua
1785 5228 2114 5280 concinnabat
2140 5228 2233 5281 do-

640 5309 736 5362 los.
776 5308 866 5363 20.
901 5307 1095 5363 Sedens
1130 5310 1368 5366 adversus
1410 5318 1616 5382 fratrem
1648 5325 1787 5368 tuum
1827 5319 2138 5387 loquebaris,
2187 5330 2233 5374 et

640 5401 877 5453 adversus
907 5400 1068 5468 ﬁlium
1099 5402 1273 5455 matris
1302 5412 1402 5455 tua:
1441 5405 1660 5473 ponebas
1699 5408 2015 5462 scandalum.
2048 5411 2232 5465 Vidisti

641 5492 961 5561 nequitiam,
995 5506 1099 5546 non
1142 5507 1297 5548 secus
1323 5505 1481 5565 atque
1513 5496 1563 5551 in
1608 5498 1836 5568 imagine
1878 5501 2083 5569 aliqua,
2124 5503 2233 5558 suis

643 5583 908 5637 coloribus
954 5584 1313 5654 descriptam?
1354 5598 1407 5643 et
1456 5590 1725 5659 quomodo
1776 5592 2050 5660 improbus
2104 5597 2234 5650 vitio

645 5671 814 5725 bellua
839 5673 1004 5729 factus
1020 5686 1120 5741 est,
1144 5677 1269 5732 dum
1297 5689 1496 5734 natura:
1524 5682 1850 5737 nobilitatem
1871 5685 2137 5753 prodidit?
2159 5687 2234 5741 Ne

646 5760 785 5815 haut
808 5776 933 5835 ergo
962 5768 1237 5840 imaginem
1266 5772 1449 5828 lcvilct'
1470 5783 1881 5843 pertractemus,
1912 5777 2005 5832 sed
2026 5779 2229 5849 singula

1372 346 1428 405 S.
1468 347 1747 405 JOANNIS
1781 349 2260 409 CllRYSOSTOMl
2298 351 2612 411 ARCHIEP.
2653 354 3185 416 CONSTANTINOP.

3869 372 4001 431 251

2371 478 2616 523 accurate
2637 469 2983 540 inquiramus.
3003 475 3064 530 Si
3085 476 3286 533 videbas
3298 479 3481 549 furem,
3499 484 3738 541 currebas
3753 504 3870 543 cum
3890 508 3992 547 eo.

2443 553 2678 612 Laudare
2713 561 2885 613 vitium
2921 573 3179 632 peccatum
3206 576 3313 634 est;
3343 573 3664 637 peccantibus
3692 577 3991 649 indignan-

2370 646 2699 704 dum—Hoc
2725 660 2808 705 est
2836 667 2995 708 causa
3013 660 3251 712 omnium
3274 660 3536 718 malorum
3562 683 3575 719 :
3606 663 3707 723 hoc
3722 646 3989 741 estquod

2371 734 2617 793 virtutem
2662 742 2894 796 maxime
2933 747 3144 811 evertit,
3175 749 3317 819 quod
3347 754 3585 809 retardat
3618 771 3682 812 ac
3722 734 3989 830 reprimit

2368 828 2601 883 studium
2643 832 2933 889 multorum
2962 836 3027 890 ad
3058 852 3120 892 ea
3153 855 3272 908 quae
3300 854 3426 898 sunt
3458 843 3678 903 honesta
3707 868 3721 903 :
3752 828 3988 921 quando

2367 933 2473 973 non
2497 921 2670 975 solum
2701 939 2805 976 non
2836 927 3233 995 reprehendunt
3261 932 3442 1003 aliqui,
3472 936 3567 991 sed
3595 941 3754 996 etiam
3782 944 3849 997 iis
3876 946 3982 1014 qui

2367 1021 2589 1079 peccant
2615 1014 2961 1081 gratulantur.
2993 1018 3107 1074 Hoc
3132 1034 3307 1076 autem
3338 1040 3443 1079 non
3474 1037 3557 1081 est
3585 1030 3761 1085 minus
3800 1050 3981 1103 quam

2365 1114 2607 1170 peccare.
2641 1105 2775 1159 Audi
2811 1106 3027 1163 Paulum
3051 1110 3318 1168 dicentem
3353 1134 3366 1169 :
3402 1116 3525 1171 Non
3549 1120 3715 1174 solum
3740 1123 3851 1177 hcc
3880 1125 3980 1192 fa-

2362 1194 2520 1259 ciunt,
2536 1196 2624 1249 sed
2638 1198 2787 1251 etiam
2807 1204 3118 1257 consentiunt
3135 1206 3430 1275 facientibus
3452 1209 3627 1283 (Rom.
3644 1215 3666 1269 1
3682 1254 3693 1265 .
3709 1216 3820 1285 52).
3849 1217 3979 1274 Hoc

2362 1292 2445 1339 est
2473 1296 2650 1341 autem
2692 1304 2798 1344 non
2827 1306 3047 1361 parvum
3094 1307 3364 1364 peccatum
3392 1341 3407 1365 ,
3440 1304 3649 1359 etiamsi
3673 1307 3793 1376 quis
3816 1310 3974 1364 mala

2363 1392 2470 1433 non
2501 1379 2678 1449 faciat,
2709 1399 2811 1437 una
2838 1400 2957 1440 cum
2999 1388 3152 1443 malis
3172 1391 3427 1460 gaudere,
3453 1396 3640 1466 eisque
3679 1403 3968 1469 gratulari.

2361 1469 2454 1525 ille
2484 1474 2628 1528 enim
2671 1486 2844 1545 potest
2866 1478 3044 1537 dicere
3070 1484 3461 1551 necessitatem,
3487 1493 3692 1545 causari
3725 1508 3969 1564 pauper-

2362 1572 2523 1617 tatem
2550 1566 2589 1630 ⁸,
2622 1568 2721 1622 etsi
2760 1586 2865 1623 non
2897 1572 3003 1626 sint
3038 1574 3169 1642 justi
3212 1588 3538 1645 praetextas:
3573 1593 3625 1637 tu
3654 1595 3831 1642 autem
3859 1603 3968 1644 cur

2360 1656 2542 1712 laudas
2566 1662 2705 1729 quo)
2732 1661 2926 1718 factum
2953 1675 3053 1730 est,
3086 1683 3207 1723 cum
3239 1686 3341 1726 nec
3368 1674 3528 1727 ullam
3555 1678 3767 1746 quidem
3794 1696 3863 1737 ex
3892 1698 3967 1739 eo

2359 1749 2681 1817 voluptatem
2706 1756 3007 1825 percipias?
3034 1761 3325 1827 Atque~i|le
3352 1766 3566 1835 quidem
3594 1767 3821 1827 fortasse
3849 1774 3961 1829 du-

2356 1850 2507 1895 cetur
2529 1844 2837 1911 pteuitentia
2868 1865 2882 1901 :
2909 1858 2962 1903 tu
2991 1857 3167 1905 autem
3205 1852 3307 1910 has
3332 1870 3544 1927 quoque
3570 1860 3661 1914 tibi
3683 1859 3828 1917 fores
3856 1880 3955 1920 oc-

2357 1933 2548 1999 cludis,
2579 1937 3023 1995 medicamentum
3047 1945 3207 2011 tollis,
3231 1955 3287 2003 et
3310 1958 3515 2006 tantum
3542 1954 3788 2009 solatium
3805 1972 3962 2014 ever-

2356 2025 2444 2093 tis,
2459 2037 2671 2097 portum
2694 2031 2927 2103 undique
2952 2035 3045 2089 tibi
3066 2039 3347 2095 obstruens
3369 2042 3571 2098 reditus
3596 2044 3662 2098 ad
3688 2048 3959 2114 peniten-

2354 2117 2504 2172 tiam.
2522 2118 2747 2187 Quando
2761 2138 2890 2195 ergo
2909 2135 2960 2181 te
2977 2127 3184 2195 viderit,
3208 2132 3295 2200 qui
3320 2148 3425 2187 non
3450 2144 3666 2201 peccato
3686 2137 3959 2196 obnoxius

2353 2210 2487 2266 alios
2516 2212 2682 2269 debes
2721 2217 3141 2288 reprehendere,
3180 2238 3285 2278 non
3314 2226 3485 2281 solum
3513 2242 3619 2282 non
3654 2229 3706 2283 id
3745 2229 3953 2299 facere,

2354 2304 2449 2359 sed
2494 2308 2652 2361 etiam
2698 2317 2994 2378 praetexere
3038 2322 3093 2369 et
3136 2314 3484 2384 adumbrare;
3530 2329 3584 2375 et
3628 2338 3733 2376 non
3772 2324 3955 2381 solum

2352 2394 2689 2463 adumbrare,
2719 2402 2814 2456 sed
2838 2404 2997 2459 etiam
3019 2420 3176 2475 opem
3206 2407 3350 2464 ferre
3374 2427 3387 2463 :
3411 2412 3535 2481 quid
3557 2412 3624 2468 de
3646 2414 3824 2483 seipse
3852 2434 3981 2484 pu-r

2356 2488 2504 2554 tabit,
2538 2493 2737 2562 etquid
2764 2494 2833 2550 de
2869 2511 2934 2551 eo
2972 2499 3113 2569 quod
3152 2501 3443 2560 admissum
3479 2506 3595 2559 est?
3624 2505 3767 2561 Multi
3799 2509 3953 2565 enim

2352 2578 2615 2649 homines,
2645 2594 2701 2639 ut
2730 2587 3039 2656 plurimum,
3068 2606 3174 2646 non
3205 2607 3271 2647 ex
3306 2594 3370 2648 iis
3396 2595 3590 2658 solum.
3618 2612 3739 2667 quae
3763 2599 3955 2655 animo

2348 2685 2731 2743 conceperunt,
2760 2678 2936 2735 lerunt
2959 2680 3027 2736 de
3054 2684 3214 2739 rebus
3241 2684 3459 2754 agendis
3486 2689 3826 2755 sententiam,
3848 2691 3951 2747 sed

2347 2765 2507 2818 etiam
2535 2766 2604 2820 ab
2622 2768 2850 2824 aliorum
2878 2772 3121 2832 instituto
3144 2776 3503 2848 opinioneque
3523 2781 3760 2849 corrupti
3785 2800 3799 2835 ;
3823 2791 3879 2837 et
3899 2784 3948 2839 si

2347 2855 2436 2923 qui
2464 2859 2723 2925 peccavit,
2754 2859 2947 2916 viderit
2982 2878 3170 2921 omnes
3203 2882 3263 2922 se
3291 2879 3621 2938 aversantes,
3665 2872 3949 2929 existima-

2345 2945 2425 2999 bit
2449 2962 2507 3001 se
2532 2949 2745 3018 aliquod
2773 2967 3022 3023 magnum
3044 2964 3098 3011 et
3123 2956 3396 3028 indignum
3422 2961 3600 3016 scelus
3626 2961 3943 3031 admisisse;

2344 3037 2558 3107 quando
2578 3050 2754 3096 autem
2778 3044 2970 3099 viderit
2990 3062 3097 3103 non
3126 3050 3298 3105 solum
3324 3067 3431 3107 non
3459 3052 3817 3125 indignantes,
3845 3058 3947 3115 sed

2345 3131 2507 3187 etiam
2552 3133 2760 3202 placide
2796 3135 3052 3206 ferentes,
3085 3148 3243 3211 atque
3266 3140 3785 3208 adeo‘blandientes.
3815 3162 3944 3205 cor-

2343 3233 2503 3292 rupto
2526 3224 2781 3296 deinceps
2808 3230 3151 3287 conscientia:
3166 3232 3390 3302 judicio,
3415 3236 3702 3293 multorum
3730 3250 3947 3297 senten-

2345 3317 2416 3371 tia
2436 3316 2740 3387 depra'vatze
2764 3337 2875 3377 sua:
2900 3324 3065 3379 menti
3092 3326 3467 3396 adstipulante,
3491 3331 3620 3401 quid
3642 3347 3745 3387 non
3771 3333 3943 3391 aude-

2342 3408 2462 3465 bit?
2504 3412 2715 3480 quando
2756 3422 2936 3469 autem
2983 3417 3219 3494 seipsum
3266 3421 3674 3497 condemnabit,
3723 3434 3779 3480 et
3820 3426 3945 3484 sine

2343 3502 2594 3571 scrupulo
2638 3518 2860 3572 peccare
2900 3508 3169 3563 cessabit?
3209 3507 3433 3579 Oportet
3474 3513 3653 3584 itaque
3689 3516 3848 3571 etiam
3891 3518 3943 3575 si

2341 3600 2461 3663 quis
2490 3597 2687 3651 malum
2718 3597 2876 3663 faciat
2902 3601 3135 3670 seipsum
3166 3601 3559 3672 condemnare;
3590 3622 3688 3677 per
3716 3607 3767 3663 id
3792 3609 3947 3670 enim

2342 3704 2409 3745 eo
2433 3690 2734 3759 devenitur,
2754 3701 2820 3746 :ut
2849 3710 2878 3748 a
2908 3695 3048 3750 malo
3072 3704 3331 3763 cessetur,
3354 3707 3408 3753 et
3434 3699 3559 3755 licet
3580 3717 3697 3772 quae
3717 3701 3853 3757 bona
3881 3712 3944 3760 et

2343 3783 2563 3837 honesta
2608 3794 2733 3840 sunt
2774 3800 2880 3841 non
2911 3786 3083 3854 iaciat,
3112 3804 3174 3845 ea
3203 3798 3382 3846 tamen
3413 3792 3652 3849 laudare.
3690 3794 3822 3850 Nam
3850 3798 3938 3853 via

2339 3875 2405 3930 ad
2436 3879 2798 3946 operationem
2823 3890 2908 3935 est
2929 3882 3193 3939 alacritas.
3221 3885 3292 3939 At
3316 3884 3423 3949 hic,
3451 3888 3704 3958 quoniam
3729 3888 3795 3944 iis
3814 3905 3939 3960 qua:

2338 3968 2475 4024 ﬁunt
2513 3972 2814 4041 applaudit,
2852 3973 2973 4044 jure
3006 3990 3129 4030 eum
3174 3976 3452 4048 insigniter
3496 3990 3552 4035 et
3587 3981 3940 4039 vehementer

2339 4063 2525 4131 pungit
2551 4078 2613 4118 ac
2637 4072 2806 4119 notat.
2830 4066 2887 4121 Si
2912 4068 3052 4122 enim
3074 4068 3155 4123 vel
3180 4071 3561 4139 reprehensum
3584 4075 3768 4129 vitium
3797 4077 3937 4130 adeo

2335 4154 2499 4224 viget,
2528 4164 2581 4209 et
2607 4157 2815 4211 laudata
2843 4160 3011 4214 virtus
3032 4161 3115 4215 vix
3139 4177 3266 4219 suos
3290 4164 3358 4219 ad
3387 4166 3612 4223 sudores
3639 4180 3932 4237 provocat:

2338 4245 2465 4315 quid
2499 4247 2600 4301 erit
2640 4249 2684 4302 si
2708 4249 2811 4305 hoc
2833 4267 2939 4306 non
2968 4252 3161 4308 factum
3194 4254 3393 4312 fuerit?
3424 4258 3535 4315 Hoc
3561 4262 3750 4316 viderit
3774 4263 3936 4332 quis-

2340 4338 2479 4407 piam
2511 4339 2624 4394 lieri
2666 4342 2747 4395 vel
2790 4343 2840 4397 in
2871 4344 3038 4400 choro
3062 4348 3398 4403 sacerdotum
3430 4368 3444 4404 :
3476 4351 3618 4422 quod
3649 4353 3692 4406 si
3727 4353 3826 4408 hoc
3846 4360 3939 4416 vel

2340 4430 2393 4484 in
2419 4430 2691 4500 discipulis
2709 4449 2871 4503 grave
2898 4444 3001 4505 est,
3034 4438 3203 4493 multo
3230 4441 3397 4513 magis
3421 4441 3475 4495 in
3504 4444 3788 4513 magistris.

2409 4520 2461 4575 8.
2490 4520 2626 4588 Quid
2652 4525 2799 4593 lacis,
2821 4540 2855 4581 ο
2883 4525 3076 4583 homo?
3096 4528 3206 4585 Lex
3230 4532 3419 4586 violata
3448 4541 3548 4599 est,
3580 4538 3932 4604 temperantia

2338 4624 2639 4685 contempta
2661 4629 2760 4683 est,
2790 4627 2867 4673 tot
2887 4630 3102 4690 peccata
3130 4622 3198 4677 ab
3216 4621 3625 4692 aliquoeorum,
3645 4628 3733 4698 qui
3755 4643 3935 4684 Sacer-

2336 4706 2483 4762 dotio
2504 4706 2814 4780 funguntur,
2844 4712 3127 4769 commissa
3144 4724 3288 4782 sunt,
3316 4715 3521 4772 inferna
3540 4721 3784 4788 supernis
3802 4734 3937 4775 cou-

2337 4795 2451 4851 fusa
2469 4810 2595 4853 sunt
2618 4818 2634 4856 :
2660 4810 2820 4871 atque
2838 4802 2973 4858 adeo
2989 4819 3108 4873 quae
3136 4820 3367 4876 superna
3388 4819 3532 4875 sunt,
3559 4810 3765 4867 inferna
3793 4813 3933 4871 facta

2335 4899 2477 4955 sunt,
2502 4901 2557 4947 et
2581 4901 2635 4946 tu
2662 4908 2769 4947 non
2791 4894 3187 4963 perhorrescis?
3206 4901 3275 4953 At
3297 4900 3553 4969 propheta
3574 4902 3789 4971 quidem
3814 4905 3932 4974 ipsa

2337 4982 2497 5036 etiam
2519 4983 2783 5039 elementa
2801 4986 3122 5041 insensibilia
3139 4998 3294 5044 vocat
3318 4992 3385 5045 ad
3407 4994 3723 5063 gravissimo
3742 4996 3935 5055 dolore

2336 5074 2493 5127 simul
2520 5074 2764 5130 deﬂenda
2797 5090 2859 5131 ac
2885 5075 3210 5147 deploranda
3236 5082 3394 5147 mala,
3422 5098 3542 5153 qua:
3573 5090 3936 5144 communiter

2339 5164 2470 5228 ﬁunt
2493 5184 2507 5218 ι
2532 5168 2739 5238 Stupuit
2756 5169 2953 5231 calum.
2971 5181 3017 5225 et
3034 5180 3167 5225 terra
3182 5172 3376 5227 horruit
3394 5192 3552 5245 supra
3568 5179 3775 5233 modum
3793 5180 3848 5252 (Ι
3853 5197 3935 5237 er.

2336 5257 2390 5311 2.
2425 5259 2537 5329 12).
2576 5258 2638 5313 Et
2663 5275 2849 5315 rursus
2888 5278 2903 5316 :
2956 5261 3167 5334 Lugebit
3196 5264 3477 5331 Carmelus,
3510 5268 3696 5340 lugebit
3723 5272 3891 5328 vinum
3912 5317 3927 5337 ,

2338 5349 2523 5420 lugebit
2541 5352 2685 5405 vinea
2706 5350 2857 5422 (Isai.
2879 5352 2967 5408 24.
2987 5354 3063 5425 7).
3088 5356 3154 5409 Ει
3170 5357 3417 5411 inanima:
3437 5360 3649 5429 quidem
3672 5372 3935 5422 creatura

2338 5440 2519 5510 lugent
2558 5451 2612 5497 et
2652 5443 3023 5513 ingemiscunt,
3057 5459 3217 5517 atque
3246 5464 3350 5503 una
3381 5465 3503 5506 cum
3534 5452 3759 5509 Domino
3784 5454 3926 5512 indi-

2336 5544 2565 5604 gnantur
2588 5554 2599 5588 :
2620 5546 2672 5589 tu
2696 5546 2868 5592 autem
2885 5540 2971 5611 qui
2994 5556 3055 5595 es
3080 5542 3303 5597 rationis
3325 5544 3609 5615 particeps,
3634 5563 3739 5602 non
3757 5547 3931 5618 doles,

2340 5645 2443 5685 non
2493 5631 2861 5699 reprehendis,
2904 5650 3008 5687 non
3039 5650 3098 5689 es
3128 5635 3417 5692 vehemens
3446 5639 3599 5694 ultor-
3624 5640 3799 5711 legum
3834 5642 3929 5700 Dei

2418 5789 2431 5818 ¹
2470 5794 2536 5836 Su:
2558 5786 2751 5849 Μωι·ε1.ι;
2780 5795 2911 5853 ηδε..
2940 5790 3017 5840 ille
3042 5792 3165 5842 enim
3185 5800 3331 5857 potest
3366 5795 3526 5846 dicere
3550 5796 3837 5859 passionem.
