4156 6422
724 259 833 314 253

723 368 933 421 δεῖται
974 362 1048 434 μή
1090 362 1195 434 γὰρ
1238 360 1574 433 βοηθούντων
1617 360 1838 432 χρῄζει;
1894 360 2027 421 ἀλλά
2063 359 2308 429 βούλεταί

728 469 788 505 σε
837 450 1120 523 ὑπηρέτην
1156 448 1343 501 τούτου
1394 446 1674 514 γενέσθαι.
1728 448 1814 499 ἵνα
1864 447 1937 516 μή
1970 450 2082 508 τοῖς
2128 446 2309 507 αὐτοῖς

726 528 1049 608 περιπέσῃς,
1078 538 1135 591 ἐν
1161 537 1227 606 τῇ
1259 535 1379 589 καθ’
1414 535 1601 605 ἐτέρου
1630 536 2001 604 ἀγανακτήσει
2034 533 2308 604 σώφρονι-

727 642 917 695 στερος
936 623 1238 693 γινόμενος,
1269 623 1355 675 ῖνα
1390 622 1683 677 κάντεῦθεν
1706 621 1767 674 τὸ
1795 621 2039 690 φιλόθεόν
2079 639 2172 695 aqu
2197 620 2306 673 δεί-

728 710 843 782 ﬁne.
888 711 1054 763 Ὅταν
1084 709 1194 781 γὰρ
1217 710 1556 778 ἁμαρτόντος
1582 709 1770 778 ἐτέρου
1795 707 2180 778 παραδράμῃς,
2214 708 2307 759 καὶ

729 800 803 866 μή
840 786 1130 865 ἐπεξέλθῃ
1148 807 1196 858 ι,
1227 794 1358 865 μηδὲ
1387 795 1649 867 ἀλγήσῃς,
1678 794 2055 866 ῥᾳθυμοτὲραν
2092 810 2183 847 σου
2207 793 2306 863 τήν

724 884 902 954 ψυχὴν
938 886 1107 945 ποιεῖς
1132 882 1227 938 καὶ
1249 884 1621 953 εὐέμπτωτον,
1651 883 1746 935 καὶ
1775 883 2009 952 μάλιστα
2047 881 2305 943 πολλάκις

728 969 1166 1041 παρασκευάζεις
1188 969 1217 1009 δ
1240 971 1350 1030 τοῖς
1376 968 1560 1032 αὐτοῖς
1588 971 1908 1039 περιπεσεῖν
1926 984 1940 997 ·
1968 970 2216 1021 κάκεῖνον
2248 967 2305 1021 δὲ

726 1060 787 1109 οὑ
813 1059 880 1112 τὰ
909 1058 1136 1128 τυχόντα
1172 1054 1583 1126 παραϐλάπτεις
1613 1059 1679 1128 τῇ
1708 1057 1921 1129 ἀκαίρῳ
1962 1041 2145 1127 χάριτι
2175 1055 2306 1123 ταύτ

726 1161 815 1217 τῃ,
847 1144 1250 1214 αὐστηροτέρας
1277 1142 1427 1213 αὐτῷ
1456 1144 1622 1197 ποιῶν
1649 1144 1747 1207 τὰς
1774 1146 1831 1198 ἐν
1849 1146 1929 1215 τῷ
1955 1143 2196 1216 μέλλοντι
2217 1144 2305 1197 εὑ-

728 1233 910 1295 θύνας,
935 1232 1025 1284 καὶ
1047 1231 1181 1301 πρὸς
1203 1228 1270 1283 τά
1302 1230 1544 1301 παρόντα
1574 1231 1944 1302 ῥᾳθυμότερον
1969 1230 2306 1284 κατασκευάο

726 1319 853 1384 ζων.
891 1318 1074 1371 Ταῦτα
1100 1317 1155 1369 δέ
1190 1319 1251 1369 οὐ
1279 1319 1408 1389 περὶ
1432 1318 1681 1371 κλεπτῶν
1714 1319 1874 1389 μόνον
1901 1320 2135 1390 εἴρηται,
2168 1316 2307 1371 ἀλλά

726 1406 819 1460 καὶ
843 1405 969 1476 περ)⁵
996 1403 1195 1467 παντὸς
1222 1405 1639 1473 ἁμαρτήματος*
1670 1405 1732 1457 τὸ
1757 1405 1814 1458 δὲ
1841 1405 2066 1475 ἔσχατον
2094 1403 2303 1457 τέθεικε

723 1495 833 1547 τῶν
867 1490 1370 1563 πλημμελημάτων,
1402 1491 1468 1544 tv‘
1493 1493 1639 1563 εἰδῇς
1675 1492 1757 1545 ὅτι
1790 1494 1819 1545 6
1852 1494 1944 1568 ἐπὶ
1970 1491 2048 1562 τῷ
2082 1490 2305 1558 τοιούτῳ

726 1582 1055 1652 συγγνώμην
1088 1582 1189 1653 οὑκ
1212 1580 1371 1651 ἔχων,
1402 1580 1585 1651 πολλῷ
1612 1580 1813 1653 μᾶλλον
1851 1583 1935 1650 ἐφ’
1970 1580 2157 1652 ἐτέρου
2203 1581 2305 1633 οὐκ

725 1668 1089 1739 ἀπολαύσεται
1108 1652 1323 1738 ταύτης
1344 1668 1442 1739 τῆς
1471 1652 1846 1739 παραμυθίας.
1880 1669 2147 1721 ’Δκουσον
2173 1666 2305 1734 γοῦν

726 1758 819 1810 καὶ
846 1755 971 1825 ἑξῆς
992 1755 1044 1807 τί
1068 1771 1228 1825 φησι·
1254 1755 1363 1809 Καὶ
1389 1756 1540 1824 μετὰ
1556 1753 1788 1825 μοιχῶν
1813 1753 1928 1823 τὴν
1944 1754 2157 1823 μερίδα
2186 1770 2304 1808 σου

722 1846 963 1908 ἐτίθεις·
989 1844 1082 1896 ἐπὶ
1112 1843 1172 1894 τὸ
1200 1841 1384 1912 μεῖζον
1412 1841 1601 1895 ἐλθών.
1630 1840 1819 1911 Πολλῷ
1849 1841 1959 1913 7&9
1981 1843 2158 1895 ἐκεῖνο
2178 1840 2303 1893 τού-

722 1947 817 1984 του
842 1929 1081 1983 ἐλαττον.
1109 1928 1219 1981 Καί
1248 1945 1331 1990 τις
1364 1927 1472 1980 τῶν
1500 1927 1911 1999 ἁμαρτημάτων
1936 1928 2141 1985 τούτων
2173 1927 2305 1995 σύγ-

724 2033 906 2088 κρισιν
936 2015 1255 2085 ποιούμενος
1285 2014 1457 2078 οὕτως
1485 2014 1690 2083 ἐλεγενο
1721 2017 1804 2069 Οὐ
1823 2012 2171 2085 θαύμαστὸν
2196 2014 2306 2068 ἐὰν

722 2100 852 2168 ἁλῷ
870 2119 959 2169 τις
977 2101 1269 2156 κλέπτων·
1293 2101 1535 2156 κλέπτει
1561 2102 1670 2172 γὰρ
1690 2102 1789 2156 ἵνα
1814 2101 1931 2171 τὴν
1959 2102 2173 2171 ψυχὴν
2195 2103 2301 2177 αύ-

724 2189 831 2242 τοῡ
849 2187 1135 2257 ἐμπλήσῃ
1169 2187 1495 2243 πεινῶσαν.
1525 2189 1589 2242 Εἰ
1616 2190 1797 2243 τοίνυν
1827 2188 1986 2242 τοῦτο
2015 2189 2303 2257 ἀσύγγνω-

725 2292 870 2338 στον,
910 2275 1090 2346 πολλῷ
1142 2277 1341 2347 μᾶλλον
1377 2277 1614 2347 μοιχεία.
1658 2276 1923 2331 Ἐνταῦθα
1958 2277 2017 2331 δέ
2059 2280 2305 2348 μοιχείαν

723 2366 823 2432 τὴν
867 2365 1121 2434 πορνείαν
1165 2364 1349 2435 φησίν.
1391 2366 1489 2417 ’Δν
1524 2366 1704 2418 τοίνυν
1735 2365 1851 2436 ῐδῃς
1881 2364 2005 2418 τινὰ
2026 2366 2136 2418 τῶν
2169 2365 2305 2435 μετά

728 2450 822 2503 σοῦ
848 2450 1260 2520 ἀγελαζομένων
1289 2450 1642 2523 πορνεύνντα,
1674 2452 1765 2504 καὶ
1789 2452 2106 2522 μυστηρίοις
2135 2469 2305 2523 προσ-

724 2538 1038 2608 ερχόμενον,
1080 2538 1200 2597 είπέ
1232 2537 1308 2607 τῷ
1335 2538 1733 2608 διακονουμένῳ
1774 2540 1842 2609 τῇ
1878 2541 2084 2591 τούτων
2130 2538 2305 2592 διανο-

726 2627 802 2695 μῇ
827 2635 848 2663 ο
871 2641 883 2655 ·
916 2624 973 2678 '0
1001 2622 1147 2677 δεῖνα
1180 2623 1397 2688 ἀνάξιος
1425 2623 1534 2678 τῶν
1569 2624 1902 2696 μυστηρίων,
1935 2625 2179 2679 κώλυσον
2205 2626 2305 2689 τὰς

725 2711 982 2782 βεϐήλους
1025 2714 1231 2783 χεῖρας.
1269 2712 1332 2764 Εἰ
1354 2711 1460 2782 γὰρ
1496 2712 1629 2783 μηδὲ
1660 2712 1963 2782 διηγεῖσθαι
1989 2712 2058 2765 τὰ
2081 2712 2303 2766 δικαιώ-

726 2816 871 2869 ματα
892 2798 1060 2879 ἄξιος,
1090 2799 1362 2869 ἐννόησον,
1384 2794 1438 2851 οἷ
1459 2798 1793 2869 προϐήσεται
1820 2799 1888 2852 τὰ
1911 2800 2010 2869 τῆς
2032 2800 2305 2865 κολάσεως

721 2889 891 2959 αύτῷ,
938 2890 1065 2943 ὅταν
1114 2890 1208 2943 καὶ
1257 2888 1359 2956 τῆς
1405 2890 1557 2960 ίερᾶς
1591 2889 1829 2960 ἅπτηται
1860 2890 2159 2960 τραπέζης,
2202 2893 2305 2946 οὐκ
2356 2954 2361 2959 λ

722 2977 869 3047 αὐτῷ
896 2977 951 3029 δὲ
977 2978 1157 3047 μόνον.
1196 2976 1332 3030 ἀλλὰ
1360 2977 1550 3047 καὶτῷ
1582 2979 1949 3042 συσκιάζοντι.
1985 2980 2060 3032 υύ
2087 2980 2195 3053 γὰρ
2226 2975 2305 3033 εῖ-

722 3086 816 3133 πε,
857 3069 965 3121 Καὶ
987 3067 1289 3139 ἐμοίχευες,
1322 3066 1478 3133 ἀλλά,
1505 3068 1667 3121 Μετὰ
1691 3065 1921 3138 μοιχῶν
1943 3068 2060 3136 τὴν
2090 3070 2305 3138 μερίδα

724 3159 878 3232 [257]
905 3175 1022 3214 σου
1051 3160 1281 3226 ἐτίθεις.
1323 3158 1520 3221 Βαϐαὶ,
1551 3158 1738 3230 ήλίκαν
1758 3160 1876 3213 ἐστὶ
1902 3162 2072 3222 κακὸν
2108 3163 2174 3217 ἐκ
2205 3164 2301 3218 τοῦ

724 3251 1092 3325 περιστέλλειν
1117 3250 1227 3303 τῶν
1258 3248 1431 3319 ἄλλων
1464 3250 1561 3313 τὰς
1596 3249 1912 3320 σηπεδόνας,
1944 3252 2078 3305 ὅπου
2116 3269 2179 3321 γε
2210 3254 2304 3308 καὶ

725 3343 977 3396 κοινωνὸν
1006 3342 1167 3397 αὐτόν
1196 3358 1359 3411 φησιν
1382 3338 1520 3395 εἶναι
1538 3341 1635 3412 τῆς
1657 3342 1749 3394 ἐπὶ
1766 3341 1845 3413 τῷ
1870 3341 1977 3415 πλη
1985 3343 2162 3415 μμελή
2172 3362 2302 3415 ματι

722 3432 1008 3503 τιμωρίας,
1039 3432 1131 3484 καὶ
1151 3432 1250 3484 οὐκ
1276 3430 1494 3486 ἔλαττον
1519 3430 1553 3500 ἢ
1582 3432 1805 3495 ἐκεῖνος.
1848 3430 1909 3486 '0
1938 3433 2037 3503 μὲν
2058 3432 2168 3505 7&9
2190 3434 2303 3506 ἔχει

723 3520 781 3572 τὸ
816 3519 985 3582 πάθος
1027 3521 1225 3585 εἰπεῖν,
1275 3521 1323 3571 εί
1366 3518 1463 3572 καὶ
1503 3518 1893 3588 ἀσύγγνωστος
1935 3523 1970 3592 ή
2006 3523 2300 3593 πρόφασις,

721 3606 864 3659 καθά
889 3607 917 3659 6
948 3606 1185 3678 κλέπτης
1226 3606 1316 3659 τὸν
1346 3605 1524 3676 λιμόν·
1563 3607 1627 3659 σὺ
1674 3607 1731 3660 δέ
1773 3608 1895 3662 οὺδέ
1922 3608 2098 3663 τοῦτο.
2148 3611 2304 3675 Τίνος

719 3689 813 3747 οὖν
845 3692 1175 3765 ἐνεκενγτῆς
1200 3689 1394 3765 ήδονῆς
1422 3693 1521 3747 οὐκ
1547 3692 1856 3760 ἀπολαύων,
1896 3694 1998 3766 τῆς
2027 3697 2303 3763 κολάσεως

720 3790 996 3849 κοινωνεῖς
1048 3788 1140 3840 καὶ
1198 3786 1461 3857 μεριστής
1502 3786 1657 3858 γίνῃ;
1707 3784 1808 3839 Διά
1840 3785 1906 3859 δὴ
1931 3786 2211 3842 τοῦτοααὶ
2250 3791 2301 3843 οί

721 3874 920 3938 ἔξωθεν
955 3874 1204 3933 δικασταὶ
1234 3875 1353 3944 οὐχὶ
1374 3876 1500 3938 τοὺς
1527 3874 1909 3946 τολμήσαντας
1949 3877 2130 3947 μόνον,
2163 3880 2302 3934 ἀλλὰ

723 3972 816 4021 καὶ
853 3967 961 4019 τῶν
990 3966 1218 4021 οἰκετῶν
1255 3967 1321 4022 ἂν
1360 3967 1509 4020 ίδωσι
1544 3969 1850 4033 συνειδότας
1889 3970 1969 4043 τῷ
2014 3974 2300 4045 πράγματι

723 4058 1028 4123 κολάζουσι,
1051 4059 1145 4113 καὶ
1176 4060 1224 4111 οί
1252 4059 1635 4132 παραδιδόντες
1662 4061 1919 4116 δεσπόται
1948 4063 2118 4133 ἡδέως
2144 4064 2212 4118 ἂν
2240 4065 2302 4118 τὸ

723 4145 862 4220 αἷμα
888 4150 1067 4204 αὐτῶν
1095 4149 1358 4212 ἐκπίοιεν,
1382 4155 1477 4205 καὶ
1500 4151 1607 4204 τῶν
1640 4152 1857 4221 σαρκῶν
1881 4153 2297 4223 ἀπογεύσαιντο,

726 4241 820 4294 καὶ
850 4240 1031 4305 αὐτοῖς
1061 4239 1363 4308 λογίζονται
1397 4240 1495 4312 τήν
1529 4241 1778 4307 ἐξουσίαν
1802 4242 1894 4296 τοῦ
1930 4246 2297 4316 γεγενημένου

723 4332 823 4385 οὐκ
853 4332 1093 4394 ἔλαττον,
1128 4332 1160 4402 ή
1196 4334 1261 4402 τῇ
1293 4332 1664 4407 μοιχευθείσῃ.
1696 4334 1760 4387 Οἱ
1796 4328 1905 4406 γάρ
1948 4336 2018 4389 τὰ
2046 4355 2297 4409 παραπε.

722 4424 973 4492 τάσματα
1018 4423 1092 4493 μή
1128 4423 1563 4501 ἀναστείλαντες,
1610 4425 1762 4478 αὐτοὶ
1812 4426 2033 4482 πλείονα
2074 4429 2174 4494 τὴν
2208 4431 2297 4497 ἐξο

722 4516 907 4568 ουσίαν
940 4517 1051 4577 τοῖς
1090 4514 1486 4584 κρυπτομένοις
1530 4515 1846 4579 δεδώκασιν·
1887 4513 2029 4573 οὗτοι
2070 4523 2164 4574 καὶ
2198 4523 2297 4594 τήν

726 4606 1102 4678 μοιχευθεῖσαν
1146 4606 1243 4659 καὶ
1282 4605 1374 4659 τὸν
1394 4607 1722 4678 ἠδικημένον
1751 4608 1979 4683 ὕϐρισαν
2006 4612 2172 4683 ἄνδρα
2202 4616 2298 4671 καὶ
2374 4650 2375 4653 η

720 4699 881 4752 αὑτὸν
907 4698 998 4751 τὸν
1031 4696 1414 4769 μοιχεύσαντα.
1450 4698 1513 4752 El
1552 4698 1661 4771 7&9
1702 4704 2200 4775 προκατήγγέιλαν,
2247 4710 2297 4762 εί

720 4793 827 4865 γὰρ
850 4794 1006 4864 δῆλον
1033 4794 1319 4865 ἐποίησαν,
1353 4796 1533 4851 πᾶσαν
1568 4796 1634 4851 ἂν
1663 4796 1762 4870 τήν
1794 4800 1975 4872 ἁγραν
2003 4801 2294 4873 ἐσόϐησαν.

721 4888 829 4959 Καὶ
868 4885 1120 4956 καθάπερ
1153 4888 1350 4941 ἐκεῖνοι
1393 4888 1627 4958 μάλιστά
1664 4890 1803 4944 είσιν
1850 4894 1899 4945 οί
1936 4892 2295 4963 ἐμϐάλλοντες

719 4966 808 5044 εἰς’
834 4980 931 5044 τὰς
972 4980 1175 5047 πάγας,
1227 4981 1275 5032 οί
1323 4978 1420 5042 τὰς
1463 4980 1646 5050 πάγας
1703 4983 2159 5053 περιστέλλοντες,
2201 4986 2296 5041 καὶ

720 5070 1147 5143 περικαθήμενοι
1170 5074 1280 5135 τοῖς
1302 5071 1585 5142 μέλλουσιν
1605 5072 1945 5141 ἁλίσκεσθαι,
1978 5077 2071 5131 καὶ
2094 5080 2293 5132 πάντοο

717 5162 809 5217 θεν
838 5164 1052 5217 ἅπαντα
1082 5162 1411 5232 κρύπτοντες
1438 5164 1608 5229 δόλον,
1634 5166 1730 5221 καὶ
1767 5168 1905 5238 μήτε
1934 5168 2127 5239 ψόφον,
2156 5171 2293 5241 μήτε

717 5255 844 5309 ἀλλο
879 5271 932 5309 τι
962 5255 1367 5326 συγχωροῦντες
1404 5256 1658 5324 γενέσθαι
1692 5258 1751 5312 τὸ
1791 5259 2089 5331 δυνάμενον
2133 5262 2294 5333 σοϐῆ-

778 5431 806 5501 f
831 5428 917 5501 §ic
938 5443 1052 5479 mss.
1076 5435 1129 5481 et
1152 5430 1324 5501 SM},
1339 5434 1495 5501 lecte.
1524 5430 1919 5501 δῖοι-ειηει-Βεε,
1943 5438 2210 5501 (ultimm.

780 5492 809 5531 ι)
831 5493 985 5543 Deest
1023 5507 1231 5555 παρασκ.
1258 5494 1306 5541 in
1338 5492 1485 5604 Reg,
1514 5492 1642 5564 μοι’.
1670 5499 1724 5544 et
1754 5492 1923 5547 nouit.
1957 5492 2084 5550 Illud
2122 5492 2288 5553 αἶιίεω

780 5551 999 5604 boletum
1021 5560 1098 5603 est
1119 5566 1147 5602 ε
1169 5553 1307 5604 Colh.
1339 5563 1395 5603 et
1450 5557 1564 5604 avul.
1592 5555 1726 5604 Εοιτ.

716 5551 999 5615 suppletum
1021 5551 1103 5603 est
1119 5566 1147 5602 e
1169 5553 1307 5604 Colh.
1339 5563 1395 5603 et
1415 5551 1508 5604 Sav

783 5614 971 5687 cum;
1014 5615 1133 5687 “eg.
1154 5617 1240 5687 τὴν
1487 5618 1729 5687 διανομήν.
1742 5619 1887 5687 Infra
1912 5622 1958 5669 οι
1997 5625 2287 5687 προϐήσεται

717 5690 832 5726 mss.
854 5682 907 5727 et
927 5676 1106 5737 Savil.,
1133 5683 1285 5727 recte.
1318 5677 1487 5728 Morel.
1518 5676 1947 5743 οίονπροϐήσεται.

1510 5556 1564 5604 il.
1592 5555 1726 5605 Enrr.

1408 253 1464 308 S.
1504 249 1789 309 JOANNIS
1825 246 2318 307 CIIRYSUSTOMI
2359 247 2678 304 ARCHIEP.
2721 248 3269 307 (IONSTANTINOP.

3904 238 4023 293 254

2419 378 2507 414 σαι
2537 361 2850 433 τήνιθήραν·
2872 362 3015 415 οὕτω
3035 363 3098 433 δή
3124 363 3218 416 καὶ
3247 362 3501 421 ἐνταῦθα.
3524 360 3588 415 ἀν
3620 360 4015 432 παρακαθίσῃς

2414 451 2479 519 τῇ
2504 467 2586 503 κει
2597 450 2733 520 μένῃ
2764 450 2913 520 παρὰ
2940 452 3035 503 του
3062 451 3307 504 διαϐόλου
3339 450 3546 518 παγίδι.
3580 450 3673 502 καὶ
3697 448 3852 512 εἰδὼς
3881 449 4016 519 μιλ-
4078 448 4099 521 Ε,

2414 536 2573 589 λοντα
2623 538 2917 607 ἐμπίπτειν
2965 537 3056 590 τὸν
3110 538 3296 607 μοιχὸν
3351 537 3425 607 μὴ
3479 535 3805 607 θορυϐήσῃς.
3863 535 4016 605 μηδὲ

2416 625 2679 695 πτοήσῃς,
2702 624 2823 677 τότε
2864 624 3101 694 μάλιστα
3125 624 3289 676 αὑτὸν
3313 623 3553 684 ἀπολεῖς.
3636 642 3645 647 ’
4080 622 4099 685 "l

2483 710 2575 780 Μὴ
2601 710 2709 778 γάρ
2748 727 2839 779 μοι
2874 712 3051 763 ἐκεῖνο
3080 710 3142 763 τὸ
3180 710 3333 779 ῥῆμα
3362 710 3489 777 λέγε
3512 708 3571 762 τὸ
3606 707 3809 778 πολλῆς
3830 707 4020 778 γέμον

2412 798 2765 867 ἀναλγησίας·
2798 797 2862 850 Τί
2899 797 2955 852 δέ
2994 814 3086 868 μοι
3120 797 3309 867 μέλει;
3346 797 3413 850 τὰ
3455 796 3691 866 ἐμαυτοῦ
3725 794 4018 866 μεριμνῶν

2411 886 2533 939 τότε
2572 883 2681 955 7&9
2718 884 2954 955 μάλιστα
3006 886 3365 954 μεριμνήσεις
3411 884 3480 937 τὰ
3530 881 3619 937 σά.
3660 883 3785 935 ὅταν
3825 885 3895 937 τὰ
3937 883 4024 936 at

2413 969 2581 1043 ζητῇς
2612 975 2670 1025 ἐν
2701 971 2779 1040 τῷ
2806 970 2902 1023 τοῦ
2932 970 3158 1041 πλησίον
3190 967 3539 1041 πμφέᾆοντι.
3565 969 3657 1022 Διὸ
3681 971 3774 1023 καὶ
3797 972 3828 1023 6
3863 970 4023 1023 Παῦ-

2409 1060 2500 1123 λος
2530 1060 2703 1129 ἐλεγε·
2735 1058 2959 1127 Μηδεὶς
2990 1059 3056 1112 τό
3078 1058 3294 1113 ἑαυτοῦ
3324 1058 3579 1126 ζητείτω,
3610 1059 3773 1113 ἀλλὰ
3799 1060 3867 1112 τὸ
3896 1051 4021 1113 τοῦ

2412 1151 2639 1219 ἐτέρου.
2676 1150 2811 1215 Ἵνα,
2848 1152 3033 1221 φησὶν,
3067 1150 3234 1224 εὕρῃς
3265 1150 3329 1203 τδ
3353 1150 3574 1215 σαυτοῦ,
3609 1148 3758 1221 ζήτει
3799 1151 3863 1205 τδ
3907 1149 4019 1204 τοῦ

2411 1239 2620 1311 ἐτέρου.
2661 1241 2730 1293 Τό
2767 1240 2962 1309 στόμα
2991 1254 3108 1293 σου
3152 1239 3489 1292 ἐπλεόνασε
3536 1241 3775 1300 κακίαν.
3826 1239 3930 1294 καί
3968 1247 4017 1305 η

2410 1326 2663 1393 γλῶσσά
2692 1342 2808 1381 σου
2844 1326 3195 1395 περιέπλεκε
3240 1320 3615 1393 δολιότηταςξ
3653 1326 4020 1395 Καθήμενος

2410 1418 2559 1471 κατὰ
2584 1418 2689 1493 τοῦ
2712 1417 2981 1487 ἀδελφοῦ
3018 1434 3134 1472 σου
3166 1416 3541 1482 κατελάλεις,
3576 1417 3675 1470 καί
3704 1417 3856 1470 κατά
3895 1414 4018 1469 τοῦ

2410 1507 2545 1562 υἱοῦ
2578 1507 2687 1576 τῆς
2704 1509 2930 1577 μητρός
2958 1523 3076 1561 σου
3098 1506 3715 1571 ὲτίθειςησκάνδαλον.
3750 1506 3869 1559 ἰνα
3891 1506 4014 1578 γὰρ

2414 1599 2490 1671 μή
2527 1598 2661 1671 λέγῃ
2687 1616 2702 1631 ·
2744 1600 2877 1653 Ἀπὸ
2903 1597 3315 1670 φιλανθρωπίας
3360 1594 3535 1651 ταῦτα
3562 1595 3701 1650 ποιῶ
3720 1610 3735 1625 '
3766 1596 4013 1667 μάλιστα

2413 1692 2535 1760 μὲν,
2573 1692 2701 1746 ποία
2742 1691 2809 1746 ἂν
2840 1689 2928 1763 εἴη
2967 1690 3124 1745 τοῦτο
3154 1689 3569 1762 φιλανθρωπία,
3598 1689 3691 1744 τὸν
3736 1688 4013 1760 μέλλοντα

2410 1785 2491 1845 είς
2518 1780 2794 1855 βάραθρον
2830 1782 3127 1853 ἐμπίπτειν
3165 1780 3241 1852 μή
3278 1779 3531 1843 κωλύειν,
3571 1779 3705 1851 μηδὲ
3733 1778 4015 1832 ἀναστέλ-

2410 1869 2552 1935 λειν;
2585 1870 2647 1923 τὸ
2679 1870 3001 1941 χαρίζεσθαι
3022 1868 3182 1939 ήδονῇ
3211 1868 3417 1938 ἁδίκῳ;
3448 1867 3510 1920 τὸ
3550 1868 3806 1937 περιορᾷν
3833 1865 4016 1937 δηλη-

2408 1959 2597 2028 τήριον
2631 1958 2925 2030 φάρμακον
2954 1955 3176 2009 πίνοντα
3202 1972 3216 2021 ;
3244 1953 3391 2024 Πλὴν
3417 1951 3533 2006 ἀλλ’
3565 1952 3688 2005 οὐδὲ
3714 1950 3877 2005 τοῦτο
3912 1949 4016 2003 δυ-

2410 2048 2552 2121 νήσῃ
2579 2046 2776 2115 λέγειν.
2813 2048 2937 2101 Ὅτι
2975 2046 3085 2119 γὰρ
3115 2047 3177 2101 ού
3218 2046 3630 2120 φιλανθρωπίας
3665 2046 3844 2107 τοῦτο.
3885 2043 4013 2098 ἀλλ’

2412 2135 2582 2188 ῦπνου
2618 2136 2713 2188 καὶ
2739 2135 2967 2198 νωθείας
2993 2136 3087 2188 καὶ
3116 2134 3410 2205 ῥᾳθυμίας,
3442 2134 3558 2198 πῶς
3583 2135 3675 2188 τὸν
3709 2132 4012 2187 ἀδικοῦντα

2411 2224 2571 2292 ἀφεὶς
2609 2222 2702 2276 τὸν
2741 2223 2893 2277 οὐδὲν
2938 2222 3235 2293 ἠδικηκότα
3283 2222 3513 2291 ἀδελφὸν
3551 2220 3740 2285 κακῶς
3777 2220 3962 2288 λέγεις
3991 2236 4007 2285 ς

2412 2313 2531 2375 πῶς
2560 2297 2927 2376 ἐπιϐουλεύεις
2949 2311 3028 2383 τῷ
3058 2311 3223 2383 μηδὲν
3247 2309 3552 2381 ἠδικηκότι,
3585 2310 3721 2381 μηδὲ
3749 2310 4015 2381 πεπλημ-

2414 2403 2703 2472 μεληκότι;
2732 2403 2873 2473 Ὅρα
2900 2402 3100 2456 κακίαν
3143 2402 3485 2473 ἑκατέρωθεν
3510 2403 3591 2465 είς
3625 2403 3795 2472 ἀκρον
3821 2402 4013 2453 ἐκτει-

2410 2491 2661 2560 νομένην.
2698 2489 2803 2542 Τὸν
2851 2489 2947 2558 μὲν
2985 2488 3091 2540 ὑπὸ
3130 2488 3230 2557 τῆς
3275 2486 3573 2559 ἐπιθυμίας
3624 2484 3893 2556 μεθύοντα
3938 2485 4010 2539 οῦ

2411 2576 2643 2639 κωλύεις
2664 2576 2904 2647 μεθύειν,
2941 2576 3083 2631 ὥστε
3106 2574 3473 2646 σωφρονῆσαι,
3496 2573 3588 2627 τὶν
3618 2573 3675 2626 δέ
3711 2572 3863 2626 οὐδὲν
3886 2571 4013 2641 ἠδι-

2412 2666 2618 2739 κηκότα
2655 2666 2923 2730 κολάζεις.
2965 2664 3312 2735 Καθήμενος
3351 2662 3461 2732 γὰρ
3501 2662 3654 2716 κατὰ
3685 2659 4012 2739 τοῦλάδελο

2411 2736 2529 2826 φάῦ
2555 2772 2673 2812 σου
2704 2756 3076 2824 κατελάλεις,
3111 2757 3209 2810 καί
3244 2756 3393 2810 κατά
3432 2752 3541 2810 τοῦ
3566 2754 3701 2809 υίοῦ
3739 2736 3848 2821 τῆς
3884 2769 4010 2823 μη-

2410 2846 2549 2914 τρός
2578 2862 2696 2899 σου
2720 2844 2935 2910 ἐτίθεις
2959 2843 3333 2917 σκάνδαλον.

2480 2935 2544 2989 θ’.
2571 2934 2721 3007 Ιεᾷὃ]
2753 2936 2893 3008 Ὅρα
2924 2936 3042 2998 πῶς
3070 2938 3136 3006 τῇ
3176 2932 3509 3005 ἐπεξηγήσει
3533 2932 3631 3003 τὴν
3657 2931 4005 3003 κατηγορίαν

2410 3022 2584 3089 αὔξει.
2613 3023 2717 3077 Τὸν
2742 3025 2844 3088 τὰς
2865 3022 3034 3088 αὑτὰς
3056 3023 3297 3078 λύσαντά
3317 3040 3421 3085 σοι,
3446 3025 3631 3092 φησὶν,
3653 3020 3868 3084 ὠδῖνας,
3901 3019 4005 3074 τὸν

2408 3110 2508 3181 τῆς
2535 3110 2706 3180 αὐτῆς
2735 3126 2817 3163 σοι
2849 3110 3283 3181 κεκοινωνηκότα
3311 3110 3526 3181 νηδύος,
3562 3108 3655 3162 τὸν
3690 3108 3867 3172 οἰκίας
3899 3108 4004 3162 καὶ

2408 3201 2686 3272 τραπέζης
2711 3202 2805 3255 καὶ
2827 3202 3033 3274 τροφῆς
3063 3202 3400 3273 μετασχόντα
3428 3202 3528 3273 τῆς
3556 3202 3745 3272 αὐτῆς,
3766 3202 3857 3254 τὸν
3887 3200 4010 3255 ἀπὸ

2370 3348 2373 3349 ν
2413 3291 2951 3363 μιᾶςβλαστήσαντα
2997 3292 3176 3363 ῥίζης,
3203 3294 3297 3346 τὸν
3328 3294 3428 3364 τήν
3467 3294 3645 3366 αὐτὴν
3665 3293 3858 3365 ἔχοντα
3896 3291 4008 3363 τῆς

2409 3382 2675 3451 γενέσεως
2696 3383 2895 3455 ἀρχὴν,
2918 3384 3013 3438 τὸν
3034 3385 3100 3439 ἐκ
3122 3384 3347 3457 πρώτης
3372 3386 3587 3457 ήλικίας
3615 3384 4008 3442 συναναϐάντα.

2411 3492 2515 3535 σοι.
2544 3474 2731 3529 τοῦτον
2756 3474 2943 3539 κακῶς
2979 3476 3178 3546 λέγεις,
3210 3479 3306 3532 καὶ
3340 3477 3404 3532 ού
3452 3476 3635 3541 κακῶς
3671 3478 3851 3547 λέγεις
3894 3478 4003 3549 μό-

2409 3584 2518 3629 νον,
2541 3565 2677 3621 ἀλλά
2694 3566 2788 3620 καὶ
2811 3557 2891 3630 είς
2918 3567 3078 3637 ἔργον
3100 3568 3200 3640 τήν
3227 3569 3520 3641 ἐπιϐουλήν
3544 3569 3791 3639 ἐξάγεις
3822 3570 4007 3625 Τοῦτο

2408 3656 2711 3729 γάρέστιν,
2748 3660 2996 3726 Ἑτίθεις
3037 3660 3409 3728 σκάνδαλρν.
3447 3663 3590 3717 Είδέ
3622 3662 3715 3717 τὸν
3747 3663 4005 3733 φυσικῶν

2408 3752 2808 3823 κοινωνήσαντα
2850 3751 3059 3807 ὠδίνων
3109 3752 3169 3806 ού
3223 3754 3305 3807 δεῖ
3344 3753 3524 3823 λέγειν
3570 3756 3774 3821 κακῶς,
3812 3755 4002 3828 πολλῷ

2410 3842 2609 3916 μᾶλλον
2630 3844 2722 3898 τὸν
2748 3844 3154 3916 πνευματικῶν.
3179 3847 3270 3917 Μὴ
3291 3849 3468 3901 τοίνυν
3494 3850 3633 3919 μήτε
3655 3848 3747 3902 τὸν
3771 3848 4004 3918 μέλλον-

2405 3954 2473 3990 τα
2503 3937 2769 4008 ἁμαρτεῖν
2811 3936 2875 3991 ἔα
2914 3938 3298 4002 καταπίπτειν,
3328 3942 3463 4010 μήτε
3497 3941 3589 3995 τὸν
3616 3941 3768 3995 ούδέν
3792 3941 3999 4014 ἠδικη-

2407 4029 2539 4082 κότα
2580 4028 2831 4082 διάϐαλλε
2865 4031 2962 4084 και
3002 4029 3250 4101 λοιδόρει.
3282 4030 3357 4083 T6
3388 4032 3637 4103 μὲνγὰρ
3670 4020 3888 4103 φθόνου,
3929 4036 4001 4090 τδ

2405 4120 2461 4175 δὲ
2490 4121 2843 4195 ἀναλγησίας
2872 4121 2935 4176 τὺ
2955 4122 3064 4195 γὰρ
3093 4124 3166 4194 μή
3201 4123 3571 4194 ἀναχαιτίζειν
3604 4126 3695 4179 τὸν
3727 4126 3997 4196 μέλλοντα

2406 4212 2647 4277 πίπτειν,
2673 4213 3005 4284 ἀναλγησίας
3022 4229 3037 4245 ο
3068 4215 3261 4285 φθόνου
3283 4214 3360 4277 δὲ,
3382 4216 3445 4269 τὸ
3468 4217 3560 4272 τὸν
3591 4220 3801 4274 ἐστῶτα
3820 4237 3993 4276 κατα-

2407 4304 2644 4359 ϐάλλειν.
2674 4306 2783 4359 Καὶ
2808 4307 2911 4378 δρα
2935 4308 3053 4372 πῶς
3084 4308 3182 4378 οὐχ
3217 4309 3404 4373 ἁπλῶς
3434 4310 3526 4365 τὸν
3570 4314 3875 4385 κατήγορον
3904 4316 3993 4370 αῖ-

2404 4398 2657 4461 νίττεται,
2686 4396 2824 4450 ἀλλά
2855 4398 2948 4451 τὸν
2982 4398 3121 4468 μετὰ
3152 4399 3305 4454 δόλου
3342 4401 3438 4455 καὶ
3473 4403 3710 4474 σπουδῆς
3736 4404 3797 4457 τὸ
3825 4404 3992 4477 ἔργον

2404 4483 2560 4537 τοῦτο
2585 4484 2928 4557 ποιούμενον.
2961 4488 3307 4559 Καθήμενος
3344 4492 3473 4563 γὰρ,
3507 4492 3664 4564 φησὶ,
3700 4499 3851 4549 κατὰ
3877 4496 3991 4551 τοῦ

2402 4575 2666 4645 ἀδελφοῦ
2690 4591 2809 4632 σου
2836 4577 3209 4645 κατελάλεις.
3235 4582 3346 4635 Καὶ
3370 4585 3400 4636 6
3430 4584 3531 4654 μὲν
3556 4584 3697 4652 Κάῖν
3722 4585 3814 4639 τὸν
3840 4586 3993 4641 ἀδελ·

2403 4668 2502 4738 φὺν
2526 4668 2749 4731 ἀνελὼν,
2779 4668 2875 4722 ἕνα
2906 4670 3068 4740 μόνον
3089 4671 3188 4743 τῆς
3217 4673 3497 4745 παρούσης
3520 4675 3667 4746 ζωῆς
3698 4676 3984 4749 ἐξήλασεν*

2401 4755 2544 4831 οὗτοι
2576 4760 2633 4813 δέ
2670 4761 2915 4832 μυρίους,
2941 4761 3009 4814 δι’
3042 4760 3117 4815 ὧν
3144 4764 3331 4829 κακῶς
3356 4765 3596 4836 λέγουσι,
3618 4769 3989 4826 καταϐάλλουέ

2403 4867 2478 4915 σι,
2510 4852 2605 4905 καὶ
2634 4853 2862 4916 ἐαυτοὺς
2889 4851 3161 4924 πρώτους.
3188 4855 3262 4909 Οὐ
3296 4857 3404 4927 γὰρ
3445 4858 3539 4913 τὸν
3575 4862 4015 4936 κατηγορούμεί

2401 4960 2490 4997 νον
2524 4945 2703 5014 μόνον,
2751 4943 2889 4997 ἀλλά
2920 4944 3015 4998 καὶ⁷
3060 4946 3283 5017 ἑτέρους
3323 4946 3641 5018 βλάπτουσι·
3676 4952 3878 5022 μᾶλλον
3926 4954 3986 5009 δὲ

2402 5036 2640 5100 ἐκείνους
2679 5036 2839 5107 μόνον
2862 5037 2991 5100 τοὺς
3015 5038 3511 5111 παραδεχομένους.
3562 5043 3622 5098 Ὀ
3652 5044 3764 5118 7&9
3796 5047 3986 5114 κακῶς

2398 5127 2611 5181 ἀκούων
2632 5127 2863 5199 ψευδῶς,
2886 5131 2946 5184 οὐ
2976 5133 3134 5203 μόνον
3161 5134 3262 5187 ούκ
3286 5134 3561 5208 ἠδίκηται,
3593 5136 3731 5191 ἀλλά
3760 5139 3854 5192 καὶ
3886 5156 3983 5209 μι-

2401 5219 2525 5274 σθὸν
2570 5220 2683 5292 ἔχει
2715 5223 2993 5291 μέγιστον.
3028 5226 3106 5279 Ού
3139 5227 3249 5297 γὰρ
3285 5228 3314 5279 ὁ
3353 5226 3598 5298 πάσχων,
3634 5229 3748 5283 ἀλλ’
3773 5232 3802 5284 ό
3838 5230 3986 5303 δρῶν

2398 5313 2605 5379 κακῶς,
2637 5308 2793 5379 οὗτός
2822 5318 2970 5371 ἐστιν
2995 5319 3024 5372 ὀ
3048 5320 3144 5391 τῆς
3164 5320 3433 5391 τιμωρίας
3457 5320 3626 5387 ἁξιοςο
3654 5322 3798 5377 οὔτω
3833 5326 3926 5378 καὶ
3954 5326 3985 5376 ό

2397 5405 2591 5475 λέγων,
2622 5408 2742 5478 ούχὶ
2771 5410 2800 5461 ό
2826 5409 3060 5475 ἀκούων,
3100 5412 3259 5482 μόνον
3302 5412 3369 5467 ἂν
3403 5414 3478 5485 μὴ
3509 5416 3770 5490 παράσχῃ
3809 5416 3981 5482 λαϐἀς

2396 5499 2497 5571 τῆς
2542 5500 2883 5572 κακηγορίας
2934 5504 3191 5570 εὐλόγους
3228 5507 3453 5571 ἐκεῖνος.
3482 5506 3575 5577 Ml}
3608 5508 3671 5579 δὴ
3704 5505 3797 5562 οὖν
3822 5508 3984 5565 τοῦτο

2403 5589 2808 5671 σπουδάζωμεν,
2850 5592 2991 5647 ὥστε
3026 5594 3101 5665 μὴ
3152 5596 3340 5660 κακῶς
3384 5596 3607 5651 ἀκούειν
3640 5597 3821 5668 (τοῦτο
3868 5600 3980 5671 7&9

2399 5664 2700 5754 ἀμήχανὸν·
2731 5686 2823 5739 καὶ
2850 5664 3121 5756 ἀπόφασίς
3166 5690 3283 5741 ἐστι
3325 5688 3419 5742 τοῦ
3446 5664 3683 5757 Χριστοῦ
3720 5664 3982 5763 λέγουσα,
