4156 6420
163 287 247 342 5135
1261 268 1624 330 EXPOSITIO
1665 267 1728 323 ΙΝ

1846 265 2097 321 ALMUM
2140 265 2305 322 XLIX
2321 305 2335 319 .

164 411 465 472 violatarum,
487 405 585 462 sed
612 420 682 462 es
712 404 872 460 etiam
898 406 1241 471 peccatorum
1267 390 1480 448 socius?
1508 396 1561 442 et
1588 400 1736 456 quae-

163 519 263 557 nam
285 500 371 555 tibi
395 498 566 569 possit
591 496 715 550 dari
741 493 890 548 venia
911 491 935 545 ἲ
960 486 1228 557 Numquid
1254 484 1398 540 enim
1428 481 1572 535 Deus
1600 490 1739 547 opus

160 594 293 647 habet
335 592 529 656 ultore,
568 585 841 657 numquid
869 584 933 638 iis
976 583 1066 651 qui
1110 593 1267 648 opem
1317 576 1491 630 ferant
1539 571 1741 640 indiget

158 688 284 749 (luti.
319 684 404 741 ιο.
439 682 564 751 l3)?
602 680 707 735 sed
743 679 855 732 ruit
880 685 931 731 te
970 674 1128 745 hujus
1155 670 1231 725 rei
1264 682 1383 724 esse
1410 664 1736 723 ministrum,

160 798 212 835 ne
237 780 282 833 in
309 776 493 833 eadem
526 774 762 837 incidas,
795 771 921 826 dum
939 767 1024 821 alii
1052 776 1337 820 succenses
1363 759 1584 816 effectus
1603 766 1739 810 tem-

159 869 417 940 perantior,
451 874 508 919 ut
534 880 604 923 ex
635 878 711 920 eo
737 871 881 916 tuam
912 861 963 913 in
989 859 1158 913 Deum
1180 855 1434 926 pietatem
1462 846 1735 904 ostendas.

156 958 347 1027 Quando
387 957 566 1019 enim,
610 970 742 1011 cum
784 953 919 1008 alius
968 948 1234 1020 peccarit,
1273 939 1757 1014 prmtereurreris,

157 1063 301 1118 neque
340 1044 782 1117 reprehenderis,
833 1056 1008 1111 neque
1050 1053 1193 1109 mgre
1233 1034 1452 1099 tuleris,
1497 1031 1735 1085 animmn

157 1155 277 1196 tuum
306 1142 754 1212 negligentiorem
788 1146 843 1193 et
884 1134 951 1189 ad
977 1148 1161 1188 casum
1195 1130 1499 1202 proniorem
1540 1124 1732 1190 efficis,

154 1246 196 1290 ct
221 1235 437 1291 maxime
481 1246 749 1303 procuras
778 1239 834 1284 ut
856 1230 906 1283 in
928 1227 1117 1283 eadem
1147 1240 1289 1294 smpc
1318 1220 1517 1278 incidat
1543 1237 1555 1272 :
1584 1218 1735 1271 illum

152 1339 299 1380 autem
330 1328 639 1396 importuna
676 1322 776 1378 hac
806 1332 891 1377 tua
918 1320 1087 1391 gratia
1128 1334 1232 1372 non
1262 1316 1455 1371 leviter
1479 1310 1729 1374 offendis,

153 1417 361 1473 efficiens
387 1426 445 1470 ut
465 1417 519 1482 in
562 1415 754 1470 futuro
778 1415 844 1469 sit
877 1412 1090 1484 gravior
1113 1410 1164 1467 ei
1192 1407 1463 1464 reddenda
1494 1406 1653 1470 ratio,
1681 1411 1735 1458 et

152 1511 202 1563 sil
223 1510 488 1579 praesentia
510 1524 642 1563 eum
668 1505 897 1561 reddens
912 1502 1235 1574 segniorem.
1280 1500 1407 1554 Ihec
1424 1506 1603 1552 autem
1624 1510 1731 1550 non

151 1602 299 1656 solum
320 1601 386 1655 de
413 1600 627 1655 furibus
660 1598 802 1653 dicta
828 1605 974 1663 sunt,
1004 1594 1098 1651 sed
1129 1595 1291 1650 etiam
1317 1592 1387 1647 de
1412 1590 1601 1661 quovis
1626 1588 1734 1645 alio

154 1703 341 1761 peccato
376 1692 567 1765 :quod
617 1701 703 1747 est
729 1699 908 1745 autem
944 1688 1187 1743 ultimum
1227 1692 1593 1757 peccatorum,
1623 1681 1736 1752 pri-

153 1801 272 1839 mum
300 1785 495 1854 posuit,
536 1792 603 1839 ut
648 1782 789 1837 scias
830 1796 952 1837 eum
983 1778 1071 1850 qui
1112 1787 1333 1848 propter
1372 1775 1476 1830 hoc
1521 1774 1734 1828 veniam

153 1892 238 1931 non
263 1878 586 1946 assequitur,
620 1875 791 1930 multo
821 1873 990 1943 magis
1018 1872 1072 1925 in
1097 1869 1204 1925 alio
1231 1884 1339 1923 non
1368 1872 1737 1936 consequutu-

153 1986 267 2024 rum.
288 1971 422 2025 Audi
448 1985 585 2040 ergo
612 1967 868 2040 quidnam
893 1964 1147 2034 deinceps
1168 1962 1299 2017 dicit
1322 1978 1336 2015 :
1360 1959 1564 2014 Etcum
1585 1957 1737 2010 adul-

153 2068 250 2119 tm’s
272 2062 547 2136 portionem
596 2073 741 2116 tuam
768 2060 1025 2129 ponebas;
1052 2056 1272 2112 veniens
1300 2053 1368 2109 ad
1400 2052 1450 2107 id
1481 2050 1624 2121 quod
1653 2058 1737 2105 est

154 2156 315 2227 majus.
345 2155 474 2211 Illud
513 2155 665 2209 enim
698 2154 801 2207 hoc
830 2151 987 2221 longe
1013 2149 1191 2203 minus
1231 2155 1334 2203 est.
1386 2143 1612 2214 Quidam
1641 2158 1737 2194 au-

156 2256 240 2302 tem
269 2246 378 2301 haec
415 2255 643 2318 peccata
675 2245 817 2300 inter
845 2258 905 2298 se
942 2242 1244 2301 conferens,
1274 2237 1352 2292 sic
1392 2236 1529 2291 dixit
1559 2252 1572 2289 :
1610 2232 1735 2287 Non

153 2350 213 2392 est
246 2341 421 2394 mirum
447 2341 494 2394 si
534 2341 651 2412 quis
695 2338 873 2407 furnus
917 2334 1259 2405 deprehensus
1298 2330 1491 2400 fuerit:
1532 2331 1737 2399 [Μαίνι-

153 2434 329 2484 ιτηὲιιιιιι
351 2448 501 2486 nam
516 2430 749 2485 animam
768 2427 977 2498 impleat
1005 2426 1304 2479 esurientem
1332 2420 1516 2491 (Prov.
1541 2420 1595 2473 6.
1621 2418 1734 2494 50)..

155 2524 199 2573 Si
223 2521 333 2575 huic
346 2536 473 2591 ergo
496 2520 703 2591 ignosci
728 2534 831 2572 non
861 2512 1055 2588 potest,
1079 2513 1249 2571 multo
1271 2511 1441 2582 magis
1462 2525 1562 2565 nec
1583 2508 1739 2563 adul-

157 2614 287 2667 irriti.
317 2612 654 2668 Adulterium
680 2619 858 2684 autem
902 2609 988 2663 hic
1018 2614 1177 2661 vocat
1220 2603 1649 2659 fornicationem.
1679 2598 1737 2654 Si

156 2704 327 2758 videris
351 2717 480 2775 ergo
506 2704 746 2774 aliquem
779 2716 965 2755 eorum
998 2699 1087 2768 qui
1129 2706 1305 2751 tecum
1344 2703 1739 2763 congregantur

159 2797 504 2863 fomicantem,
534 2806 591 2853 et
610 2796 678 2851 ad
704 2800 1038 2850 sacramenta
1065 2789 1432 2854 accedentem,
1462 2785 1549 2841 dic
1570 2784 1620 2840 ei
1647 2783 1739 2854 qui

158 2900 227 2946 est
250 2891 483 2947 minister
516 2886 909 2945 distributionis
942 2899 1130 2941 eorum
1166 2899 1182 2937 :
1227 2881 1325 2937 Hic
1368 2888 1453 2936 est
1488 2877 1741 2951 indiguus

160 2976 654 3050 sarramentis,arce
675 2979 923 3051 profanas
947 2991 1158 3032 manus.
1176 2974 1233 3031 Si
1251 2974 1396 3029 enim
1417 2987 1485 3028 ne
1504 2970 1739 3043 justitias

161 3076 348 3143 quidem
376 3090 633 3132 enarrare
657 3074 849 3144 dignus
874 3080 981 3149 est,
1014 3068 1296 3125 c0usidera
1334 3081 1442 3155 quo
1470 3066 1588 3135 ejus
1615 3077 1742 3135 pro-

161 3168 297 3223 cedet
322 3168 523 3239 punitio
549 3214 563 3235 ,
602 3164 816 3236 quando
854 3176 1061 3218 sacram
1089 3161 1250 3215 etiam
1289 3173 1532 3214 mensam
1576 3170 1741 3211 ausus

164 3258 298 3313 fixerit
333 3262 628 3330 attingere,
677 3270 784 3310 non
835 3253 1008 3308 solum
1053 3261 1231 3307 autem
1273 3249 1411 3321 ejus,
1451 3247 1547 3304 sed
1596 3248 1741 3302 illius

164 3352 300 3406 etiam
324 3353 411 3423 qui
438 3352 712 3408 connivet.
739 3347 855 3403 Non
878 3345 1013 3402 dixit
1034 3344 1202 3411 enim,
1232 3343 1301 3398 Et
1325 3340 1737 3406 adulterabaris,

164 3442 261 3511 sed,
296 3442 418 3501 Cum
455 3444 707 3499 adulteris
748 3442 1030 3513 portionem
1070 3446 1209 3491 tuam
1253 3434 1494 3507 ponebas.
1544 3433 1769 3503 Papte,

166 3545 390 3600 quantum
428 3536 632 3591 malum
672 3548 739 3588 ex
771 3546 839 3587 eo
874 3528 1017 3601 quod
1054 3528 1300 3583 celentur
1325 3534 1379 3580 et
1421 3525 1743 3594 obtegantur

166 3628 364 3685 aliorum
404 3636 750 3700 putredines,
800 3622 1017 3695 quando
1056 3622 1186 3676 dicit
1223 3635 1346 3675 eum
1383 3632 1505 3674 esse
1534 3618 1739 3672 socium

166 3719 381 3777 solvendi
424 3736 524 3793 pro
550 3728 772 3791 peccato
795 3714 1063 3787 supplicii,
1106 3728 1206 3768 nec
1230 3711 1332 3766 hoc
1363 3710 1456 3764 illo
1484 3724 1604 3764 esse
1637 3708 1740 3762 nii-

169 3814 286 3869 uusl
327 3813 415 3870 llle
442 3814 587 3870 enim
618 3819 795 3883 potest
834 3807 1126 3864 obtendere
1164 3804 1329 3858 animi
1377 3798 1740 3872 perturbatio-

170 3917 292 3969 ucm,
320 3904 438 3961 licet
478 3904 550 3960 sit
585 3909 877 3974 praetentus
917 3898 1003 3955 cui
1026 3912 1130 3952 non
1176 3896 1295 3951 dari
1324 3894 1495 3965 possit
1533 3891 1688 3948 venia
1721 3906 1736 3944 :

169 3995 588 4062 qmatltiiodiim
632 4000 690 4048 et
716 3990 819 4051 fur.
849 3988 1078 4053 famem;
1105 3996 1158 4041 tu
1194 3993 1372 4041 autem
1400 3998 1469 4040 ne
1496 3984 1599 4039 hoc
1623 3984 1742 4053 qui-

169 4083 289 4140 dem.
318 4087 555 4156 Quanam
597 4101 727 4153 ergo
765 4084 832 4139 de
869 4096 1051 4145 causa,
1092 4095 1215 4136 cum
1258 4095 1365 4135 non
1414 4077 1611 4134 fruaris
1650 4092 1745 4133 vo-

173 4176 363 4248 luptate,
393 4179 641 4251 supplicii
680 4180 859 4234 socius
886 4186 942 4232 et
972 4175 1237 4247 particeps
1275 4171 1494 4229 evadis?
1524 4171 1590 4227 Et
1620 4169 1743 4225 ideo

172 4274 348 4328 externi
372 4290 586 4346 quoque
608 4271 817 4343 judices
842 4286 948 4343 non
976 4284 1071 4325 eos
1098 4268 1272 4324 solum
1300 4266 1391 4337 qui
1419 4265 1595 4321 scelus
1625 4280 1746 4333 per-

174 4375 444 4432 petrarnnt,
489 4368 585 4423 Sed
624 4379 811 4423 servos
839 4366 999 4421 etiam
1024 4406 1038 4426 ,
1070 4378 1206 4435 quos
1246 4362 1480 4418 viderint
1521 4360 1745 4416 sceleris

176 4459 314 4516 tuisse
335 4462 599 4527 conscios,
629 4461 856 4530 puniunt
892 4476 905 4511 :
938 4468 995 4514 et
1026 4454 1229 4512 domini
1261 4456 1354 4527 qui
1383 4468 1478 4510 eos
1505 4453 1742 4519 tradunt,

176 4549 388 4611 lulmter
411 4570 600 4612 eorum
642 4553 953 4624 sanguinem
981 4551 1259 4617 biberent,
1291 4558 1347 4606 et
1373 4548 1631 4604 carnibus
1655 4562 1749 4603 ve-

174 4655 441 4713 scerentur,
466 4661 567 4702 nec
588 4647 849 4701 minorem
868 4644 1001 4714 ejus,
1025 4642 1166 4714 quod
1187 4641 1383 4697 factum
1405 4649 1507 4707 est,
1531 4639 1745 4710 culpam

178 4732 220 4787 iu
250 4751 333 4792 eos
356 4737 660 4803 conferunt,
700 4751 862 4809 quam
903 4735 957 4790 in
988 4750 1107 4790 eam
1145 4750 1266 4805 qua:
1306 4741 1391 4789 est
1422 4731 1749 4790 adulterata.

177 4822 256 4891 Qui
299 4831 441 4884 enim
478 4843 711 4899 expansa
754 4828 870 4883 vela
919 4842 1025 4881 non
1055 4834 1457 4889 contraxerunt,
1505 4825 1589 4891 iis,
1626 4839 1747 4894 qua:

179 4921 356 4977 occulte
404 4921 621 4986 fiebant,
650 4920 914 4976 dederunt
953 4920 1211 4991 majorem
1244 4919 1549 4974 facultatem
1581 4936 1596 4973 :
1629 4917 1664 4972 ii
1690 4927 1746 4973 et

179 5011 413 5073 adulterio
436 5014 687 5087 pollutam
712 5014 1015 5078 mulierem,
1044 5024 1096 5068 et
1122 5014 1371 5071 maritum
1394 5012 1479 5066 cui
1508 5012 1640 5066 facta
1664 5021 1747 5066 est

182 5100 360 5176 injuria,
386 5115 441 5162 et
470 5121 595 5161 cum
628 5106 802 5176 ipsum
832 5104 923 5174 qui
948 5104 1269 5161 adulterium
1298 5104 1589 5173 commisit,
1617 5119 1748 5159 con-

182 5198 362 5253 lumelia
400 5207 455 5254 et
495 5200 690 5268 probro
730 5196 1043 5253 alieceruut.
1094 5197 1151 5252 Si
1195 5198 1338 5252 enim
1384 5195 1746 5268 praenuntias-

180 5298 293 5351 sent,
321 5292 364 5347 si
388 5291 440 5347 id
466 5290 875 5360 significassent,
917 5290 1103 5345 abacta
1129 5300 1179 5345 et
1203 5291 1412 5345 sublata
1446 5297 1593 5346 esset
1626 5306 1746 5345 om-

183 5383 247 5434 nis
279 5386 499 5441 venatio.
535 5384 604 5440 Et
639 5383 1093 5454 quemadmodum
1122 5386 1174 5438 in
1215 5384 1349 5439 retia
1376 5384 1609 5440 maxime
1649 5383 1751 5439 im-

184 5473 391 5541 mittunt,
422 5478 513 5548 qui
562 5478 698 5533 retia
743 5477 1069 5543 extendunt,
1120 5487 1175 5533 et
1218 5477 1282 5531 iis
1326 5491 1446 5547 qua:
1486 5475 1748 5548 capienda

182 5574 281 5621 sunt
297 5567 550 5635 assident,
573 5582 897 5641 omnemque
915 5568 1096 5623 dolum
1120 5569 1267 5624 omni
1288 5584 1352 5624 ex
1377 5577 1527 5639 parte
1548 5570 1745 5634 celant,

184 5671 261 5714 nec
276 5661 573 5732 strepitum,
596 5676 698 5717 nec
716 5660 912 5731 aliquid
934 5661 1077 5716 aliud
1105 5660 1216 5717 fieri
1248 5664 1578 5732 permittunt,
1606 5662 1747 5734 quod

182 5765 331 5817 Posset
370 5754 537 5813 feram
569 5754 785 5826 abigere
818 5771 830 5806 :
861 5754 930 5810 ita
960 5754 1043 5810 bie
1075 5756 1257 5823 etiam,
1288 5757 1334 5812 si
1373 5754 1639 5813 assederis
1674 5756 1743 5810 la-

3364 264 3473 322 254

1850 396 2011 451 queo,
2038 380 2127 449 qui
2149 386 2232 435 est
2253 379 2460 449 positus
2479 392 2508 432 a
2534 378 2772 445 diabolo,
2805 387 3001 435 etcum
3022 381 3165 436 scias
3190 380 3306 438 fore
3329 394 3385 436 ut
3416 384 3470 437 in

1845 487 1967 527 eum
1999 471 2211 527 adulter
2252 472 2474 539 incidat,
2518 488 2695 542 neque
2740 474 3030 543 strepitum
3061 476 3213 543 edas,
3243 493 3346 534 nec
3377 490 3465 533 tu-

1848 564 2072 618 multum
2109 564 2335 629 excites,
2370 572 2499 644 tunc
2527 580 2648 620 eum
2683 567 2917 631 maxime
2946 568 3149 637 perdis.

1918 655 2156 711 Proximi
2184 672 2309 711 cura
2335 657 2585 712 habenda.
2605 657 2778 715 ——Nc
2798 660 2942 715 enim
2970 660 3172 717 dixeris
3197 662 3329 718 illud
3347 680 3468 719 ver-

1849 747 1997 811 bum,
2023 747 2165 818 qnod
2198 763 2389 818 magna
2423 749 2717 805 indolentia
2751 752 2966 822 plenum
3005 762 3087 808 est
3118 755 3303 824 :Quid
3334 756 3467 813 mihi

1844 856 1988 895 cura:
2011 840 2135 895 est?
2174 856 2306 896 curo
2336 857 2437 911 ego
2469 858 2587 898 mea
2615 862 2630 897 :
2673 856 2803 900 tunc
2831 847 2974 900 enim
3002 854 3089 901 tua
3114 839 3347 905 maxime
3373 864 3468 905 cu-

1845 933 2009 999 rabis,
2044 934 2260 1005 quando
2280 946 2389 999 tua
2417 952 2630 1008 qureres
2659 937 2713 992 in
2744 953 2811 993 eo
2836 939 2979 1010 quod
3006 949 3090 995 est
3119 941 3249 997 utile
3277 943 3465 1012 proxi-

1844 1040 1952 1080 mo.
1986 1026 2053 1093 Et
2070 1025 2190 1083 ideo
2217 1028 2428 1083 dicebat
2450 1029 2648 1086 Paulus
2674 1047 2687 1084 :
2721 1030 2889 1086 Nemo
2910 1033 3045 1101 quod
3064 1050 3216 1087 suum
3236 1044 3310 1090 est
3331 1053 3468 1105 qure-

1843 1129 1943 1186 rat,
1974 1120 2066 1175 sed
2099 1123 2235 1192 quod
2276 1122 2487 1177 alterius
2518 1123 2597 1193 (i.
2641 1122 2761 1179 Cor.
2796 1125 2885 1180 10.
2918 1125 3034 1196 24).
3080 1126 3152 1184 Ut
3196 1128 3462 1195 invenias,

1843 1216 2035 1285 inquit,
2064 1216 2207 1286 quod
2238 1224 2387 1271 tuum
2433 1226 2537 1289 est,
2565 1235 2746 1289 quarre
2787 1219 2931 1290 quod
2967 1228 3052 1276 est
3086 1221 3334 1279 alterius.
3383 1224 3458 1279 ου

1842 1317 1983 1361 tuum
2028 1308 2302 1367 abundavit
2332 1310 2553 1376 malitia,
2594 1322 2642 1366 et
2668 1313 2844 1383 lingua
2882 1324 2970 1367 tua
3005 1317 3342 1372 concinnabat
3368 1317 3466 1371 do-

1844 1402 1941 1456 los.
1985 1401 2184 1458 Sedens
2227 1403 2471 1458 adversus
2502 1407 2714 1476 fratrem
2760 1415 2905 1460 tuum
2932 1409 3239 1487 loquebaris,
3270 1400 3316 1465 et
3362 1412 3463 1465 ad-
3528 1440 3531 1441 ν

1844 1510 2018 1551 versus
2043 1497 2210 1565 ﬁlium
2237 1498 2415 1551 matris
2452 1507 2553 1552 tua:
2591 1500 2813 1563 ponebas
2849 1501 3177 1560 scandalum.
3204 1502 3284 1560 No
3315 1506 3461 1560 enim

1843 1573 2084 1644 diceret:
2118 1588 2232 1645 [loc
2262 1589 2399 1645 facio
2425 1607 2492 1646 ex
2524 1590 2862 1649 humanitate
2894 1612 2906 1644 :
2956 1609 3123 1666 ecqua
3167 1605 3314 1652 certe
3342 1595 3462 1654 fue-

1841 1678 1909 1733 rit
1938 1680 2264 1746 humanitas,
2289 1695 2413 1736 eum
2439 1683 2530 1753 qui
2552 1696 2779 1738 casurus
2804 1693 2886 1739 est
2912 1684 2967 1740 in
3001 1685 3462 1746 barathrumuon

1843 1768 2130 1838 prohibere
2170 1786 2271 1827 nec
2296 1772 2579 1828 retinere?
2609 1773 2806 1844 iniqua:
2847 1775 3105 1845 voluptati
3130 1779 3419 1847 gratificari
3438 1781 3465 1833 ’ἒ

1840 1876 1965 1917 eum
1994 1863 2084 1933 qui
2114 1862 2452 1920 mortiferum
2480 1864 2615 1920 bibit
2634 1881 2902 1922 venenum
2926 1868 3237 1940 negligere?
3260 1869 3461 1927 Vcrn'rn

1840 1972 1911 2013 ne
1936 1957 2037 2014 hoc
2058 1959 2276 2028 quidem
2307 1960 2513 2031 poteris
2540 1961 2743 2017 dicere.
2769 1960 2923 2029 Quod
2949 1964 3095 2017 enim
3128 1979 3235 2018 non
3262 1964 3328 2019 sit
3360 1965 3465 2021 hoc

1841 2046 2211 2108 humanitatis.
2241 2051 2336 2105 sed
2393 2052 2790 2116 somnulentiae,
2820 2053 3067 2123 segnitiei
3094 2064 3148 2109 et
3175 2054 3458 2120 socordiae,

1841 2137 1967 2195 hinc
1991 2155 2185 2196 cernas
2213 2158 2226 2195 :
2259 2135 2533 2211 quomodo
2563 2159 2631 2198 eo
2656 2143 2882 2199 dimisso
2908 2144 3001 2215 qui
3032 2144 3161 2201 facit
3184 2146 3459 2216 injuriam,
3490 2168 3493 2169 '

1840 2230 2063 2309 fratrem
2107 2232 2397 2290 maledicto
2426 2234 2596 2291 amcis
2624 2235 2715 2305 qui
2756 2234 2955 2290 nullam
2996 2235 3128 2293 fecit
3166 2237 3415 2309 injuriam
3438 2239 3465 2294 ?

1840 2302 2110 2394 quomodo
2130 2326 2402 2383 insidiaris
2418 2328 2465 2382 ei
2488 2329 2577 2399 qui
2599 2302 2994 2393 nihiloﬂ’endit,
3021 2311 3155 2385 nihil
3197 2302 3464 2403 deliquit?
3517 2348 3539 2357 λ

1842 2415 1979 2472 Vide
2004 2431 2273 2472 summam
2300 2417 2586 2490 utrobique
2614 2414 2928 2490 nequitiam.
2961 2420 3098 2476 Eum
3124 2421 3343 2491 quidem
3370 2423 3461 2493 qui

1840 2517 1925 2564 est
1943 2510 2125 2566 ebrius
2152 2512 2466 2581 cupiditate,
2493 2530 2598 2567 non
2628 2513 2883 2583 prohibes
2907 2516 3198 2585 quominus
3225 2515 3461 2571 inebrie-

1845 2611 2043 2668 tur,.ut
2066 2604 2138 2659 sit
2165 2613 2540 2674 temperatus:
2575 2622 2700 2661 eum
2727 2616 2907 2663 autem
2951 2608 3042 2678 qui
3086 2610 3287 2664 nullam
3339 2609 3465 2665 fecit

1843 2692 2118 2763 injuriam,
2164 2688 2342 2764 punis.
2380 2695 2579 2751 Sedens
2607 2698 2750 2751 enim
2781 2697 3025 2752 adversus
3066 2701 3279 2769 fratrem
3318 2709 3466 2756 tuum

1844 2784 2147 2854 loquebaris,
2180 2794 2228 2840 et
2260 2786 2505 2843 adversus
2536 2786 2705 2857 ﬁlium
2730 2788 2910 2842 matris
2936 2798 3039 2843 tua:
3064 2790 3286 2859 ponebas
3306 2806 3465 2845 scan—

1844 2876 2053 2933 dolum.

1915 2968 1970 3026 9.
2003 2968 2138 3029 Vide
2162 2971 2435 3042 quomodo
2464 2973 2516 3026 in
2547 2972 2871 3029 narrationis
2897 2972 3131 3029 decursu
3158 2984 3320 3045 auget
3347 2990 3447 3031 ac-

1844 3064 2203 3118 cusationem.
2259 3063 2422 3132 Eum,
2472 3065 2667 3137 inquit,
2714 3066 2805 3136 qui
2860 3066 3016 3121 matri
3061 3064 3161 3121 fuit
3212 3067 3265 3122 in
3306 3078 3463 3138 partu

1843 3170 2005 3211 causa
2047 3156 2378 3212 .eorumdem
2428 3156 2679 3213 dolorum
2706 3201 2722 3224 ,
2750 3158 2841 3228 qui
2873 3156 2971 3213 fuit
3026 3157 3270 3229 ejusdem
3326 3163 3465 3216 uteri

1845 3250 2134 3320 particeps,
2166 3251 2255 3320 qui
2287 3252 2339 3304 in
2367 3251 2559 3305 eadem
2586 3251 2750 3306 domo
2774 3258 2832 3306 et
2860 3267 2926 3306 ex
2949 3251 3140 3308 eadem
3165 3267 3351 3309 mensa
3376 3255 3457 3309 ci-

1844 3341 1973 3396 bum
2024 3342 2277 3412 sumpsit,
2308 3342 2399 3412 qui
2430 3357 2497 3397 es
2537 3342 2727 3398 eadem
2756 3342 2941 3398 radice
2986 3345 3326 3415 germinavit,
3371 3348 3464 3419 qui

1844 3432 1988 3489 idem
2030 3432 2193 3489 habet
2238 3444 2390 3489 ortus
2438 3435 2788 3506 principium,
2817 3436 2909 3506 qui
2938 3430 3025 3490 ab
3057 3436 3276 3493 ineunte
3304 3447 3466 3494 aetate

1846 3532 2025 3582 tecttm
2071 3526 2260 3587 crevit,
2291 3541 2417 3581 eum
2450 3526 2756 3582 maledictis
2782 3527 3068 3582 insectaris
3097 3545 3111 3582 :
3140 3537 3196 3583 et
3228 3543 3336 3584 non
3370 3544 3462 3583 so-

1845 3618 1957 3672 lum
2000 3618 2304 3681 insectaris,
2327 3619 2421 3674 sed
2450 3620 2615 3675 etiam
2664 3620 2720 3675 in
2765 3634 2902 3692 opus
2945 3620 3169 3678 deducis
3207 3621 3467 3678 insidias?

1846 3709 1962 3766 [Ioc
1999 3711 2143 3765 enim
2187 3710 2289 3766 sibi
2328 3711 2462 3777 vult,
2520 3710 2759 3767 Ponebas
2804 3711 3130 3766 scandalum.
3177 3712 3233 3769 Si
3278 3722 3458 3770 autem

1846 3816 1955 3877 non
1968 3813 2052 3858 est
2073 3802 2413 3879 impetendus
2430 3802 2752 3870 maledictis,
2777 3802 2867 3874 qui
2884 3797 3202 3859 naturalium
3222 3805 3465 3875 pariendi

1846 3894 2097 3951 dolorum
2126 3895 2179 3951 in
2214 3895 2407 3951 eodem
2436 3894 2536 3951 fuit
2565 3908 2719 3951 utero
2746 3896 3017 3973 particeps
3048 3914 3061 3951 :
3095 3896 3267 3953 multo
3290 3898 3463 3970 magis

1846 3987 1940 4059 qui
1968 3988 2349 4059 spiritualium.
2374 3988 2488 4044 Nec
2514 4004 2648 4061 ergo
2674 3988 2949 4059 permitte,
3000 3997 3061 4045 ut
3085 3990 3133 4045 is
3172 3989 3331 4047 cadat
3366 3992 3461 4063 qui

1847 4093 1932 4138 est
1959 4096 2279 4154 peccaturus
2308 4101 2320 4138 :
2352 4098 2453 4139 nec
2479 4098 2603 4138 eum
2654 4083 2743 4155 qui
2785 4083 2987 4138 nullam
3026 4083 3160 4140 fecit
3210 4084 3465 4155 injuriam

1848 4175 2182 4231 calumniare
2213 4217 2227 4241 ,
2262 4184 2319 4231 et
2345 4176 2604 4231 conviciis
2635 4176 2868 4231 incesse.
2901 4174 3016 4231 Hoc
3040 4186 3124 4233 est
3149 4177 3296 4233 enim
3323 4178 3465 4232 invi-

1848 4267 1975 4335 diaa,
2004 4268 2138 4324 illud
2165 4284 2297 4325 vero
2326 4268 2640 4325 indolentia:
2685 4286 2700 4323 :
2745 4283 2854 4325 non
2885 4272 3125 4327 retinere
3167 4272 3311 4327 enim
3339 4287 3466 4330 eum

1849 4360 1941 4431 qui
1972 4369 2056 4419 est
2084 4375 2331 4427 casurus,
2361 4370 2448 4417 est
2478 4361 2791 4418 indolentia:
2821 4379 2836 4416 :
2864 4361 3080 4418 invidia:
3101 4371 3307 4431 autem,
3337 4378 3463 4420 eum

1849 4453 2063 4523 quistat
2088 4454 2342 4525 dejicere.
2374 4454 2510 4511 Vide
2534 4469 2714 4511 autem
2738 4456 3012 4527 quomodo
3042 4470 3149 4512 non
3181 4471 3304 4512 eum
3336 4459 3467 4514 sub-

1850 4546 2052 4602 indicat
2077 4548 2166 4617 qui
2214 4546 2536 4618 simpliciter
2568 4557 2623 4603 el
2649 4547 2896 4603 absolute
2941 4558 3180 4621 accusat,
3212 4549 3308 4606 sed
3338 4566 3463 4606 eum

1850 4638 1941 4709 qui
1972 4654 2098 4694 cum
2127 4638 2276 4704 dolo,
2323 4648 2379 4695 et
2404 4638 2586 4694 dedita
2611 4654 2776 4709 opera
2804 4638 2859 4693 id
2885 4639 3034 4694 facit.
3066 4638 3265 4696 Sedens
3294 4643 3465 4709 enim,
3490 4676 3495 4679 -

1850 4731 2059 4802 inquit,
2109 4730 2355 4787 adversus
2401 4735 2617 4802 fratrem
2660 4741 2805 4786 tuum
2857 4732 3143 4804 loquebaris
3175 4773 3191 4787 .
3223 4734 3291 4790 Et
3334 4734 3468 4792 Cain

1851 4825 2072 4895 quidem
2103 4840 2276 4879 unum
2318 4824 2542 4881 fratrem
2568 4825 2837 4881 sublatum
2859 4827 3120 4895 praesenti
3156 4828 3262 4884 vita
3288 4844 3467 4899 expu-

1852 4917 1914 4972 lit
1937 4935 1951 4973 :
1982 4916 2035 4970 hi
2063 4926 2243 4997 autem
2262 4917 2706 4985 innumerabiles,
2739 4932 2838 4988 per
2863 4934 2925 4974 ea
2947 4934 3067 4990 qua:
3094 4920 3234 4975 male
3254 4920 3465 4988 dicunt,

1851 5010 2129 5081 dejiciunt,
2176 5020 2233 5067 et
2265 5011 2475 5081 scipsos
2519 5012 2745 5081 primos.
2793 5011 2915 5067 Non
2951 5028 3074 5068 eum
3115 5014 3259 5069 enim
3291 5015 3468 5072 solum

1851 5102 1945 5172 qui
1967 5111 2271 5167 accusatur,
2299 5101 2397 5158 sed
2424 5102 2561 5159 alios
2591 5104 2757 5159 etiam
2789 5104 3014 5171 laedunt,
3061 5106 3171 5161 imo
3198 5121 3328 5162 vero
3350 5124 3469 5163 ma-

1851 5200 1933 5266 gis
1958 5209 2055 5251 eos
2082 5196 2258 5251 solum
2279 5197 2371 5267 qui
2407 5212 2471 5253 ea
2500 5197 2813 5261 admittunt.
2840 5198 2943 5263 Qui
2973 5202 3117 5254 enim
3147 5200 3282 5255 falso
3326 5202 3470 5258 male

1852 5290 2025 5355 audit,
2054 5306 2159 5343 non
2193 5289 2355 5345 modo
2387 5290 2531 5345 nulla
2574 5290 2769 5360 injuria
2791 5290 3015 5347 affectus
3035 5302 3139 5359 est,
3174 5292 3269 5347 sed
3294 5293 3468 5348 maxi-

1855 5396 1998 5436 mam
2026 5382 2191 5436 etiam
2220 5381 2381 5437 habet
2411 5383 2742 5439 mercedem.
2787 5382 2905 5439 Non
2932 5386 3075 5440 enim
3107 5386 3198 5456 qul
3244 5384 3467 5455 patitur,

1855 5477 1951 5532 sed
1994 5477 2084 5547 qui
2114 5476 2255 5533 male
2289 5476 2400 5547 agit
2429 5518 2444 5543 ,
2474 5486 2558 5534 est
2597 5478 2793 5549 dignus
2822 5480 3091 5549 supplicio
3136 5498 3149 5533 :
3183 5468 3256 5535 ita
3300 5480 3468 5535 etiam

1858 5571 1949 5642 qui
1978 5570 2128 5639 dicit,
2158 5586 2266 5627 non
2296 5572 2388 5643 qui
2410 5572 2580 5638 audit,
2609 5572 2774 5629 modo
2793 5588 2860 5628 ne
2888 5574 2979 5630 ille
3008 5573 3245 5643 praebeat
3259 5573 3463 5645 justam

1857 5663 2218 5718 maledicendi
2261 5664 2628 5721 occasionem.
2684 5664 2801 5720 Non
2857 5665 2962 5721 hoc
3009 5680 3139 5736 ergo
3168 5669 3472 5724 contenda-

1861 5772 1979 5812 mus
2002 5800 2016 5825 ,
2046 5774 2111 5813 ne
2139 5759 2278 5814 male
2309 5758 2590 5815 audiamus
2622 5756 2765 5831 (hoc
2793 5758 2937 5815 cnim
2972 5758 3085 5813 fieri
3112 5773 3216 5815 non
3244 5767 3427 5828 potest
