4156 6420
734 342 842 398 255

737 473 794 517 et
822 470 903 515 est
927 458 1122 515 Christi
1165 456 1449 520 sententia,
1481 470 1599 524 qua:
1630 453 1759 508 dicit
1785 471 1797 507 :
1838 451 1924 506 Va:
1948 451 2084 504 uobis
2112 449 2317 521 quando

738 551 1080 605 benedixerint
1124 547 1259 600 vobis
1294 561 1463 599 omnes
1513 544 1737 596 homines
1769 540 1918 615 (Luc.
1957 541 2009 595 6.
2040 538 2194 611 26]),
2227 537 2319 593 sed

740 658 809 697 ne
840 657 938 696 nos
977 640 1312 709 praebeamus
1355 637 1683 691 occasiones.
1730 634 1829 700 Qui
1870 635 2011 688 enim
2047 633 2158 686 vult
2185 631 2321 685 bene

739 733 925 787 audire
979 731 1045 783 ab
1098 730 1379 794 omnibus,
1435 743 1584 781 suam
1635 727 1867 779 animam
1923 738 2072 792 saepe
2122 721 2317 791 perdit,

740 838 925 877 amans
964 821 1248 875 humanam
1275 819 1521 889 gloriam,
1569 819 1868 871 inserviens
1896 816 1949 869 in
1979 814 2043 868 iis
2064 829 2181 883 qua:
2211 827 2317 866 non

739 914 915 978 decet,
948 913 1160 982 placens
1186 912 1236 964 in
1263 912 1327 965 iis
1351 925 1469 978 qua:
1501 923 1607 961 non
1635 916 1868 977 oportet,
1894 914 1951 959 ut
1981 904 2063 958 ab.
2076 906 2156 958 eis
2178 912 2319 957 emat

740 1006 983 1075 gratiam.
1009 1003 1215 1057 Rursus
1242 1002 1331 1071 qui
1358 1000 1655 1055 contemnit
1679 999 1817 1051 male
1844 997 2026 1051 audire
2057 996 2125 1049 ab
2146 995 2321 1047 omni-

744 1098 863 1161 bus,
887 1096 1044 1150 etiam
1071 1094 1304 1163 seipsum
1338 1092 1529 1161 perdit.
1558 1088 2015 1156 Quemadmodum
2040 1087 2182 1140 enim
2206 1084 2319 1137 ﬁeri

742 1202 848 1241 non
876 1193 1048 1255 potest
1073 1193 1130 1237 ut
1159 1183 1240 1237 vir
1279 1183 1449 1236 bonus
1480 1182 1614 1235 bene
1639 1178 1818 1233 audiat
1846 1178 1913 1231 ab
1937 1175 2205 1240 omnibus,
2247 1176 2319 1227 ita

742 1280 901 1333 etiam
930 1276 1043 1330 ﬁeri
1072 1291 1178 1329 non
1222 1284 1420 1344 potest,
1448 1283 1506 1327 ut
1543 1274 1610 1328 ab
1639 1272 1886 1326 omnibus
1929 1269 2067 1323 male
2116 1267 2317 1332 audiat,

742 1369 832 1437 qui
880 1368 1071 1421 multas
1097 1366 1277 1419 multis
1303 1365 1371 1419 de
1416 1366 1589 1418 causis
1619 1363 1841 1433 praebuit
1886 1360 2025 1414 male
2072 1358 2319 1413 audiendi

740 1460 1069 1513 occasiones.
1099 1456 1156 1511 Si
1196 1464 1374 1509 autem
1404 1456 1529 1508 dum
1563 1463 1617 1507 tu
1662 1452 1796 1506 nihil
1829 1451 2034 1519 praebes
2070 1448 2320 1502 offensio-

743 1554 844 1619 nis,
867 1561 991 1607 sunt
1017 1551 1103 1619 qui
1130 1548 1220 1602 tibi
1254 1547 1587 1610 maledicam,
1615 1555 1740 1598 tunc
1763 1552 1845 1597 est
1872 1542 1964 1597 tibi
1987 1543 2157 1609 major
2181 1554 2321 1593 mer-

741 1658 851 1708 ces,
883 1642 1021 1697 sicut
1064 1655 1161 1695 usu
1205 1638 1451 1693 veniebat
1476 1636 1752 1706 apostolis,
1796 1643 1851 1688 et
1898 1633 2171 1703 praeclaris
2217 1630 2322 1685 illis

741 1736 887 1789 viris.
940 1734 1108 1788 Porro
1141 1732 1266 1785 illud
1319 1743 1530 1799 quoque
1580 1726 1876 1791 sciendum,
1920 1723 2061 1793 quod
2108 1722 2317 1776 etiamsi

738 1825 855 1893 quis
886 1821 1166 1875 maledicat
1190 1820 1239 1872 in
1268 1834 1347 1881 re.
1371 1818 1523 1886 cujus
1547 1831 1645 1870 nos
1668 1830 1773 1869 non
1798 1814 2013 1867 damnat
2051 1813 2320 1866 conscien-

735 1915 829 1979 tia,
857 1928 958 1967 non
990 1920 1071 1965 est
1116 1918 1397 1979 propterea
1428 1903 1857 1960 contemnendus
1886 1913 2179 1979 accusator
2205 1914 2323 1970 pro-

738 2014 853 2072 pter
878 2002 1127 2056 damnum
1151 2016 1255 2069 quo
1285 2009 1335 2052 te
1362 1997 1548 2060 alﬁcit,
1582 1995 1675 2050 sed
1705 1994 1882 2049 omnia
1916 1992 2156 2046 facienda
2195 2000 2320 2045 sunt

736 2108 855 2147 cum
877 2107 937 2146 ea
964 2106 1064 2161 qua
1091 2106 1184 2160 par
1204 2099 1285 2145 est
1310 2089 1576 2151 cautione,
1620 2094 1681 2140 ut
1709 2085 1860 2139 tollas
1890 2084 2139 2152 injustam
2165 2096 2319 2136 ocea-

737 2185 965 2238 sionem.
987 2183 1257 2250 Quocirca
1278 2180 1470 2234 Paulus
1492 2180 1650 2233 etiam
1676 2175 1923 2231 mittebat
1951 2176 2149 2229 multos
2179 2172 2318 2227 datis

736 2275 1001 2344 pecuniis,
1030 2274 1119 2341 qui
1146 2273 1396 2326 aﬁ'errent
1436 2271 1684 2324 alimenta
1717 2267 2035 2337 pauperibus
2074 2266 2162 2334 (1.
2196 2264 2315 2317 Cor.

736 2365 823 2419 16.
842 2365 898 2432 3)
921 2382 933 2417 :
960 2377 1171 2419 causam
1198 2371 1372 2416 autem
1399 2360 1569 2425 all'ert,
1598 2359 1819 2413 dicens:
1845 2356 1928 2410 Ne
1950 2356 2057 2424 quis
2080 2372 2169 2408 nos
2191 2356 2322 2408 vitu-

734 2466 873 2528 peret
890 2457 942 2509 in
964 2458 1058 2509 hac
1087 2455 1399 2509 abundantia
1418 2469 1531 2523 quae
1555 2453 1871 2506 ministratur
1890 2466 1921 2503 a
1943 2450 2083 2503 nobis
2103 2448 2181 2516 (2.
2199 2447 2317 2501 Cor.

736 2548 792 2601 8.
817 2546 947 2616 20).
981 2545 1162 2615 Neque
1178 2546 1342 2610 enim,
1371 2558 1491 2598 cum
1527 2541 1730 2596 videret
1772 2534 2003 2594 futurum
2028 2549 2084 2591 ut
2131 2538 2320 2591 imme-

738 2639 844 2694 rito
893 2636 1309 2698 offendet-eatur,
1360 2633 1460 2687 hoc
1488 2632 1731 2701 despexit
1770 2638 1825 2685 et
1868 2628 2103 2698 neglexit
2154 2644 2167 2680 :
2218 2624 2315 2680 sed

732 2728 983 2799 quoniam
1029 2735 1145 2782 erat
1174 2727 1226 2780 in
1253 2728 1369 2794 ejus
1407 2731 1669 2793 potestate
1714 2730 1773 2777 ut
1828 2721 2038 2776 tolleret
2088 2718 2314 2773 oﬁ‘endi-

731 2820 927 2885 culum,
971 2818 1047 2873 eis
1089 2832 1299 2888 quoque
1323 2818 1411 2887 qui
1464 2814 1870 2869 offendebantur
1900 2811 2191 2882 prospexit.
2243 2810 2311 2864 Et

731 2925 915 2966 rursus
936 2910 1061 2963 alibi
1087 2909 1215 2963 dicit
1244 2924 1261 2961 :
1288 2908 1348 2962 Si
1373 2906 1513 2960 cibus
1540 2903 1751 2971 offendit
1776 2906 1983 2975 fratrem
2006 2917 2190 2965 meum,
2214 2916 2314 2952 non

732 3001 990 3057 comedam
1012 3016 1187 3053 carnes
1208 3000 1259 3052 in
1278 3007 1540 3060 aeternum,
1566 3012 1629 3049 ne
1644 2998 1851 3067 fratrem
1870 3008 2034 3046 meum
2057 2989 2313 3057 offendam

730 3095 811 3165 (1.
837 3095 957 3149 Cor.
980 3093 1033 3147 8.
1066 3093 1190 3161 15).
1221 3090 1379 3159 Atqui
1409 3090 1522 3145 haec
1552 3096 1704 3142 erant
1732 3084 2111 3149 indifferentia,
2144 3093 2198 3137 et
2229 3092 2311 3135 ta-

732 3201 877 3249 men,
915 3183 993 3250 Si,
1021 3182 1211 3252 inquit,
1259 3180 1606 3235 offensionem
1647 3177 1895 3241 aﬂ‘erunt,
1942 3172 2184 3245 quamvis
2228 3187 2316 3227 me

731 3290 836 3331 non
861 3274 1073 3335 laedant,
1102 3288 1205 3326 non
1230 3270 1437 3341 neglige
1465 3269 1688 3323 salutem
1710 3282 1895 3331 eorum
1912 3264 2001 3335 qui
2028 3263 2310 3319 offendun-

732 3375 849 3421 tura
867 3364 924 3421 Si
968 3362 1127 3418 fuerit
1158 3362 1299 3417 enim
1324 3360 1575 3415 damnum
1602 3358 1773 3427 majus
1801 3357 1990 3421 salute,
2031 3364 2312 3409 contemne

730 3472 852 3513 eum
882 3455 970 3526 qui
997 3453 1281 3509 oﬁ'enditur
1306 3470 1318 3507 :
1348 3453 1427 3507 sin
1452 3452 1647 3517 minus,
1672 3466 1739 3505 ne
1765 3448 2168 3518 contempseris.
2201 3446 2311 3501 Hoc

729 3548 870 3603 enim
899 3547 967 3601 sit
987 3544 1236 3616 generale
1256 3543 1528 3597 decretum
1550 3550 1606 3597 et
1633 3541 1837 3611 regula,
1870 3539 2073 3595 docens
2094 3537 2308 3607 quando

727 3647 971 3710 Oporteat
996 3646 1339 3691 contemnere
1366 3649 1458 3690 eos
1483 3634 1570 3703 qui
1602 3631 1945 3687 otl‘enduntur
1972 3672 1987 3697 ,
2018 3638 2073 3683 et
2097 3628 2311 3699 quando

729 3745 837 3785 non
864 3748 876 3785 :
910 3726 1379 3800 quemadmodum,
1403 3726 1550 3780 verbi
1576 3724 1763 3795 gratia,
1793 3720 2197 3776 oﬁ'endebantur
2217 3719 2313 3775 Ju-

728 3821 830 3877 daei
859 3820 1001 3892 quod
1044 3820 1236 3874 Paulus
1272 3817 1442 3888 legem
1488 3832 1593 3871 non
1625 3824 1898 3870 servaret:
1932 3823 1985 3867 et
2030 3823 2307 3883 propterea

728 3913 894 3969 multa
921 3912 1082 3965 millia
1107 3910 1434 3975 resiliebant,
1464 3917 1517 3962 et
1545 3909 1595 3961 in
1628 3907 1730 3961 lide
1761 3904 2149 3960 claudicabant.
2172 3902 2306 3970 Quid

730 4017 857 4073 ergo
899 4000 1058 4056 facit?
1108 3999 1306 4054 Volens
1343 3996 1540 4051 mederi
1576 3995 1857 4050 oﬂ'ensioni
1907 3994 2113 4063 (major
2166 3994 2307 4047 enim

728 4102 843 4149 erat
868 4092 1009 4146 salus
1042 4098 1119 4144 tot
1144 4087 1441 4158 millium),
1484 4096 1539 4140 et
1566 4085 1935 4141 claudieationi
1982 4085 2172 4139 afferre
2217 4100 2307 4139 re-

728 4183 984 4247 medium,
1033 4181 1246 4235 interim
1293 4179 1566 4248 impedivit
1612 4178 1897 4246 quominus
1940 4176 2311 4230 ostenderetur

729 4290 789 4332 se
826 4278 994 4343 legem
1023 4289 1127 4327 non
1170 4286 1405 4337 servare,
1436 4270 1578 4340 quod
1608 4268 1777 4339 majus
1823 4279 1959 4323 emt.
1993 4268 2198 4322 Rursus
2226 4268 2308 4322 of-

729 4365 1080 4422 fendebantur
1119 4363 1259 4432 quod
1289 4362 1600 4417 cruciﬁxum
1631 4359 1945 4428 praedicaret
1971 4359 2049 4428 (1.
2100 4357 2217 4412 Cor.
2252 4360 2304 4413 1.

727 4456 871 4525 23):
901 4455 987 4509 hic
1030 4452 1350 4522 contempsit
1400 4465 1494 4505 eos
1540 4450 1630 4519 qui
1677 4448 2099 4513 olfendebantur,
2137 4449 2309 4517 majus

728 4548 871 4602 enim
923 4553 1038 4600 erat
1091 4545 1293 4601 lucrum
1339 4541 1753 4612 praedicationis.
1806 4541 1920 4595 Hoc
1972 4540 2131 4594 etiam
2184 4540 2310 4595 fecit

726 4634 990 4690 Christus.
1031 4635 1162 4688 Dum
1202 4635 1343 4689 enim
1370 4648 1489 4687 eum
1521 4634 1597 4687 eis
1624 4633 1691 4687 de
1729 4632 1863 4687 cibis
1894 4632 2205 4697 dissereret,
2255 4641 2308 4686 et

727 4726 1141 4791 oll‘enderentur,
1190 4740 1254 4781 eo
1298 4724 1527 4794 dicente,
1585 4722 1732 4787 Quod
1779 4724 1931 4775 intrat
1966 4739 2055 4791 per
2098 4738 2173 4784 os,
2204 4738 2307 4775 non

728 4817 1016 4887 coinquinat
1034 4815 1304 4880 hominem,
1335 4814 1423 4869 sed
1448 4813 1582 4885 quod
1608 4814 1865 4883 egreditur
1894 4829 1910 4866 :
1939 4812 2071 4867 dicit
2100 4829 2113 4865 :
2141 4811 2306 4868 Sinite

727 4924 831 4963 eos.
875 4908 1049 4961 Omnis
1094 4908 1339 4977 plantatto
1377 4922 1527 4975 quam
1553 4922 1653 4959 non
1684 4907 1925 4975 plantavit
1950 4904 2104 4959 Pater
2144 4922 2302 4969 meus,

728 4998 1063 5053 eradicabilur
1116 4997 1329 5067 (Matth.
1380 4996 1467 5051 15.
1520 4996 1608 5051 11.
1640 5005 1685 5050 et
1725 5013 1771 5050 υ.
1806 4996 1893 5049 Η.
1928 4995 2048 5064 15).
2082 4995 2305 5063 Quando

727 5099 906 5145 autem
933 5090 999 5143 ab
1041 5104 1105 5144 eo
1137 5089 1328 5143 tributa
1360 5088 1664 5157 exigebant,
1696 5088 1797 5142 etsi
1842 5082 2043 5142 sciebat
2090 5102 2150 5142 se
2198 5103 2302 5142 non

728 5180 924 5237 debere
959 5196 1021 5236 ea
1050 5181 1277 5245 solvere,
1329 5189 1503 5234 tamen
1547 5181 1798 5250 quoniam
1832 5189 2037 5249 tempus
2068 5181 2302 5235 nondum

729 5273 1045 5343 postulabat,
1078 5282 1134 5327 ut
1182 5273 1503 5327 revelaretur
1527 5272 1643 5343 ejus
1684 5276 1988 5337 auctoritas,
2018 5275 2145 5329 dicit
2175 5292 2188 5328 :
2225 5274 2307 5329 Ne

729 5372 894 5418 autem
922 5379 1003 5417 eos
1022 5362 1335 5429 offendamus
1363 5405 1378 5431 ,
1412 5364 1538 5417 uade
1568 5362 1635 5415 ad
1660 5379 1817 5428 mare,
1845 5373 1889 5416 et
1917 5365 2053 5417 mitte
2077 5366 2302 5431 hamum,

730 5466 776 5511 et
805 5472 917 5509 eum
950 5457 1130 5525 piscem
1151 5456 1235 5524 qui
1258 5456 1446 5524 primus
1474 5455 1771 5521 ascenderit,
1792 5456 1929 5520 tolle,
1952 5467 1996 5509 et
2018 5458 2069 5509 in
2089 5474 2144 5511 eo
2170 5457 2305 5509 inve-

733 5547 843 5601 nies
866 5557 1131 5611 ueterem;
1160 5550 1226 5599 da
1251 5563 1362 5600 euut
1383 5550 1453 5600 eis
1471 5564 1561 5616 pro
1590 5558 1636 5601 te
1661 5559 1706 5602 et
1736 5565 1828 5617 pro
1854 5565 1930 5601 me
1960 5548 2173 5619 (Matth.
2213 5551 2298 5603 17.

735 5636 807 5690 26
830 5633 868 5704 ).
896 5636 1116 5701 Quando
1149 5639 1287 5691 enim
1318 5637 1485 5705 legem
1516 5637 1679 5691 multa
1710 5638 1963 5705 sapit-tilia
1996 5639 2202 5707 plenam
2225 5640 2302 5694 eis

738 5726 963 5793 terebat,
1013 5727 1217 5798 ipsique
1259 5729 1576 5785 insanabiles
1616 5741 1781 5795 erant,
1828 5732 2015 5786 merito
2046 5746 2138 5788 eos
2177 5748 2301 5787 con-

1462 340 1519 396 S.
1558 314 1837 396 JOANNIS
1872 332 2343 392 CIIRYSOSTOMI
2380 334 2700 391 ARCHIEP.
2740 336 3271 392 CONSTARTINOP.

3910 338 4017 395 256

2434 451 2666 519 tetnpsit,
2721 458 2776 503 et
2819 451 2988 519 legem
3038 450 3197 503 solvit
3229 470 3241 503 :
3272 466 3389 504 cum
3420 459 3596 504 autem
3639 465 3743 504 non
3797 468 4016 521 possent

2426 544 2541 609 ejus
2570 542 2861 596 divinitatis
2913 542 3174 595 rationem
3222 544 3510 610 suscipere,
3563 544 3683 608 jure
3727 558 3920 596 rursus
3949 562 4010 599 se

2425 631 2665 698 dimittit,
2728 642 2780 687 et
2824 647 2933 686 sua:
2976 632 3267 686 divinitatis
3308 634 3567 687 rationem
3606 634 3871 687 tributum
3906 638 4016 689 sol-
4096 631 4103 671 ⁵

2426 724 2601 778 vendo
2629 723 2909 778 adumbrat
2936 733 2989 778 et
3028 724 3245 793 obtegit.
3293 725 3491 779 Sedens
3538 730 3773 779 adversus
3798 727 4016 795 fratrem

2427 826 2565 870 tuum
2591 817 2893 884 loquebaris.
2925 817 2996 871 At
3028 817 3101 882 id,
3131 818 3319 887 inquit,
3353 816 3611 872 faciebam
3640 828 3695 872 ut
3731 836 3854 873 eum
3884 836 4014 874 cor-

2426 908 2674 975 rigerem.

2497 996 2582 1051 10.
2659 997 3084 1065 Reprehensiones
3146 1000 3397 1064 quomodo
3452 999 3715 1067 faciendae.
3764 1028 3837 1038 -—
3888 999 4016 1054 Non

2425 1090 2703 1155 oportebat
2724 1102 2851 1156 ergo
2870 1088 3165 1141 clanculum
3185 1088 3505 1142 calumniari
3528 1091 3565 1153 ',
3586 1088 3703 1148 sed.
3719 1090 3785 1143 ita
3807 1100 3865 1144 ut
3889 1091 4015 1157 jus-

2424 1180 2491 1231 sit
2515 1179 2778 1240 Christus,
2808 1193 3051 1232 seorsum
3104 1193 3376 1233 assumere
3406 1188 3457 1235 et
3482 1184 3751 1248 corrigere
3789 1180 4011 1251 (Matth.

2426 1270 2512 1321 18.
2563 1269 2691 1336 15).
2737 1270 2865 1334 Quae
2909 1269 3049 1321 enim
3104 1268 3316 1337 publice
3358 1269 3489 1322 ﬁunt
3526 1272 4012 1338 reprehensiones,

2423 1374 2565 1427 saepe
2615 1361 2771 1413 etiam
2813 1359 3040 1414 reddunt
3096 1360 3515 1428 impudentiores
3568 1378 3581 1413 :
3623 1373 3675 1415 et
3702 1366 4015 1432 complures

2422 1452 2635 1519 quidem
2682 1462 3006 1519 peccatores,
3054 1452 3223 1506 donec
3254 1453 3479 1507 viderint
3507 1454 3620 1507 ﬁeri
3652 1470 3807 1524 posse
3838 1468 3893 1509 ut
3926 1458 4013 1511 la-

2426 1551 2587 1606 teant,
2615 1543 2763 1596 facile
2782 1544 2831 1595 in
2859 1544 3091 1596 animum
3114 1534 3388 1608 inducunt,
3414 1555 3471 1598 ut
3495 1546 3549 1599 iu
3581 1548 3715 1599 viam
3748 1548 4011 1614 redeant;

2424 1632 2633 1701 quando
2672 1642 2849 1686 autem
2897 1632 3089 1686 bonam
3117 1634 3255 1702 apud
3303 1635 3501 1687 multos
3552 1637 4015 1692 existimationem

2424 1723 2773 1793 perdiderint,
2807 1725 3042 1778 incidunt
3080 1727 3319 1780 nonnulli
3360 1727 3617 1797 deinceps
3647 1729 3696 1782 in
3745 1726 4013 1799 despera-

2430 1816 2669 1877 tionem,
2717 1824 2771 1869 et
2819 1816 3068 1869 labuntur
3100 1816 3152 1869 in
3210 1816 3613 1885 impudentiam.
3672 1819 3741 1872 At
3773 1820 4015 1888 aliquam

2425 1906 2516 1959 tibi
2545 1905 2668 1960 fecit
2696 1906 2965 1975 iniuriam.
3004 1908 3111 1961 Cur
3135 1923 3265 1976 ergo
3292 1909 3521 1977 teipsum
3549 1923 3762 1977 quoque
3810 1909 4014 1979 injuria

2422 1997 2628 2051 amcis?
2657 1996 2753 2064 Qui
2797 1998 2938 2049 enim
2965 2012 3025 2051 se
3054 1998 3305 2061 vindicat,
3336 1999 3572 2067 seipsum
3615 2013 3742 2052 ense
3768 2000 3914 2068 petit.
3954 1999 4015 2054 Si

2424 2091 2563 2143 enim
2591 2089 2671 2144 vis
2697 2098 2750 2143 et
2782 2091 3010 2156 teipsum
3035 2089 3295 2143 beneﬁcio
3322 2090 3560 2155 allicere,
3584 2100 3637 2143 et
3668 2090 3814 2145 illum
3839 2091 4019 2160 probe

2424 2181 2626 2246 ulcisci,
2672 2180 2809 2235 bene
2833 2180 2979 2235 dicas
3013 2182 3080 2235 de
3107 2196 3173 2234 eo
3199 2181 3288 2250 qui
3334 2182 3425 2235 tibi
3457 2181 3581 2235 fecit
3606 2182 3849 2250 injuriam
3888 2198 3904 2233 :
3937 2183 4015 2236 ita

2425 2271 2588 2328 facies
2631 2283 2689 2327 ut
2716 2273 2867 2327 multi
2900 2273 3004 2327 sint
3032 2274 3148 2343 ejus
3179 2289 3275 2343 pro
3306 2284 3355 2329 te
3394 2285 3733 2329 accusatores
3754 2314 3767 2336 ,
3796 2283 3851 2328 et
3894 2274 4017 2343 ipse

2424 2378 2669 2432 magnam
2704 2363 3004 2417 mercedem
3045 2363 3305 2432 accipies;
3347 2364 3427 2417 sin
3472 2374 3648 2419 autem
3698 2364 4012 2425 maledicas.

2422 2470 2491 2507 ne
2522 2454 2653 2508 ﬁdes
2679 2454 2890 2525 quidem
2923 2454 3013 2507 tibi
3046 2453 3343 2519 habebitur,
3399 2464 3455 2507 ut
3480 2454 3568 2523 qui
3609 2454 4015 2508 inimicitiarum

2421 2542 2727 2610 suspicione
2757 2542 2986 2596 labores.
3019 2541 3193 2609 Quare
3220 2550 3365 2595 tuum
3388 2542 3621 2596 studium
3652 2532 3742 2596 tibi
3777 2543 4014 2597 vertitur

2422 2634 2475 2685 in
2496 2634 2846 2686 contrarium.
2872 2631 2957 2685 'l'u
2983 2632 3123 2686 enim
3155 2633 3236 2686 vis
3266 2633 3459 2686 bonam
3486 2632 3601 2703 ejus
3621 2631 3815 2686 famam
3844 2650 4013 2687 ever-

2422 2733 2555 2787 tere,
2577 2735 2760 2778 contra
2791 2733 2968 2777 autem
2990 2723 3218 2781 accidit:
3247 2740 3341 2793 per
3366 2724 3572 2779 laudem
3596 2726 3761 2789 enim,
3782 2740 3887 2779 non
3916 2741 4017 2794 per

2419 2818 2811 2871 accusationem
2852 2816 2954 2871 hoc
3007 2818 3222 2881 evenit;
3266 2818 3361 2872 sed
3421 2828 3605 2873 contra
3647 2819 3864 2872 omnino
3909 2829 4014 2873 :ct

2420 2908 2646 2975 teipsum
2702 2906 2913 2977 quidem
2962 2907 3150 2975 majori
3186 2907 3469 2976 ignominia
3510 2908 3699 2974 afﬁcis,
3732 2908 3877 2961 illum
3910 2924 4014 2963 au-

2418 3006 2523 3053 tem
2554 3008 2641 3052 tua
2689 2999 2790 3053 tela
2840 3014 2944 3053 non
2988 3008 3223 3069 tangent.
3250 2997 3545 3054 Inimicitiae
3587 3000 3750 3066 enim,
3795 3017 3917 3071 qua:
3948 3016 4016 3057 se

2417 3090 2647 3145 oﬂ'erunt
2685 3090 2877 3143 animis
2917 3091 3261 3157 audientium,
3293 3106 3398 3145 non
3447 3091 3644 3155 sinunt,
3695 3100 3752 3145 ut
3777 3107 3896 3161 quin
3920 3092 4009 3146 di-

2418 3191 2632 3245 cuntur,
2680 3179 2733 3233 in
2775 3180 2990 3233 auribus
3035 3195 3218 3233 eorum
3266 3180 3632 3245 admittantur,
3666 3189 3722 3235 et
3751 3181 3801 3235 id
3830 3182 4015 3251 ipsum

2418 3268 2610 3323 accidit
2634 3268 2776 3339 quod
2806 3268 2857 3321 in
2897 3268 3401 3337 prescriptionibus.
3443 3270 3666 3337 Quando
3694 3270 3835 3326 enim
3859 3271 4014 3341 quis-

2421 3360 2560 3430 piam
2615 3360 2665 3412 in
2691 3357 2893 3427 judicio
2918 3358 3115 3428 aliquid
3142 3359 3419 3429 objecerit,
3467 3361 3770 3416 universum
3799 3362 4009 3416 interea

2416 3450 2723 3505 dissolvitur
2757 3469 2771 3506 :
2800 3450 2870 3503 ita
2894 3449 2980 3504 hic
3010 3450 3169 3506 etiam
3206 3466 3310 3507 non
3352 3454 3611 3527 permittit
3646 3454 3879 3523 suspicio
3902 3454 4009 3509 iui-

2416 3543 2753 3609 micitiarum,
2787 3553 2843 3596 ut
2878 3543 3189 3597 admittatur
3212 3543 3491 3612 judicium.
3517 3543 3593 3599 Ne
3619 3559 3747 3615 ergo
3772 3544 4009 3601 maledi-

2416 3649 2527 3697 cas,
2579 3648 2646 3688 ne
2690 3633 2915 3701 teipsum
2964 3632 3215 3702 polluas:
3248 3648 3347 3688 nec
3392 3634 3559 3688 lutum
3598 3644 3850 3690 contexas
3879 3652 4007 3691 cum

2415 3724 2526 3779 luto
2558 3734 2612 3778 et
2656 3724 2945 3791 lateribus,
2977 3724 3070 3779 sed
3110 3738 3337 3778 coronas
3364 3740 3430 3779 ex
3474 3726 3631 3791 rosis,
3673 3740 3736 3779 ex
3768 3726 3924 3780 violis
3949 3737 4009 3783 et

2415 3814 2631 3885 reliquis
2684 3813 2906 3869 ﬁoribus
2956 3825 3213 3869 connecte
3260 3830 3406 3869 :nec
3436 3825 3641 3870 stercus
3688 3822 3781 3871 ore
3832 3816 4005 3884 feras,

2414 3905 2864 3976 quemadmodum
2895 3906 3146 3959 scarabaei
3174 3905 3247 3975 (id
3273 3907 3414 3959 enim
3437 3905 3637 3961 faciunt
3656 3907 3745 3976 qui
3770 3906 4002 3961 maledi—

2414 4008 2543 4053 cunt
2574 4017 2587 4053 :
2631 4007 2689 4053 ιιι
2712 3999 2801 4069 qui
2832 3998 2930 4067 ipsi
2963 3997 3209 4053 faetorem
3250 3999 3405 4067 primi
3436 3998 3703 4069 sentiant)
3725 4041 3739 4063 ,
3772 3999 3863 4054 sed
3896 4000 3999 4053 llo-

2414 4106 2522 4155 res,
2563 4090 2701 4145 sicut
2747 4106 2895 4161 apes,
2924 4090 3181 4161 {avosque
3235 4100 3293 4144 ut
3330 4092 3433 4145 illa:
3485 4106 3767 4160 compone,
3816 4094 4003 4163 sisque

2414 4184 2660 4238 omnibus
2688 4186 2854 4237 comis
2884 4193 2936 4239 et
2975 4192 3302 4241 mansuetus.
3333 4184 3532 4239 Omnes
3559 4185 3699 4238 enim
3741 4200 3997 4240 aversan-

2416 4282 2501 4329 tur
2532 4276 2867 4340 maledicum,
2896 4284 2952 4329 ut
2982 4274 3069 4344 qui
3111 4283 3303 4329 tetrum
3334 4274 3573 4330 redoleat
3598 4284 3651 4330 et
3674 4277 3761 4345 qui
3790 4286 3846 4329 ut
3871 4291 3998 4330 san-

2413 4369 2631 4437 guisuga
2662 4369 2935 4437 sanguine,
2964 4377 3018 4422 et
3043 4367 3343 4422 scarabazus
3369 4378 3629 4433 stercore,
3658 4370 3850 4424 alienis
3880 4384 3999 4424 ma-

2413 4458 2477 4511 lis
2524 4458 2781 4511 aluntur:
2818 4472 2879 4512 os
2923 4468 3099 4511 autem
3150 4456 3288 4528 quod
3330 4457 3572 4513 lubenter
3615 4459 3810 4521 laudat,
3859 4467 3999 4514 tant-

2411 4564 2567 4618 qnam
2607 4548 2902 4603 membrum
2928 4566 3208 4604 commune
3236 4552 3552 4621 suscipiunt,
3596 4559 3863 4621 tamquam
3897 4553 3996 4605 l'ra-

2413 4650 2543 4695 trem
2592 4656 2943 4710 germanum,
3008 4649 3279 4710 tamquam
3329 4640 3533 4704 ﬁlium,
3590 4650 3859 4711 tamquam
3901 4658 3995 4711 pa-

2412 4742 2565 4785 trem.
2596 4731 2661 4785 Et
2690 4731 2812 4801 quid
2841 4732 2960 4786 dico
2991 4732 3058 4787 de
3090 4733 3465 4800 praesentibus,
3515 4742 3570 4787 et
3616 4730 3683 4786 de
3714 4732 3992 4787 hominum

2410 4823 2927 4877 existimationibus?
2956 4822 3244 4877 Considera
3281 4823 3410 4875 mihi
3437 4823 3575 4876 diem
3601 4823 3749 4876 illuni
3782 4822 4004 4876 terrihi-.

2411 4916 2534 4982 lem,
2562 4915 2689 4969 illud
2708 4915 2964 4984 judicium
2986 4912 3125 4984 quod
3156 4915 3425 4983 corrumpi
3458 4929 3563 4967 non
3593 4923 3766 4983 potest
3795 4931 3807 4967 :
3842 4914 3991 4983 quod

2410 5008 2452 5061 si
2487 5007 2611 5063 falsa
2666 5006 2833 5069 dicas,
2882 5006 3116 5075 peccatis
3175 5005 3283 5060 tuis
3335 5006 3436 5059 alia
3486 5005 3703 5074 insuper
3748 5004 3991 5073 adjicies.

2410 5095 2537 5152 Dico
2589 5100 2719 5152 cnint
2766 5096 2919 5162 vobis,
2968 5096 3103 5168 quod
3129 5113 3275 5150 omne
3294 5096 3494 5150 uerbum
3524 5097 3735 5149 otiosum
3763 5095 3895 5165 quod
3920 5097 3992 5150 lo-

2409 5190 2548 5259 quuti
2574 5190 2760 5260 fuerint
2787 5188 3035 5253 homines,
3067 5187 3256 5241 dabunt
3286 5204 3377 5256 pro
3400 5188 3511 5257 ipso
3537 5184 3647 5241 Deo
3670 5187 3913 5241 rationem
3935 5187 3991 5241 in

2409 5283 2684 5353 diejudicii
2714 5281 2924 5349 (Matth.
2951 5280 3037 5334 12.
3065 5280 3180 5349 56).
3214 5281 3431 5335 Etiamsi
3461 5280 3587 5345 sint,
3618 5280 3807 5351 inquit,
3836 5296 3987 5344 vero,

2410 5389 2478 5428 ne
2506 5374 2583 5427 sic
2612 5372 2826 5442 quidem
2879 5370 3101 5441 ell‘ugics
3132 5412 3146 5437 ,
3176 5372 3463 5441 quominus
3492 5370 3881 5433 condemneris,
3904 5380 3991 5426 ut-

2413 5473 2535 5533 pote
2556 5464 2644 5533 qui
2676 5463 2903 5532 proximi
2934 5464 3007 5517 tui
3050 5463 3379 5517 calamitates
3418 5472 3470 5517 et
3500 5462 3689 5531 probra
3722 5461 3985 5517 traducns.

2411 5554 2516 5609 Fac
2539 5554 2676 5625 apud
2709 5564 2759 5608 te
2778 5554 2982 5624 cegites
3013 5554 3359 5608 Pharisamm.
3378 5552 3493 5607 Non
3516 5562 3633 5608 erat
3654 5554 3983 5625 publicanus,

2411 5647 2501 5703 sed
2532 5648 2624 5701 luit
2644 5646 2923 5716 publicano
2963 5645 3291 5709 sceleratior,
3316 5645 3565 5714 quoniam
3597 5644 3666 5700 de
3708 5644 3992 5714 publicano

2476 5764 2487 5794 ¹
2527 5761 2627 5823 alii,
2650 5769 2745 5811 .Vou
2778 5757 3017 5823 oportebat
3042 5770 3154 5821 ergo
3174 5756 3444 5810 clanculum
3465 5770 3786 5809 murmurare.
