4156 6448
167 504 259 562 937

169 617 442 673 unledixil.
497 616 843 671 Putilieanus
890 627 993 666 non
1037 618 1153 663 erat
1200 610 1524 669 l’harisu-us.
1556 607 1650 662 sed
1684 605 1777 660 fuit

166 710 424 766 Pharisteo
435 708 677 779 iustior,
698 705 947 776 quoniam
963 703 1196 773 seipsum
1215 702 1470 755 miserum
1486 714 1608 782 esse
1628 699 1781 753 duxit

167 800 310 873 (Luc.
343 799 434 856 l8.
492 801 591 854 10.
622 815 738 868 sqq.
762 797 805 869 ).
836 794 961 850 Hac
988 792 1170 866 fecisti,
1201 803 1247 847 et
1268 792 1423 845 tacui.
1458 789 1781 846 Existimasti

164 894 487 962 adgnitatem,
533 892 685 958 quod
734 904 820 944 ero
863 888 949 942 tibi
990 887 1191 942 similis.
1220 886 1452 956 Arguant
1485 894 1565 948 te,
1598 894 1647 938 et
1675 894 1782 938 sta-

162 994 289 1039 tuent
336 994 545 1038 contra
570 983 764 1054 {aciem
806 990 948 1034 tuam
983 987 1190 1048 peccata
1237 987 1346 1031 tua.

224 1077 306 1133 ll.
335 1076 637 1133 Silentium
664 1074 786 1139 Dei,
815 1075 927 1144 eius
960 1071 1223 1142 patientia.
1270 1067 1594 1126 Consuetudo
1630 1069 1779 1123 vitio-

161 1186 261 1223 rum
283 1169 407 1239 quid
429 1169 645 1237 pariat.
686 1166 824 1220 Deus
841 1174 976 1219 recte
1008 1163 1157 1234 factis
1178 1161 1364 1217 nostris
1384 1161 1681 1215 honoratur.
1708 1190 1779 1200 —

163 1258 339 1314 Vidisti
393 1259 805 1314 humanitatem
857 1254 1219 1311 inclfabilem‘l
1266 1253 1459 1308 Vidisti
1508 1268 1775 1308 summam

161 1344 485 1405 bonitatem?
512 1349 705 1405 vidisti
732 1347 970 1404 inﬁnitas
991 1360 1124 1417 opes
1150 1345 1460 1415 patientiae?
1494 1344 1774 1399 Silentium

165 1442 294 1497 enim
322 1443 412 1497 hic
439 1441 587 1497 dicit
620 1440 950 1511 patientiam.
979 1437 1104 1498 Tot.
1137 1437 1328 1507 inquit,
1355 1444 1412 1492 et
1445 1446 1589 1491 tanta
1612 1450 1777 1492 ausus

159 1548 247 1587 es:
274 1548 375 1589 nec
402 1533 478 1588 de
505 1543 566 1587 te
594 1543 778 1588 tamen
810 1544 1001 1602 pinnas
1021 1528 1246 1597 sumpsi,
1290 1527 1385 1583 sed
1415 1542 1605 1596 passus
1630 1535 1769 1594 sum,

160 1635 209 1679 rt
231 1626 481 1692 toleravi,
514 1625 665 1680 dans
692 1623 869 1679 locum
900 1620 1233 1692 poenitentia:
1264 1618 1283 1691 (
1316 1616 1464 1673 Rom.
1489 1619 1545 1671 9..
1570 1619 1604 1673 4
1624 1619 1665 1689 ).
1696 1618 1774 1674 Tu

158 1726 323 1770 autem
348 1731 417 1771 es
446 1732 521 1771 eo
554 1729 670 1771 non
717 1713 877 1769 modo
902 1712 1032 1767 nihil
1065 1708 1401 1775 lucrifecisti,
1433 1709 1530 1765 sed
1573 1708 1625 1764 in
1655 1726 1773 1763 ma-

159 1808 236 1876 jus
272 1808 440 1864 etiam
486 1808 692 1862 vitium
738 1803 1035 1875 impegisti.
1082 1802 1201 1857 Non
1246 1802 1422 1857 solum
1468 1802 1612 1862 enim
1666 1817 1773 1857 non

161 1909 381 1955 mutatus
404 1915 496 1968 es,
538 1913 645 1954 nec
673 1898 845 1953 solum
876 1911 983 1951 non
1012 1910 1071 1949 es
1117 1893 1324 1965 pudore
1363 1892 1620 1959 suffusus,
1674 1910 1774 1950 nec

161 2002 367 2060 propter
390 2006 486 2056 ea,
518 2005 649 2059 qua:
683 2004 716 2046 ι
742 1998 794 2043 te
822 1986 960 2042 facta
989 1994 1149 2051 sunt,
1185 1986 1412 2056 teipsum
1447 1985 1775 2041 condemna-

160 2081 219 2135 sti
251 2100 265 2135 :
294 2081 392 2137 sed
426 2098 523 2137 me
554 2081 720 2135 etiam
742 2079 831 2150 qui
854 2080 1006 2149 longa
1034 2078 1087 2132 in
1112 2087 1163 2132 te
1185 2076 1438 2147 patientia
1473 2092 1600 2131 usus
1628 2091 1769 2145 sum,

159 2170 239 2237 qui
267 2172 500 2227 toleravi
531 2214 549 2236 ,
603 2172 695 2241 qui
738 2169 899 2233 tacui,
930 2169 1021 2239 qui
1052 2178 1130 2223 tot
1157 2176 1213 2222 et
1252 2178 1395 2223 tanta
1428 2168 1545 2235 tuli,
1588 2168 1772 2223 existi-

163 2263 305 2315 masti
328 2277 437 2316 non
453 2262 583 2318 hare
598 2260 741 2317 ferre
761 2267 977 2330 prOpter
997 2258 1307 2329 patientiam
1330 2266 1384 2312 et
1402 2258 1767 2320 clementiam,

161 2351 246 2404 sed
273 2362 573 2422 propterea
607 2351 753 2421 quod
812 2350 1013 2405 nollem
1062 2348 1180 2403 haec
1217 2348 1509 2418 castigari,
1542 2359 1597 2403 et
1627 2348 1770 2419 quod

163 2456 215 2493 ea
235 2459 350 2511 qtae
372 2462 403 2495 a
427 2455 485 2499 te
508 2443 734 2510 ﬂebant,
766 2457 873 2496 non
903 2456 1047 2512 aegro
1078 2440 1302 2496 ferrem.
1343 2440 1437 2494 22.
1466 2438 1765 2513 lnteltigite,

164 2532 377 2598 obsecro,
411 2533 559 2597 hac,
599 2534 686 2605 qui
738 2532 1090 2588 obliuiscimiui
1131 2530 1321 2587 Deum.
1353 2530 1655 2599 Quaenam?
1691 2532 1769 2588 Ea

165 2638 272 2689 qua
294 2622 440 2679 dicta
482 2635 635 2690 sunt,
685 2624 877 2695 inquit.
929 2623 1068 2690 Quid
1096 2632 1201 2691 est,
1226 2621 1550 2695 Intelligite?
1572 2623 1768 2680 Consi-

164 2712 356 2769 derate.
404 2716 554 2784 Quid
599 2726 781 2772 autem
820 2715 1024 2770 dictum
1070 2724 1155 2769 est
1199 2713 1598 2779 obscurum.et
1623 2715 1765 2785 quod

167 2820 341 2875 magna
367 2817 533 2876 egeat
560 2806 1027 2877 perscrutatione?
1055 2804 1283 2859 Maxime
1310 2804 1528 2875 quidem
1569 2815 1624 2860 et
1652 2806 1767 2875 ipse

166 2898 346 2953 tuosius
369 2897 607 2954 docendi
652 2898 854 2953 inducit
879 2904 1141 2951 mutatam
1184 2895 1413 2949 formam
1460 2896 1759 2966 religionis.

167 2985 287 3042 Cum
317 2992 467 3043 enim
500 2987 903 3061 sacriﬁciorum
934 3001 1044 3041 non
1072 3001 1321 3056 magnam
1351 2986 1545 3041 habeat
1589 2998 1760 3042 rano-

170 3091 299 3143 item,
342 3077 641 3134 introducit
683 3077 830 3148 leges
871 3076 1215 3147 evangelicas
1258 3092 1271 3129 :
1304 3084 1360 3131 et
1401 3076 1601 3145 alioqui
1630 3092 1767 3146 quo-

172 3169 299 3224 niam
325 3183 484 3226 erant
511 3179 854 3240 peccatorum
895 3166 1165 3239 profundo
1189 3181 1348 3223 cteno
1375 3167 1575 3234 obruti,
1630 3177 1766 3223 tani-

170 3274 312 3330 quam
340 3278 371 3316 a
414 3263 737 3334 quibusdam
780 3261 1394 3331 malitiaLvoragiuibus
1430 3261 1618 3315 volens
1666 3276 1763 3316 eos

174 3352 467 3421 extrahere,
492 3363 550 3409 et
577 3352 740 3408 veluti
772 3352 969 3407 lernam
999 3352 1299 3417 oculorum,
1332 3366 1632 3421 expurgare
1668 3367 1763 3407 vo—

173 3443 274 3498 lens
301 3430 435 3500 viam
468 3446 667 3515 prioris
694 3445 846 3499 mala:
885 3443 1311 3509 consuetudinis,
1357 3458 1452 3497 eos
1482 3444 1682 3498 excitat
1702 3454 1762 3499 ut

174 3552 362 3606 raquo:
405 3538 551 3594 facta
595 3548 721 3593 sunt
768 3539 820 3590 in
867 3536 1182 3590 memoriam
1234 3544 1514 3601 revocent,
1558 3552 1627 3590 ne
1676 3537 1761 3591 liis

175 3625 410 3684 oblivioni
441 3628 672 3693 traditis,
697 3627 900 3698 absque
927 3626 1077 3680 lucro
1104 3625 1377 3680 recedant.
1408 3624 1591 3695 Longa
1613 3626 1757 3681 enim

175 3718 404 3776 vitiorum
423 3721 761 3778 consuetudo
784 3734 1031 3791 magnam
1049 3718 1205 3775 aliert
1225 3720 1521 3774 caecitatem
1538 3721 1755 3787 anima),

178 3821 224 3861 et
244 3823 476 3869 amentes
497 3812 685 3878 efﬁcit,
713 3821 771 3867 et
809 3812 1146 3882 perspicoces
1176 3811 1363 3867 oculos
1390 3811 1758 3881 intelligentia:

177 3904 316 3959 emit.
346 3904 638 3976 Nequaudo
666 3904 859 3974 rapiat,
888 3912 933 3957 et
956 3919 1059 3957 non
1082 3903 1150 3956 sit
1190 3888 1279 3973 qui
1313 3902 1516 3972 eripiat.
1547 3902 1593 3956 0
1624 3901 1759 3957 inef-

180 3991 370 4051 fabilem
398 3996 741 4053 clementiam
766 3997 780 4049 ι
814 3995 921 4050 Ρίω
952 3995 1140 4049 matris
1167 3994 1283 4050 inec
1301 3997 1465 4049 verba
1492 4004 1639 4059 sunt,
1670 3995 1758 4050 vel

179 4082 303 4141 illam
345 4100 524 4159 potius
561 4088 813 4157 pietatem
852 4086 1092 4141 bonitate
1130 4085 1289 4156 longe
1326 4097 1599 4155 superant.
1653 4087 1753 4155 Qui

180 4180 301 4233 enim
322 4190 423 4235 tam
450 4180 599 4251 gravi
629 4179 973 4233 accusatione
1000 4192 1129 4231 usus
1157 4187 1258 4244 est,
1289 4178 1377 4246 qui
1410 4187 1611 4231 tantam
1641 4194 1755 4248 prie

178 4282 229 4321 se
254 4272 363 4326 tulit
376 4273 819 4343 indignationem,
843 4272 958 4339 ipse
985 4283 1081 4323 eos
1101 4268 1387 4337 prtenmnit
1409 4270 1447 4322 ί.
1465 4269 1565 4337 Qui
1597 4269 1752 4333 dixit,

182 4360 377 4432 Argiuus
437 4375 505 4430 te,
549 4373 597 4418 et
650 4372 871 4417 statuam
923 4372 1040 4415 ante
1097 4362 1282 4432 faciem
1348 4371 1489 4414 tuam
1551 4373 1756 4429 peccata

182 4462 273 4520 lla,
296 4470 348 4511 et
368 4456 834 4511 condemnationis
862 4455 1041 4510 emisit
1090 4454 1438 4519 sententiam,
1484 4469 1602 4508 eam
1634 4471 1754 4507 rur-

182 4559 259 4600 sus
280 4550 549 4617 rescindit,
579 4564 686 4603 non
736 4558 1007 4617 tamquam
1054 4560 1178 4601 reos
1205 4545 1423 4600 tradens
1452 4547 1752 4614 supplicio,

183 4637 257 4690 sed
285 4649 546 4711 tamquam
573 4643 662 4711 qui
706 4642 957 4696 suasione
986 4650 1041 4694 et
1085 4639 1451 4693 admonitione
1493 4641 1755 4695 deberent

184 4733 368 4802 currigi,
390 4740 540 4789 metu
563 4747 842 4799 coercens,
870 4732 1155 4803 contineqs
1179 4747 1244 4786 ac
1273 4732 1479 4796 dicens,
1514 4733 1599 4786 Ne
1623 4738 1756 4803 forte

183 4826 323 4889 rapiat
347 4837 404 4881 ut
430 4827 517 4881 leo
555 4829 596 4890 ¹,
623 4835 671 4881 et
714 4842 817 4880 non
841 4826 903 4880 sit
931 4826 1019 4895 qui
1061 4826 1264 4893 eripiat.
1303 4825 1393 4880 25.
1428 4828 1753 4893 Sacriﬁcium

187 4910 323 4968 laudis
348 4916 705 4984 honoriﬁcabit
725 4933 828 4977 me,
857 4926 903 4969 et
923 4917 1029 4969 illic
1054 4916 1170 4979 iter,
1197 4918 1333 4986 quod
1361 4919 1625 4971 ostendam
1652 4921 1750 4985 illi,

183 5002 375 5058 salutare
432 5004 546 5058 Dei.
606 5005 891 5075 Postquam
936 5004 1171 5060 Ostendit
1228 5008 1570 5063 clementiam
1625 5026 1751 5063 sua-

188 5088 350 5161 dendo,
371 5093 726 5161 consulendo,
756 5096 1010 5150 minando
1035 5111 1098 5151 ac
1123 5098 1405 5164 terrendo,
1438 5114 1627 5167 purum
1667 5102 1751 5152 af-

187 5178 378 5242 ferenda
450 5188 806 5255 supplicium,
859 5197 915 5243 et
988 5189 1379 5244 iutroducendo
1446 5193 1748 5257 consilium,

190 5278 393 5333 Miidit
441 5278 605 5333 etiam
636 5278 853 5334 modum
884 5283 984 5348 per
1026 5295 1186 5348 quem
1223 5283 1434 5346 possint
1479 5284 1752 5353 corrigere

186 5377 278 5431 qua
326 5368 463 5425 facta
516 5378 660 5431 sunt,
716 5369 945 5425 dicens:
990 5371 1317 5438 Sacrificium
1374 5372 1542 5426 laudis
1590 5374 1753 5426 Itono-

186 5456 366 5523 n'ﬁcabit
412 5478 512 5515 me.
571 5459 624 5514 ld
658 5470 744 5514 est
792 5471 971 5515 autem
1020 5462 1161 5531 quod
1188 5460 1362 5517 dicit:
1415 5462 1531 5516 Non
1575 5464 1749 5519 solum

187 5542 289 5603 iram
327 5565 503 5606 meatu
529 5550 773 5617 sedabit,
803 5560 895 5604 aut
921 5551 1192 5607 rescindet
1218 5553 1746 5618 condemnationem,
1778 5543 1787 5553 “

213 5690 247 5761 μ’
271 5694 341 5743 sic
358 5694 653 5761 inmunibus
669 5692 778 5761 fere
802 5692 1172 5761 exemplaribus
1196 5702 1249 5743 et
1271 5696 1321 5761 iu_
1344 5696 1450 5757 ipso
1471 5693 1647 5743 Savilio
1670 5694 1748 5744 le-

186 5755 303 5823 gitur.
325 5756 415 5823 sed
432 5757 483 5803 iu
500 5756 673 5823 μητρὶ.
696 5756 816 5823 fidit.
842 5757 917 5805 sic
958 5755 1167 5805 habetur
1192 5770 1206 5804 :
1233 5756 1322 5815 Qui
1361 5755 1543 5823 tantum
1568 5770 1674 5823 pro:
1696 5771 1747 5806 se

184 5811 665 5929 :uhbwmmnu
690 5817 796 5881 ipse
813 5829 895 5867 eos
916 5825 1193 5879 proﬂuunt,
1214 5811 1394 5868 omisso
1417 5811 1581 5881 priore
1606 5820 1748 5881 phra-

228 5912 570 6005 Γιῖἱῗέῗὲἑω,
593 5946 647 5991 ιιι
668 5940 761 6003 leo,
774 5940 956 5991 omittit
978 5939 1195 5990 Savilins.

1288 491 1647 551 uxrosmo
1687 489 1751 545 ιχ
1795 463 2123 547 paulum
2164 492 2346 551 cvm.

3394 497 3503 551 2.58

1892 609 1986 663 sed
2017 625 2103 663 uie
2127 611 2289 665 etiam
2318 611 2522 667 honore
2543 612 2762 668 afficiet.
2790 612 2922 666 Vide
2953 612 3196 681 print-lari
3231 610 3353 665 facti
3383 627 3497 665 mri-

1888 700 2244 768 guitudinem,
2277 702 2492 771 quando
2524 704 2662 759 Deus
2707 719 2805 774 per
2849 705 3023 773 ipsum
3075 702 3283 763 honore
3330 700 3502 771 affici-

1891 800 1995 846 tur.
2027 790 2095 845 Et
2124 794 2231 848 illic
2260 794 2372 859 iter,
2401 797 2540 863 quod
2579 796 2845 849 ostendam
2875 795 2972 861 illi,
3002 797 3229 855 salutare
3258 793 3374 847 Dei.
3407 792 3501 847 ⁷νί-

1886 883 2010 939 disti
2040 886 2347 942 mercedem
2369 886 2732 943 ineffabilem?
2760 886 2939 943 vidisti
2967 900 3235 940 suminam
3258 885 3503 939 clemen-
3576 876 3597 883 “

1888 976 2061 1030 tiam?
2088 977 2180 1032 Dei
2232 979 2377 1033 enim
2422 979 2562 1033 viam
2606 986 2949 1033 ostensurum
2996 977 3301 1047 pollicetur,
3351 985 3406 1029 et
3448 972 3496 1026 id

1884 1069 2028 1139 quod
2055 1077 2138 1124 est
2163 1084 2291 1125 vere
2322 1069 2419 1124 Dei
2449 1069 2685 1125 salutare
2729 1070 2795 1124 iis
2849 1070 2943 1139 qui
2993 1078 3143 1123 recte
3190 1082 3250 1122 se
3279 1073 3489 1136 gerunt.

1887 1164 1949 1219 Ei
1976 1178 2111 1236 ergo
2129 1165 2463 1234 promittenti
2494 1180 2802 1235 pareamus,
2834 1175 2892 1221 et
2928 1173 3081 1220 recta
3103 1162 3210 1219 vita
3239 1170 3295 1216 ct
3322 1163 3495 1214 sacri-

1886 1255 2007 1309 licio
2038 1254 2212 1311 laudis
2237 1271 2363 1311 eum
2391 1256 2740 1311 honorrrnus.
2776 1255 2904 1311 Haec
2942 1256 3087 1311 enim
3115 1254 3200 1308 via
3249 1253 3394 1308 ducit
3427 1252 3495 1304 ait

1885 1349 2111 1404 salutem
2161 1364 2259 1419 per
2301 1348 2411 1405 hoc
2450 1350 2772 1406 sacrificium
2808 1368 2820 1404 :
2852 1364 3015 1421 quam
3043 1348 3203 1403 detur
3241 1345 3496 1402 omnibus

1885 1441 2041 1496 nobis
2064 1442 2281 1511 assequi
2325 1442 2499 1512 gratia
2528 1451 2584 1496 et
2610 1440 2900 1497 clementia
2928 1438 3138 1494 Domini
3171 1439 3338 1493 nostri
3364 1435 3496 1492 Jesu

1880 1531 2105 1594 Christi,
2134 1533 2387 1603 quoniam
2411 1533 2459 1589 ei
2485 1532 2655 1599 gloria
2682 1541 2738 1596 et
2763 1532 3071 1601 imperium,
3103 1544 3245 1584 nunc
3268 1536 3325 1583 et
3348 1544 3493 1582 sent-

1883 1638 2000 1693 per,
2029 1631 2085 1678 et
2109 1624 2162 1678 in
2185 1625 2383 1679 saecula
2408 1623 2755 1679 smculorum.
2789 1625 2983 1679 Amen.
3394 1626 3397 1627 ⁷

2304 1733 2372 1790 IN
2412 1732 2737 1791 PSALMUM
2775 1733 2933 1789 cvm
2970 1733 3075 1805 (a).

1878 1846 1933 1902 2.
1979 1846 2155 1915 Deus,
2196 1847 2404 1903 laudent
2449 1864 2615 1902 nteant
2658 1865 2722 1904 ne
2757 1849 2975 1903 tacueris
3001 1865 3020 1901 :
3050 1850 3169 1918 quia
3218 1864 3275 1901 os
3317 1863 3499 1916 pecca-

1952 1940 2077 1993 toris
2106 1948 2154 1992 et
2180 1955 2237 1993 os
2262 1938 2429 1993 dolosi
2456 1956 2610 2008 super
2644 1954 2725 1993 me
2757 1949 2995 2007 apertum
3024 1948 3126 1992 est.
3176 1939 3233 1993 ’5.
3274 1938 3495 2009 Loquuti

1948 2041 2068 2087 sunt
2094 2032 2365 2087 adversum
2386 2050 2467 2087 me
2496 2030 2675 2104 lingua
2700 2032 2901 2097 dolosa,
2924 2032 3239 2087 sermonibus
3264 2033 3369 2087 odii
3394 2032 3493 2086 cir-

1948 2125 2315 2180 cumdederunt
2331 2141 2429 2191 me,
2453 2136 2499 2180 et
2519 2133 2939 2197 expugnaverunt
2953 2142 3032 2179 me
3048 2126 3228 2197 gratis.
3242 2126 3300 2183 4.
3314 2122 3421 2179 Pro
3436 2142 3494 2178 eo

1950 2228 2006 2272 ut
2024 2234 2102 2271 me
2119 2218 2407 2289 diligerent,
2429 2217 2761 2271 detrahebant
2780 2217 2908 2270 mihi
2927 2233 2945 2271 :
2961 2234 3055 2288 ego
3071 2226 3240 2271 autem
3260 2215 3486 2271 orabam.

1947 2310 2001 2367 5.
2028 2308 2094 2363 Et
2113 2322 2387 2379 posuerunt
2404 2310 2671 2363 adversum
2689 2323 2769 2362 me
2789 2308 2927 2363 mala
2946 2324 3040 2377 pro
3064 2308 3230 2373 bonis,
3252 2317 3299 2361 et
3318 2308 3494 2360 odium

1946 2418 2039 2473 pro
2056 2402 2327 2455 dilectione
2348 2418 2478 2455 mea.
2498 2401 2550 2455 6.
2574 2399 2838 2455 Constitue
2853 2417 3007 2471 super
3021 2417 3138 2454 euut
3155 2408 3491 2467 peccatorem,

1947 2504 1994 2547 et
2022 2494 2258 2549 diabolus
2282 2504 2375 2548 stet
2401 2511 2433 2548 a
2457 2493 2653 2548 dextris
2681 2494 2875 2562 ejus.7.
2897 2493 3027 2549 Cum
3038 2493 3329 2563 judicatur,
3349 2502 3493 2545 exeat

1943 2586 2326 2654 condemnatus,
2355 2598 2402 2641 et
2424 2586 2586 2641 oratio
2606 2587 2717 2656 ejus
2740 2586 2833 2656 ﬁat
2852 2586 2907 2640 in
2934 2595 3216 2656 peccatum.
3253 2588 3303 2643 8.
3335 2582 3494 2638 Fiunt

1944 2680 2053 2733 dies
2074 2680 2183 2751 ejus
2204 2680 2375 2749 pauci,
2408 2689 2455 2733 et
2480 2679 2829 2749 episcOpatum
2854 2681 2965 2751 ejus
2994 2678 3213 2747 accipiat
3249 2678 3487 2732 allen-9.

1944 2769 2105 2825 Fiant
2134 2772 2230 2840 ﬁlii
2256 2775 2369 2842 ejus
2401 2772 2622 2842 orphani
2644 2813 2657 2835 ,
2681 2782 2727 2825 et
2756 2787 2886 2825 uxor
2913 2772 3026 2841 ejus
3045 2772 3220 2825 vidua.
3256 2771 3342 2825 10.
3374 2769 3492 2824 Nu-

1944 2872 2107 2919 tantes
2137 2864 2513 2931 transferantur
2532 2863 2629 2931 ﬁlii
2652 2864 2765 2932 ejus
2781 2905 2796 2927 ,
2818 2872 2867 2917 et
2886 2863 3195 2926 mendiceut,
3219 2864 3503 2933 ejiciautur

1941 2956 2005 3010 de
2024 2956 2416 3011 habitationibus
2429 2956 2556 3011 suis.
2582 2957 2670 3012 ll.
2695 2956 2969 3011 Scrutetur
2988 2960 3262 3028 {tenuatur
3288 2973 3490 3012 omnem

1940 3048 2273 3129 substantiam
2297 3050 2427 3120 ejus,
2458 3058 2505 3103 et
2531 3049 2778 3120 diripiant
2804 3049 2959 3105 alieni
2995 3049 3191 3104 labores
3220 3051 3354 3119 ejus.

1944 3163 1997 3218 l.
2024 3161 2213 3233 Magna
2235 3162 2325 3218 hic
2344 3163 2501 3218 nobis
2522 3163 2806 3233 prudentia
2828 3178 2964 3235 opus
2984 3173 3087 3219 est.
3107 3163 3285 3220 Verba
3314 3165 3484 3229 enim,

1867 3255 1913 3309 si
1939 3255 2353 3311 consulerentur
2384 3264 2591 3311 tantum
2621 3266 2679 3311 ut
2703 3267 2831 3311 sunt
2859 3256 3066 3326 prolata
3090 3299 3105 3325 ,
3134 3266 3189 3313 et
3212 3266 3274 3313 ut
3300 3259 3486 3313 auditu

1867 3347 2047 3401 statim
2079 3347 2449 3418 percipiuntur
2478 3387 2495 3412 ,
2534 3348 2854 3417 perturbant
2880 3350 3083 3404 multos
3124 3364 3311 3405 eorum
3338 3392 3356 3417 ,
3394 3355 3484 3423 qui

1865 3454 1972 3493 non
2003 3438 2307 3494 attendunt.
2342 3439 2509 3493 Totus
2536 3439 2682 3494 enim
2715 3438 2966 3504 Psalmus
2992 3441 3185 3511 plenus
3211 3453 3296 3497 est
3323 3458 3487 3499 exsc-
3571 3441 3574 3444 ’

1868 3534 2114 3588 oratione
2135 3574 2149 3598 ,
2184 3532 2604 3603 hujusmodique
2631 3542 2740 3587 tota
2769 3535 3040 3603 percurrit
3066 3536 3241 3591 oratio
3262 3576 3276 3600 ,
3306 3550 3370 3591 ac
3402 3538 3482 3591 lo-

1862 3631 2078 3701 quentis
2100 3631 2394 3686 ferventem
2416 3638 2471 3684 et
2490 3628 2771 3683 ardentem
2792 3629 3080 3699 quamdam
3104 3630 3238 3684 iram
3260 3629 3478 3695 iudicat.

1863 3737 1985 3791 quas
2034 3737 2140 3775 non
2185 3731 2439 3776 contenta
2486 3736 2612 3775 eum
2655 3722 2883 3787 ulcisci,
2910 3723 3001 3790 Qui
3034 3721 3160 3777 facit
3190 3723 3438 3800 injuriam
3463 3766 3479 3787 .

1863 3817 2024 3868 etiam
2049 3814 2101 3867 in
2125 3813 2285 3877 filios,
2309 3826 2516 3884 patrem
2538 3821 2593 3866 et
2614 3821 2839 3868 matrem
2862 3816 3103 3869 extendit
3126 3817 3478 3886 supplicium:

1861 3914 1917 3959 et
1944 3920 2049 3958 non
2081 3920 2184 3959 una
2214 3905 2263 3958 ei
2290 3902 2488 3959 suflicit
2514 3905 2814 3971 calamitas,
2844 3904 2938 3959 sed
2967 3906 3127 3960 etiam
3155 3907 3295 3960 mala
3323 3909 3481 3962 malis

1862 3995 2158 4066 conjungit.
2192 3996 2323 4051 Vide
2346 3998 2491 4052 enim
2521 4006 2652 4067 quot
2681 4007 2735 4052 et
2759 4006 2961 4066 quanta
2988 3997 3316 4068 imprecetur
3339 4043 3353 4065 ,
3396 3984 3480 4055 tli-

1862 4104 1991 4143 cens
2022 4107 2035 4141 :
2066 4087 2328 4144 Constitue
2348 4106 2502 4160 super
2526 4106 2641 4143 eum
2668 4100 2979 4158 peccatorem
3002 4106 3021 4144 :
3043 4101 3089 4143 et
3115 4092 3349 4146 diabolus
3386 4102 3479 4147 stet

1860 4200 1893 4234 a
1922 4182 2114 4236 dextris
2142 4183 2271 4251 ejus.
2309 4181 2421 4236 Hoc
2445 4190 2560 4247 est,
2607 4181 2688 4237 Sit
2724 4181 2989 4237 obnoxius
3031 4184 3436 4238 accusatoribus
3459 4225 3475 4251 ,

1863 4274 2119 4343 improbis
2147 4273 2455 4327 hominibus
2484 4281 2538 4327 et
2566 4272 2973 4328 insidiatoribus
2993 4314 3008 4339 ,
3045 4289 3144 4328 nec
3179 4289 3275 4330 eos
3304 4278 3477 4345 possit

1860 4380 2133 4434 Superare.
2170 4364 2284 4419 Hoc
2327 4366 2473 4419 enim
2520 4365 2619 4419 sibi
2662 4367 2777 4419 vult
2809 4366 2958 4429 illud,
3003 4366 3131 4421 Cum
3168 4368 3474 4437 judicalur,

1861 4466 2005 4509 exeat
2059 4456 2444 4511 condemnatus.
2506 4455 2617 4510 Nec
2657 4458 2787 4511 satis
2835 4457 2940 4512 hoc
2970 4459 3124 4512 duxit
3175 4474 3296 4513 esse
3350 4475 3478 4529 snp-

1863 4550 2002 4618 plicii
2055 4548 2129 4621 (b)
2162 4591 2176 4611 ,
2219 4549 2314 4603 sed
2374 4564 2497 4601 cum
2549 4548 2650 4602 hac
2707 4550 3163 4605 condetmatioue
3209 4562 3327 4605 orat
3362 4594 3374 4611 ,
3421 4563 3479 4606 ut

1859 4643 2020 4696 etiam
2042 4641 2234 4709 aliqu's
2258 4640 2393 4693 alius
2426 4648 2546 4709 post
2574 4640 2722 4694 illum
2748 4642 2866 4709 ejus
2892 4640 3149 4696 honorem
3183 4643 3438 4711 suscipiat
3458 4685 3473 4709 ,

1860 4734 2045 4787 dicens
2078 4750 2091 4785 :
2127 4730 2492 4799 Episcopatu»:
2533 4733 2650 4801 ejus
2693 4733 2913 4802 accipiat
2961 4735 3109 4786 alter.
3162 4733 3232 4788 Et
3279 4751 3344 4787 nc
3389 4736 3475 4790 hic

1859 4826 2077 4895 quidem
2127 4824 2306 4888 sistit,
2339 4825 2431 4878 sed
2463 4826 2625 4877 etiam
2674 4826 2848 4878 solum
2895 4828 2983 4895 qui
3029 4839 3146 4881 erat
3173 4829 3221 4882 ei
3255 4831 3475 4885 relictus

1860 4929 2073 4987 portum
2100 4916 2348 4981 obstruit,
2384 4932 2578 4985 rogans
2610 4926 2665 4970 ut
2694 4934 2763 4972 ne
2793 4919 2884 4971 Dei
2917 4920 3133 4988 quidem
3157 4934 3476 4992 assr-qttatur

1860 5011 2198 5065 clementiam
2224 5050 2240 5075 ,
2282 5008 2407 5063 dum
2443 5010 2571 5062 dicit
2602 5028 2614 5062 :
2648 5009 2712 5063 Et
2742 5012 2906 5063 oratio
2936 5016 3046 5077 eius
3085 5016 3175 5079 [iat
3207 5015 3259 5067 iu
3296 5033 3475 5085 pecca-

1862 5111 1987 5154 tum.
2011 5101 2146 5167 Quin
2180 5102 2340 5154 etiam
2367 5111 2518 5169 rogat
2542 5112 2601 5154 ut
2626 5112 2855 5155 mortem
2883 5105 3073 5157 subeat
3104 5106 3471 5163 immaturam.

1865 5193 2015 5245 Fiant
2042 5193 2207 5254 enim,
2239 5193 2432 5262 inquit,
2461 5194 2567 5245 dies
2596 5194 2707 5263 ejus
2734 5195 2906 5263 pauci.
2939 5198 3113 5269 Atque
3146 5214 3212 5251 ne
3244 5200 3328 5253 hic
3350 5202 3473 5269 qui-

1859 5286 1980 5340 dem
2011 5286 2171 5349 sistit,
2200 5286 2325 5339 licet
2353 5284 2469 5338 lucc
2494 5286 2609 5339 sola
2638 5287 2840 5341 dixisse
2870 5287 3193 5343 sufﬁciebat.
3226 5288 3321 5345 Ille
3343 5308 3474 5347 vero

1858 5380 2019 5434 etiam
2057 5378 2302 5447 adjungit
2322 5419 2336 5441 ,
2369 5378 2511 5447 quod
2532 5379 2754 5448 quidem
2780 5390 2863 5434 est
2887 5381 3052 5435 animi
3083 5383 3237 5437 valde
3266 5384 3470 5441 incensi

1858 5488 1921 5526 ac
1952 5470 2259 5525 inﬂammati
2286 5471 2381 5544 (c),
2411 5488 2515 5525 non
2548 5487 2657 5526 uno
2684 5482 2777 5526 aut
2802 5473 2973 5528 altero
3004 5484 3318 5530 contentum
3350 5492 3471 5533 esse

1858 5564 2117 5631 supplicio
2136 5605 2153 5630 ,
2185 5562 2279 5616 sed
2306 5573 2488 5631 petere
2511 5572 2567 5617 ut
2594 5564 2697 5617 alia
2735 5564 3100 5633 imponantur.
3128 5566 3259 5632 Quae
3283 5579 3466 5623 autem

1858 5655 2111 5723 deinceps
2152 5666 2469 5723 sequuntur,
2500 5667 2623 5709 sunt
2658 5656 2741 5710 his
2771 5658 2943 5712 multo
2968 5658 3234 5728 graviora.
3268 5661 3466 5716 Eorum

1857 5751 1999 5804 enim
2028 5763 2160 5817 quos
2183 5747 2455 5818 relinquit,
2478 5748 2763 5804 orbitatem
2786 5760 2839 5805 et
2862 5750 3172 5807 viduitatem
3196 5765 3463 5822 precatur.

1919 5840 1993 5903 (α)
2025 5837 2324 5903 contulimus
2347 5852 2459 5889 cum
2476 5842 2649 5891 codice
2668 5844 2814 5903 regio
2838 5844 2980 5901 259.9,
3002 5844 3149 5894 hodie
3169 5844 3281 5895 655.

1923 5899 1995 5967 (ὓ)
2031 5902 2122 5967 llic
2137 5899 2285 5950 multa
2309 5899 2821 5967 practermittuutuﬁin
2845 5905 2955 5953 (zod.
2968 5899 3096 5967 Reg.

1924 5961 1995 6026 (ι)
2032 5961 2172 6011 Multa
2201 5961 2377 6025 passim
2404 5967 2733 6025 [ii-atterunt!“
2746 5965 2987 6032 Reg.,qni
3010 5961 3204 6017 Πῖρωῦ
3224 5977 3406 6021 scatet.
