4154 6452
820 520 984 592 Διιιυί
1013 531 1229 575 necesse
1270 526 1385 582 est,
1417 516 1475 571 ut
1503 516 1619 571 huic
1645 516 1929 577 evcniant,
1963 518 2243 585 postquam
2288 507 2403 576 ipse

822 611 1116 667 excesserit
1146 626 1161 675 ;
1192 618 1246 664 et
1271 617 1449 663 tamen
1481 608 1620 666 inter
1646 608 1839 660 caetera
1867 600 2151 658 maledicta
2179 614 2241 655 ea
2270 612 2402 653 con-

822 709 1113 768 sequenter
1134 698 1337 761 statuit,
1368 698 1443 751 ira
1472 697 1701 752 fervens.
1729 695 1797 749 Et
1816 708 1917 750 nec
1941 695 1995 747 in
2018 690 2252 747 orbitate
2285 687 2406 757 qui-

826 790 949 845 dem
981 791 1157 854 sistit,
1191 790 1285 845 sed
1315 788 1475 843 etiam
1512 796 1634 857 post
1662 785 1806 840 tales
1820 783 2149 839 calamitates
2188 778 2408 834 ulterius

831 879 1171 951 progreditur
1192 919 1209 946 ,
1241 880 1378 933 mala
1409 879 1526 949 ejus
1550 876 1905 947 amplificans,
1936 887 2127 944 rogans
2148 871 2319 941 utqui
2342 884 2408 924 ex

823 985 891 1025 eo
920 970 1029 1024 nati
1054 980 1179 1025 sunt
1206 966 1423 1024 incertis
1444 975 1702 1040 vagentur
1719 966 1957 1022 sedibus.
1994 963 2280 1025 Nutantes,
2323 961 2407 1015 in-

792 1086 795 1089 ι
823 1060 974 1130 quit,
1008 1061 1377 1129 transferantur
1405 1058 1500 1129 ﬁlii
1542 1059 1693 1129 ejus,
1716 1066 1764 1111 et
1797 1056 2100 1110 mendicent.
2144 1052 2257 1108 Hoc
2281 1062 2364 1106 est
2390 1090 2406 1115 ,

821 1149 1079 1209 Errantes
1099 1160 1153 1222 et
1170 1151 1462 1222 vagabundi
1486 1165 1555 1205 ne
1574 1147 1935 1205 necessarium
1954 1145 2166 1216 quidem
2190 1144 2411 1199 alimen-

825 1253 936 1298 tum
967 1243 1215 1318 habeant,
1239 1257 1338 1298 nec
1352 1252 1562 1297 cessent
1579 1240 1793 1296 assidue
1822 1239 1996 1295 locum
2023 1237 2143 1292 loco
2161 1246 2369 1289 mutare
2390 1276 2407 1299 ,

820 1333 1004 1402 agitati
1028 1373 1044 1398 ,
1077 1332 1211 1402 pulsi
1242 1346 1339 1402 per
1361 1346 1578 1387 omnem
1607 1340 1805 1386 terram
1824 1370 1839 1395 ,
1864 1336 1923 1384 et
1952 1340 2212 1397 nusquam
2257 1326 2408 1379 inve-

824 1426 1030 1479 nientes
1054 1425 1249 1487 locum,
1280 1423 1337 1477 in
1363 1436 1470 1494 quo
1496 1423 1813 1489 consistant.
1844 1419 1977 1476 Cum
2010 1419 2095 1473 his
2123 1427 2299 1472 autem
2324 1417 2409 1471 eis

821 1516 983 1568 etiam
1013 1515 1334 1584 imprecetur
1363 1514 1593 1582 inopiam
1614 1552 1632 1579 ,
1662 1526 1886 1581 eamque
1925 1517 2219 1565 extremam
2243 1515 2300 1561 et
2326 1507 2411 1560 in-

822 1605 1193 1669 tolerabilem,
1226 1613 1301 1660 ut.
1322 1619 1423 1659 nec
1446 1604 1700 1659 auxilium
1728 1601 1943 1673 quidem
1984 1609 2338 1679 assequentur
2375 1612 2408 1652 a

823 1696 1064 1764 cognatis
1085 1736 1102 1760 ,
1135 1693 1229 1749 sed
1268 1695 1641 1759 circumeant,
1668 1691 1737 1746 ab
1776 1690 2014 1745 externis
2052 1698 2108 1744 et
2133 1688 2327 1758 ignotis
2357 1686 2407 1741 id

824 1793 1083 1855 petentes.
1113 1784 1247 1839 Audi
1269 1794 1446 1838 autem
1468 1782 1736 1853 quomodo
1756 1782 1858 1837 hoc
1882 1780 2185 1851 significans
2206 1778 2411 1848 adjicit.

823 1877 1107 1948 Postquam
1129 1877 1269 1931 enim
1295 1878 1430 1931 dixit
1456 1892 1469 1929 :
1501 1874 1894 1943 Transferantur
1919 1874 2015 1943 ﬁlii
2041 1874 2169 1944 ejus,
2196 1883 2243 1926 et
2271 1889 2413 1926 men-

821 1968 1025 2033 dicent,
1076 1966 1385 2036 subjungit:
1435 1964 1725 2036 Ejiciantur
1764 1965 1828 2019 de
1865 1964 2251 2019 habitationibus
2283 1963 2409 2017 suis.

822 2058 1088 2115 Scrutetur
1113 2061 1381 2128 farrerator
1392 2074 1597 2111 omnem
1615 2056 1943 2123 substantiam
1962 2056 2090 2126 ejus,
2108 2067 2154 2108 et
2170 2054 2412 2124 diripiant

823 2149 977 2201 alieni
1012 2150 1206 2201 labores
1237 2148 1369 2218 ejus.
1400 2146 1510 2201 Hoc
1537 2154 1622 2202 est
1661 2145 1804 2200 aliud
1847 2160 2015 2215 genus
2052 2142 2369 2197 calamitatis
2392 2183 2408 2209 ,

826 2239 1060 2309 ipsorum
1091 2240 1225 2293 bona
1252 2237 1552 2307 diripienda
1580 2238 1715 2311 tradi
1740 2278 1756 2304 ,
1783 2244 1840 2291 et
1864 2234 2245 2291 fteneratorutn
2278 2234 2408 2287 insi-

822 2330 937 2381 dias
966 2328 1205 2397 perpeti,
1238 2337 1397 2397 atque
1426 2326 1672 2382 omnibus
1699 2325 1874 2381 modis
1903 2324 2111 2395 probris
2139 2333 2409 2395 etcentu-

819 2417 993 2472 meliis
1013 2415 1173 2483 affici,
1196 2432 1258 2485 ac
1282 2417 1422 2487 quod
1451 2426 1536 2473 est
1556 2419 1711 2487 longe
1734 2417 1967 2487 gravius,
1995 2415 2047 2469 in
2072 2415 2230 2468 tantis
2256 2414 2410 2467 malis

818 2523 1002 2563 carere
1027 2507 1331 2563 defensore.
1373 2509 1428 2563 ld
1460 2518 1637 2563 autem
1678 2494 2035 2578 imprecatur,
2064 2507 2246 2561 dicens
2271 2525 2283 2560 :
2312 2507 2399 2561 12.

821 2596 943 2651 Non
981 2600 1043 2651 sit
1068 2598 1145 2651 illi
1184 2598 1411 2669 adjutor.
1442 2598 1575 2652 Mala
1620 2600 1762 2652 enim
1804 2598 1888 2651 vel
1917 2597 2029 2666 ipsa
2060 2611 2157 2666 per
2198 2612 2257 2651 se
2282 2606 2408 2652 sunt

820 2687 1169 2742 intolerabilia
1193 2706 1205 2741 :
1226 2688 1439 2758 quando
1454 2698 1633 2744 autem
1655 2677 1989 2743 ne'defensor
2004 2685 2217 2756 quidem
2234 2687 2405 2752 adest,

818 2778 943 2831 sunt
963 2778 1118 2849 longe
1135 2779 1397 2848 graviora.
1418 2776 1528 2831 Nec
1546 2778 1611 2832 sit
1630 2779 1715 2847 qui
1738 2778 2033 2833 misereatur
2050 2777 2261 2847 pupillis
2280 2779 2405 2857 ejus.

820 2869 1001 2948 Papae,
1018 2870 1335 2948 quanta/iraa
1354 2869 1681 2939 magnitudo,
1700 2868 1913 2938 quando
1936 2883 2003 2923 ne
2023 2868 2268 2922 orbitatis
2290 2868 2407 2938 qui-

716 3004 720 3009 .
820 2956 944 3017 dem
984 2952 1334 3016 immaturitas
1382 2960 1800 3015 misericordiam
1846 2958 2186 3028 assequitur,
2235 2972 2408 3026 neque

786 3090 789 3095 -
826 3055 931 3109 hoc
955 3054 1125 3108 solum
1144 3094 1162 3120 ,
1190 3054 1299 3107 imo
1322 3053 1372 3107 ei
1398 3053 1557 3107 etiam
1588 3061 1883 3106 extremum
1908 3051 2129 3106 exitium
2156 3049 2405 3105 affertur!

820 3144 953 3201 Nam
982 3143 1057 3199 ait
1083 3161 1097 3197 :
1130 3143 1217 3198 l3.
1259 3141 1414 3207 Fiant
1437 3142 1545 3196 nati
1570 3142 1681 3214 ejus
1701 3141 1755 3195 in
1794 3142 2068 3195 interitum.
2099 3138 2168 3195 In
2200 3136 2419 3213 genera;

824 3238 957 3292 tione
983 3252 1087 3291 uno
1123 3236 1353 3289 deleatur
1394 3234 1583 3289 nomen
1623 3235 1750 3305 ejus.
1789 3233 1977 3289 Vidisti
2002 3236 2301 3290 orationem
2332 3235 2408 3288 ira

786 3388 789 3391 λ
826 3326 1061 3396 plenam,
1087 3334 1141 3381 et
1167 3340 1287 3395 quae
1312 3339 1373 3379 se
1401 3340 1508 3379 non
1532 3325 1811 3395 reprimit?
1838 3322 1997 3394 Optat
2021 3333 2079 3379 ut
2102 3324 2202 3394 ipsi
2226 3323 2412 3378 vivant

823 3418 875 3473 in
904 3418 1047 3471 varia
1070 3423 1124 3470 et
1150 3415 1427 3485 multiplici
1452 3418 1612 3485 atque
1635 3416 1812 3470 omnis
1838 3414 2047 3485 generis
2067 3416 2281 3471 miseria
2303 3456 2319 3482 ,
2352 3424 2407 3471 et

822 3509 1020 3578 absque
1048 3506 1151 3561 ulls
1194 3506 1423 3561 nominis
1467 3505 1549 3561 sui
1590 3505 1727 3560 fama
1768 3504 2001 3561 funditus
2029 3498 2312 3561 intereant.
2346 3506 2412 3560 Et

824 3598 1041 3669 perinde
1064 3613 1127 3653 ac
1154 3597 1198 3652 si
1227 3613 1333 3653 non
1358 3591 1588 3653 sufficiat
1610 3598 1839 3652 ﬁliorum
1861 3598 2153 3665 calamitas,
2182 3598 2407 3667 subjun-

823 3691 899 3760 git
925 3704 1109 3745 rursus
1143 3706 1157 3740 :
1188 3689 1275 3743 N.
1308 3687 1379 3741 In.
1405 3688 1696 3742 meritoriam
1726 3690 1897 3741 redeat
1935 3686 2173 3759 iniquitas
2210 3697 2412 3758 patrum

822 3782 951 3851 ejus,
973 3788 1021 3833 et
1046 3788 1305 3849 peccatum
1326 3780 1501 3833 matris
1520 3780 1631 3848 ejus
1653 3794 1754 3831 non
1775 3778 2020 3831 deleatur.
2035 3777 2131 3851 15,
2156 3780 2237 3847 (a)
2256 3777 2412 3832 Fiant

822 3880 998 3923 contra
1023 3870 1297 3923 Dominum
1324 3875 1521 3937 semper
1539 3908 1554 3935 ,
1578 3879 1626 3923 et
1652 3871 1904 3938 dispereat
1925 3870 1988 3922 de
2017 3880 2152 3922 terra
2172 3872 2413 3923 memoria

819 3978 1011 4015 eorum.
1048 3960 1140 4015 Est
1168 3961 1310 4015 enim
1342 3960 1587 4015 maximas
1631 3959 1922 4015 iracundiae
1946 4001 1963 4027 ,
1992 3961 2063 4014 ita
2104 3961 2409 4015 minutatim

822 4052 1170 4117 distribuere,
1194 4065 1327 4121 quas
1350 4051 1669 4120 generaliter
1692 4050 1826 4105 dixit
1854 4050 2179 4115 calamitates
2198 4090 2215 4117 ,
2240 4060 2289 4106 et
2318 4067 2412 4105 ea-

820 4142 941 4195 dem
972 4140 1185 4194 assidue
1212 4156 1447 4195 versare.
1475 4140 1761 4210 Postquam
1788 4142 1931 4195 enim
1958 4140 2113 4208 dixit,
2142 4139 2414 4194 Inmemo-

818 4234 949 4284 riam
971 4231 1139 4283 redeat
1156 4232 1389 4299 iniquitas
1405 4242 1606 4301 patrum
1625 4232 1756 4299 eius,
1785 4231 2091 4301 subjunxit:
2118 4230 2185 4285 Et
2202 4249 2301 4285 non
2323 4236 2415 4286 de-

822 4324 1002 4376 leatur.
1032 4322 1187 4391 Atqui
1219 4320 1358 4376 idem
1384 4331 1498 4388 est;
1525 4324 1598 4375 ira
1633 4333 1813 4377 tamen
1833 4312 1889 4376 ut
1908 4332 2189 4394 utrumque
2214 4325 2418 4380 diceret

824 4413 1073 4484 impulit;
1119 4413 1261 4482 quod
1294 4422 1477 4471 autem
1506 4413 1617 4467 vult
1646 4414 1858 4481 dicere,
1891 4406 1994 4469 hcc
2022 4427 2104 4470 est
2131 4434 2145 4469 :
2176 4417 2418 4474 lnterlice

824 4506 1028 4573 ipsum,
1055 4504 1260 4567 occide,
1304 4503 1369 4559 de
1398 4505 1576 4558 medio
1604 4504 1752 4559 tolle.
1789 4505 1983 4560 Vidisti
2014 4516 2144 4576 quot
2184 4508 2293 4561 sint
2317 4510 2418 4562 im-

824 4596 1191 4666 precationes?
1220 4596 1323 4650 Sed
1347 4637 1360 4661 ,
1389 4596 1433 4650 si
1459 4597 1539 4651 vis
1565 4638 1579 4660 ,
1608 4611 1707 4667 ego
1732 4611 1827 4651 eas
1856 4612 2040 4653 rursus
2064 4600 2327 4669 colligam.
2360 4602 2417 4656 ln

826 4688 1016 4751 malos,
1039 4687 1227 4756 inquit,
1245 4687 1716 4751 hominesincidat,
1743 4699 2042 4755 accusetur,
2066 4691 2135 4744 sit
2156 4691 2207 4745 in
2232 4707 2417 4747 eorum

827 4788 1111 4849 poteState,
1141 4779 1548 4846 condemnetur,
1580 4789 1808 4835 mortem
1840 4782 2028 4836 subeat
2056 4782 2415 4852 immaturam,

826 4869 1026 4923 honore
1054 4869 1304 4937 privetur,
1339 4880 1390 4922 et
1416 4885 1485 4924 ne
1515 4872 1568 4923 in
1595 4870 1981 4947 suosquidem,
2012 4873 2105 4926 sed
2132 4874 2182 4926 in
2215 4875 2419 4930 alienos

825 4976 946 5016 eum
979 4963 1293 5015 translatum
1322 4962 1498 5017 videat
1528 4977 1542 5014 :
1575 4976 1711 5015 uxor
1739 4962 1853 5031 ejus
1874 4971 2076 5032 pereat,
2108 4974 2160 5017 et
2192 4966 2280 5018 lilii
2305 4966 2420 5035 ejus

828 5060 1187 5121 paupertatem
1218 5094 1233 5117 ,
1260 5052 1539 5106 orbitatem
1561 5092 1575 5117 ,
1606 5060 1660 5107 et
1685 5051 1843 5106 vitam
1871 5054 2233 5109 mcndicorum
2261 5058 2420 5111 susti-

827 5151 986 5195 neant
1008 5183 1021 5203 ,
1059 5141 1509 5208 condemnentur,
1541 5143 1877 5213 expellantur
1902 5144 2134 5215 undique
2159 5188 2173 5210 ,
2216 5149 2417 5202 nullum

828 5216 1385 5299 liabcautadjutorem,
1408 5247 1437 5285 a
1463 5232 1554 5286 Dci
1576 5233 1935 5288 benevolentia
1954 5237 2218 5302 excidant,
2244 5240 2418 5294 nullus

827 5331 894 5385 sit
936 5322 1013 5375 eis
1045 5332 1226 5389 portus
1268 5338 1363 5376 nec
1393 5323 1654 5391 refugium
1683 5340 1695 5376 :
1726 5322 1966 5379 deleatur
2011 5341 2203 5381 nomen
2244 5329 2361 5397 ejus
2388 5345 2418 5385 e

828 5421 987 5477 terra,
1024 5422 1204 5482 pereat
1232 5414 1511 5482 inglorius,
1541 5423 1593 5469 et
1621 5423 1773 5483 pater
1799 5425 1851 5469 et
1872 5425 2040 5470 mater
2068 5418 2221 5471 luant
2236 5434 2418 5487 pcenas

827 5518 1043 5557 suorum
1074 5513 1432 5574 peccatorum,
1468 5506 1758 5574 perdantur
1784 5515 1839 5561 ct
1866 5508 2104 5563 funditus
2130 5510 2410 5568 intereant.

895 5596 951 5651 2.
992 5596 1181 5651 Annon
1215 5612 1276 5653 ea
1314 5614 1432 5669 qua:
1461 5599 1600 5653 dicta
1631 5609 1755 5653 sunt
1782 5600 2078 5656 auditorem
2122 5605 2420 5673 percellunt

896 5751 965 5815 (α)
998 5745 1180 5818 νιετξιις
1202 5752 1421 5818 decimus
1463 5756 1661 5818 quintus
1684 5755 1731 5803 in
1767 5758 1941 5818 Graecis
1984 5762 2338 5818 praetermissus
2367 5763 2418 5813 in

819 5811 956 5863 Eun;
972 5811 1135 5863 κοί-ει.
1157 5822 1210 5864 et
1229 5815 1368 5863 Savil.
1398 5828 1462 5864 ex
1482 5811 1590 5866 aliis
1616 5811 2070 5879 exemplaribus‘bic
2093 5811 2381 5874 restituitur.

1527 392 1587 452 S.
1616 391 1904 451 JOANNIS
1940 386 2417 449 ωηγεοετοδιι
2458 383 2774 443 ARCHIEP.
2817 384 3351 445 CONSTANTINOP.

4039 387 4154 445 264

2514 514 2568 559 et
2610 504 3089 575 obstupefaciunt?
3135 509 3327 562 Annon
3363 506 3500 562 scire
3543 505 3816 562 desideras
3871 508 4154 578 quisnau

2513 605 2597 651 est
2616 638 2632 663 ,
2658 598 2749 668 qui
2773 600 2852 653 sic
2878 607 2963 653 est
2980 598 3367 653 condemnatus
3388 597 3410 651 ἲ
3428 598 3483 653 Si
3512 598 3654 653 enim
3675 637 3692 664 ,
3720 612 3846 651 cum
3873 597 4154 652 audimtn

2521 686 2793 743 hominem
2819 689 3031 758 probris
3051 698 3106 744 et
3123 689 3423 744 maledictis
3442 687 3601 755 afﬁci,
3618 702 3881 758 rogamus
3909 690 4154 744 adstan

2516 787 2640 846 tes,
2665 788 2726 835 ut
2751 779 2931 835 dicant
2954 780 3074 850 quis
3112 781 3185 835 sit
3211 782 3303 852 qui
3342 780 3457 835 haec
3483 778 3667 835 audiat
3694 796 3708 832 :
3740 778 3932 833 multo
3967 782 4154 849 magi:

2514 886 2635 925 cum
2663 872 2977 941 prophetam
3009 872 3124 927 haec
3151 873 3533 942 imprecantem
3562 871 3811 927 audimus
3831 912 3851 937 ,
3903 886 4154 926 necessr

2515 972 2597 1015 est
2624 962 2852 1028 discere,
2884 962 3041 1033 idque
3060 978 3182 1016 cum
3211 964 3404 1016 timore
3430 976 3494 1018 ac
3522 973 3686 1026 metu,
3713 962 3836 1030 quis
3866 962 3947 1015 sit
3975 977 4154 1031 quetr

2515 1062 2622 1107 tam
2652 1054 2938 1110 vehemens
2954 1054 3147 1109 invasit
3176 1054 3468 1120 iracundia,
3496 1056 3616 1124 quis
3639 1054 3708 1109 sit
3733 1055 3823 1124 qui
3854 1054 4154 1123 Spiritum

2512 1153 2753 1198 sanctum
2781 1153 2926 1198 tanta
2951 1143 3129 1199 affecit
3167 1145 3405 1211 tristitia,
3431 1154 3489 1198 ut
3517 1152 3595 1199 tot
3622 1159 3821 1215 genera
3851 1146 4154 1198 malorum

2512 1234 2744 1289 audiret.
2770 1233 3043 1289 Psalmum
3072 1250 3221 1305 ergo,
3244 1236 3288 1289 si
3316 1234 3575 1294 videatur.
3605 1234 3847 1289 dicamus
3878 1234 3960 1288 ab
3989 1233 4154 1290 initio

2513 1337 2636 1377 cum
2659 1338 2846 1393 magna
2867 1315 3183 1379 attentione.
3204 1324 3373 1380 Nemo
3394 1334 3571 1380 autem
3593 1323 3975 1395 perturbetur.
4004 1325 4154 1381 Nan

2520 1416 2651 1471 rabo
2690 1417 2834 1472 enim
2876 1432 3035 1487 quam
3081 1428 3269 1487 potero
3312 1420 3714 1477 accuratissime
3738 1420 4154 1491 etdiligentis-

2513 1507 2672 1562 sime.
2721 1506 2838 1562 Non
2883 1518 2966 1562 est
3008 1510 3150 1563 enim
3196 1525 3416 1578 parvum
3463 1510 3607 1581 quod
3660 1512 3931 1580 quzeritur
3980 1529 3998 1566 :
4045 1512 4154 1567 sed

2515 1612 2679 1652 unum
2709 1599 2924 1668 quidem
2951 1606 3006 1653 et
3030 1601 3257 1669 primum
3275 1640 3290 1665 ,
3320 1616 3551 1670 quanam
3578 1601 3645 1656 de
3670 1616 3832 1656 causa
3861 1644 3877 1668 ,
3912 1619 4055 1657 cum
4109 1605 4154 1659 is

2514 1698 2790 1760 peccasset
2811 1729 2827 1756 ,
2854 1690 2943 1761 qui
2975 1690 3184 1761 probris
3227 1693 3533 1762 appetitur,
3568 1692 3661 1746 lilii
3691 1693 3807 1763 ejus
3848 1710 3988 1749 cum
4022 1694 4154 1765 ipso

2519 1782 2846 1849 puniuntur",
2885 1788 2942 1835 et
2980 1796 3117 1849 uxor
3144 1789 3199 1836 et
3240 1791 3509 1851 parentes.
3542 1782 3847 1841 Secundum
3894 1794 4101 1841 autem
4129 1827 4145 1851 ,

2514 1871 2633 1939 quis
2661 1880 2747 1925 est
2770 1871 2813 1925 is
2836 1872 2925 1943 qui
2955 1872 3308 1927 maledicitur.
3336 1870 3814 1943 Tertiuurautem,
3842 1879 4154 1947 quomodo

2515 1961 2762 2031 princeps
2790 1961 3155 2030 apostolorum
3191 1949 3425 2019 ostendit
3445 1952 3890 2021 huuc’P‘salmum
3921 1968 4154 2023 dictum

2514 2065 2635 2105 esse
2663 2051 2731 2105 de
2756 2050 2891 2106 Juda
2918 2092 2934 2116 ,
2966 2053 3049 2106 vel
3094 2055 3269 2122 potius
3308 2070 3415 2109 non
3459 2062 3629 2110 totum
3659 2056 3938 2112 Psalmum
3963 2099 3983 2123 ,
4035 2061 4145 2112 sed

2516 2150 2722 2211 partem
2756 2142 2973 2198 Psalmi.
3021 2142 3283 2214 Scriptum
3322 2156 3395 2200 est
3436 2147 3610 2213 enim,
3652 2147 3864 2217 inquit,
3895 2150 3955 2201 in
4004 2147 4150 2202 libro

2518 2232 2844 2316 Psalmorum
2866 2250 2885 2288 :
2912 2234 3035 2289 Fiat
3060 2237 3304 2291 habitatio
3328 2241 3436 2307 ejus
3473 2239 3690 2305 deserta,
3728 2250 3774 2295 st
3800 2241 3867 2303 in,
3882 2241 4147 2295 taberna-

2512 2325 2643 2380 culis
2663 2329 2775 2397 ejus
2809 2343 2911 2380 non
2940 2329 3002 2381 sit
3027 2328 3115 2395 qui
3133 2328 3373 2385 inhabitet
3399 2328 3535 2401 (Act.
3558 2331 3608 2386 1.
3633 2330 3748 2403 20).
3772 2328 3849 2403 (a)
3881 2331 3998 2387 Sed
4031 2335 4143 2388 hoc

2516 2416 2672 2472 nobis
2713 2417 2870 2472 aliam
2912 2432 3101 2473 rursus
3134 2420 3337 2491 praebet
3375 2420 3727 2491 quaestionem
3763 2441 3777 2477 :
3808 2410 3921 2491 non
3979 2422 4142 2478 enim

2515 2506 2717 2577 scripta
2736 2518 2861 2563 sunt
2881 2517 3106 2580 utraque
3133 2510 3184 2565 in
3211 2510 3313 2565 hoc
3335 2510 3547 2566 Psalmo
3579 2528 3593 2567 :
3624 2520 3680 2567 et
3705 2512 3827 2570 ideo
3848 2530 3961 2570 non
3984 2515 4139 2569 dixit

2488 2672 2491 2677 Ι
2515 2598 2656 2654 hunc
2684 2600 2954 2655 Psalmum
2978 2643 2991 2666 ,
3020 2601 3116 2657 sed
3144 2611 3313 2657 totum
3343 2602 3539 2659 librum
3579 2586 3949 2662 Psalmorum.
3988 2604 4133 2660 Illud

2512 2694 2656 2748 enim
2686 2711 2701 2749 :
2730 2692 2851 2748 Fiat
2881 2694 3122 2750 habitatio
3147 2697 3255 2769 ejus
3283 2698 3524 2768 deserto(
3556 2697 3705 2752 Psal.
3728 2697 3829 2754 ‘68.
3859 2697 3933 2755 ss
3954 2698 4014 2772 ),
4045 2684 4141 2754 esi

2514 2787 2566 2841 in
2596 2787 2702 2843 alio
2730 2787 3095 2844 Psalmozboc
3118 2806 3273 2845 vero:
3297 2790 3364 2845 Et
3394 2791 3737 2863 episwpatum
3763 2794 3874 2863 ejus
3898 2793 4129 2863 accipiat

2513 2879 2664 2944 alter,
2686 2881 2740 2934 in
2767 2881 2887 2935 hoc.
2903 2880 3095 2936 Petrus
3127 2889 3300 2935 tamen
3332 2891 3617 2951 utrumque
3650 2872 3823 2952 coegit
3858 2883 3913 2937 in
3954 2872 4131 2937 unum

2513 2971 2894 3026 testimonium.
2908 2972 3061 3039 Quod
3076 2973 3235 3053 etiam
3254 2974 3446 3043 ubique
3462 2974 3806 3040 facitPaulus,
3826 2982 3887 3031 ut
3905 2976 4126 3046 quando

2512 3061 2640 3117 dicit
2676 3064 2933 3133 propheta
2966 3082 2982 3119 :
3028 3065 3196 3127 Veniet
3226 3082 3289 3120 ea:
3321 3066 3450 3121 Sion
3476 3068 3561 3137 qui
3596 3069 3804 3137 eripiet,
3859 3079 3906 3121 et
3929 3080 4129 3123 avertet

2512 3156 2798 3225 impietates
2822 3174 2885 3211 ea:
2918 3157 3079 3212 Jacob
3107 3160 3129 3227 (
3156 3156 3308 3212 Rom.
3339 3160 3426 3215 ll.
3455 3159 3525 3213 26
3556 3176 3572 3226 ;
3599 3159 3731 3214 Isai.
3754 3160 3846 3215 59.
3875 3158 3948 3216 so
3972 3140 4127 3231 )Jm

2513 3246 2607 3299 hoc
2630 3246 2702 3300 eis
2734 3262 2797 3301 ea;
2833 3263 2913 3301 me
2940 3256 3320 3316 testamentum,
3360 3250 3565 3316 quando
3608 3250 3861 3305 abstulero
3904 3260 4125 3326 peccata

2515 3352 2689 3390 eorum
2719 3337 2737 3408 (
2763 3337 2890 3392 1ιαὶ.
2918 3338 3009 3392 27.
3041 3338 3139 3409 9).
3178 3338 3318 3418 Quid
3347 3350 3525 3396 autem
3547 3381 3563 3407 ,
3590 3340 3784 3395 dixerit
3812 3335 4075 3411 quispiam
4105 3383 4122 3405 ,

2514 3443 2581 3483 an
2604 3428 2656 3483 id
2683 3430 2825 3498 quod
2851 3429 3050 3485 dictum
3080 3439 3182 3496 est,
3209 3431 3511 3500 prophetia,
3542 3446 3609 3485 an
3636 3432 3947 3501 imprecatio
3974 3444 4055 3486 est
4088 3435 4117 3486 ἲ

2516 3519 2804 3589 Prophetia
2822 3508 2937 3575 sub
2966 3522 3146 3591 specie
3172 3520 3588 3590 imprecationis.
3617 3520 3751 3576 Nam
3776 3522 3935 3576 etiam
3972 3521 4107 3576 alibi

2516 3609 2618 3668 tale
2638 3613 2761 3684 quid
2785 3613 3118 3695 inveniemus
3144 3631 3157 3667 :
3189 3613 3242 3669 id
3265 3613 3432 3670 Jacob
3456 3623 3667 3685 quoque
3688 3614 3828 3669 fecit.
3851 3612 4118 3682 Quoniam

2515 3707 2657 3761 enim
2684 3708 2971 3775 oportebat
2996 3706 3269 3762 auditores
3289 3708 3461 3775 juvari
3492 3722 3557 3762 ex
3589 3709 3653 3765 iis
3682 3722 3801 3776 quae
3830 3708 3957 3762 aliis
3980 3722 4116 3780 eve-

2516 3798 2730 3853 niebant
2751 3838 2767 3863 ,
2799 3798 3108 3869 pr0phetias
3132 3800 3328 3854 multas
3350 3796 3452 3854 hoc
3477 3799 3639 3854 modo
3661 3799 3910 3865 efferunt,
3938 3810 3991 3853 ut
4019 3805 4109 3855 vel

2516 3891 2633 3959 ipso
2676 3892 2835 3947 modo
2887 3891 3193 3963 proferendi
3236 3902 3494 3963 augeatur
3529 3901 3706 3949 metus
3736 3893 4108 3965 inyrepublica.

2515 3983 2701 4055 Neque
2728 3986 2869 4041 enim
2913 3987 3147 4056 perinde-
3172 3996 3254 4043 est
3279 3987 3327 4043 si
3357 3986 3507 4043 dicas
3540 4006 3554 4044 :
3584 3988 3681 4044 llic
3709 3989 3813 4045 hoc
3856 3989 3933 4045 vel
3974 3989 4106 4045 illud

2517 4077 2766 4144 patietur,
2795 4092 2859 4131 ac
2882 4082 2927 4132 si
2958 4077 3009 4132 id
3041 4087 3099 4132 ut
3122 4083 3290 4132 iratus
3316 4089 3371 4133 et
3397 4079 3703 4151 indignatus
3722 4079 4004 4136 induxeris.
4036 4080 4107 4136 Et

2518 4166 2659 4235 quod
2682 4166 2796 4221 haec
2824 4184 2930 4220 non
2961 4178 3162 4224 temere
3182 4160 3523 4239 pronuntiem
3545 4213 3559 4235 ,
3588 4185 3657 4226 ex
3681 4172 3857 4226 verbis
3886 4171 4104 4241 prophe-

2526 4258 2646 4311 ticis
2675 4258 2777 4312 hoc
2802 4258 2955 4313 vobis
2980 4259 3317 4315 manifestum
3340 4260 3580 4315 reddam.
3607 4260 3771 4316 Jacob
3799 4263 3953 4330 enim,
3978 4278 4099 4319 cum

2518 4357 2665 4402 esset
2707 4350 2999 4404 moriturus
3023 4390 3037 4415 ,
3074 4348 3249 4404 Venite
3271 4392 3284 4415 ,
3319 4351 3491 4420 inquit
3533 4352 3654 4405 filiis
3686 4355 3795 4407 suis
3820 4394 3834 4418 ,
3876 4364 3917 4406 et
3940 4353 4099 4408 dicam

2519 4439 2656 4509 quod
2684 4449 2973 4493 eventurum
2990 4442 3055 4493 sit
3081 4442 3217 4495 vobis
3236 4442 3288 4494 in
3317 4442 3491 4496 diebus
3520 4444 3802 4497 novissimis
3823 4444 3843 4515 (
3864 4442 3974 4498 Gen.
4005 4444 4090 4499 49.

2522 4531 2547 4585 1
2581 4531 2597 4599 )
2630 4540 2722 4585 :et
2749 4546 2868 4585 cum
2910 4543 3055 4587 esset
3095 4533 3541 4606 prophetaturus,
3590 4537 3767 4590 statim
3796 4553 3824 4590 a
3852 4537 4094 4607 principio

2521 4630 2791 4690 tamquam
2816 4624 2890 4677 ira
2918 4626 3170 4691 percitus,
3198 4626 3381 4694 incipit
3403 4626 3736 4695 prophetiam
3763 4628 3831 4682 ab
3856 4630 4089 4697 impreca-

2524 4716 2685 4779 tione,
2718 4718 2795 4771 sic
2819 4717 3004 4771 dicens
3034 4734 3048 4771 :
3076 4718 3253 4772 Ruben
3284 4720 3646 4789 primogenitus
3676 4737 3834 4784 meus,
3862 4722 3997 4774 durus
4022 4727 4091 4776 ad

2522 4806 2821 4875 ferendum,
2858 4807 3017 4861 durus
3045 4816 3091 4861 et
3118 4817 3421 4875 contumax,
3451 4810 3614 4879 fecisti
3652 4811 4003 4869 contumeliam.
4034 4822 4087 4867 ut

2522 4912 2654 4967 aqua
2680 4913 2780 4950 non
2808 4913 3004 4951 crescas
3041 4898 3061 4967 (
3081 4897 3219 4951 Ibid.
3244 4915 3293 4952 υ.
3318 4899 3390 4969 5)
3424 4916 3439 4953 :
3466 4899 3702 4955 futurum
3747 4901 3862 4971 ejus
3890 4902 4083 4958 exilibus

2522 4988 2816 5058 praedicens
2835 4989 2935 5043 sub
2956 4990 3133 5057 specie
3152 4989 3565 5059 imprecationis.
3585 4991 3659 5045 Ita
3681 5006 3881 5051 rursus,
3897 4995 4085 5063 quando

2524 5081 2659 5135 bona
2688 5080 2835 5145 dicit,
2870 5091 3050 5135 narrat
3072 5083 3170 5136 sub
3194 5082 3373 5150 Specie
3396 5085 3735 5153 precationis,
3764 5085 3931 5141 dicens
3956 5103 3971 5141 :
3996 5086 4086 5144 Det

2522 5168 2608 5225 tibi
2638 5172 2778 5227 Deus
2812 5174 2875 5226 de
2910 5190 3024 5228 rore
3043 5175 3155 5228 (teli
3185 5183 3232 5228 et
3258 5176 3321 5229 de
3353 5176 3655 5246 pinguedine
3675 5187 3821 5231 terra:
3842 5177 3975 5250 (Ibid.
3994 5180 4079 5237 27.

2521 5263 2591 5319 28
2614 5263 2657 5335 ).
2683 5264 2917 5319 Tametsi
2948 5266 3048 5319 hoc
3076 5281 3289 5337 quoque
3316 5276 3400 5321 est
3430 5269 3727 5338 prophetia.
3759 5270 3901 5337 Quod
3923 5269 4073 5327 alitem

2523 5356 2625 5411 hoc
2651 5372 2759 5410 non
2787 5358 2856 5411 sit
2876 5356 3090 5413 humani
3118 5358 3360 5425 affectus,
3388 5360 3590 5413 clarum
3614 5370 3715 5415 est.
3744 5360 3870 5416 Nam
3894 5362 3936 5416 in
3954 5362 4073 5419 Cha.

2524 5464 2660 5503 naan
2690 5463 2903 5525 quoque
2932 5459 3081 5518 pater
3104 5452 3219 5517 ejus
3250 5450 3352 5505 hoc
3380 5449 3540 5517 facit,
3566 5451 3754 5509 dicens
3789 5473 3801 5507 :
3831 5453 3928 5507 Erit
3954 5454 4073 5509 Cha-

2523 5557 2658 5595 naan
2687 5557 2858 5595 servus
2899 5543 3009 5610 ejus
3033 5544 3052 5613 (
3078 5542 3216 5596 Ibid.
3257 5542 3311 5598 9.
3341 5541 3413 5597 25
3439 5542 3486 5612 );
3516 5552 3573 5598 ut
3610 5545 3766 5611 scias,
3800 5545 3961 5612 Deum,
3994 5552 4072 5615 qui

2522 5631 2781 5702 praevenit
2809 5646 2903 5686 eos
2929 5634 3018 5701 qui
3050 5632 3240 5703 injuria
3260 5633 3580 5701 afﬁciuntur,
3610 5650 3725 5703 eos,
3754 5638 3845 5708 qui
3866 5636 4071 5707 injuriam

2558 5764 2658 5837 .(o)
2680 5772 2790 5837 Huic
2811 5762 3063 5837 verba,_Et
3099 5759 3427 5837 episcopatum
3444 5766 3546 5830 ejus
3564 5769 3773 5835 accipiat
3803 5771 3927 5834 alter,
3957 5776 4070 5823 exct-

2524 5825 2654 5895 disse
2684 5827 2854 5891 probat
2875 5829 3002 5890 quod
3022 5829 3260 5890 sequitur.
