4156 6414
114 350 191 406 εει
692 304 701 309 ”
1220 337 1588 399 exrosmo
1629 338 1696 394 IN

1804 337 1961 397 iALM
1971 339 2067 397 ΠΜ
2106 340 2285 397 CVIII.

114 464 347 525 inierunt,
380 459 666 532 persequi.
696 457 1008 527 Quinetiam
1053 456 1303 513 Christus
1343 470 1561 537 quoque
1604 456 1697 510 tali

115 560 250 625 tigura
269 568 389 607 usus
407 562 516 618 est,
548 551 654 605 sub
684 550 868 621 specie
889 547 1187 619 prophetia:
1215 546 1387 618 magis
1413 561 1697 611 revocans,

114 654 151 699 et
177 644 385 715 lugentis
412 658 569 696 more
599 641 794 696 dicens
826 657 840 695 :
880 638 970 695 Va:
1002 639 1116 703 tibi,
1139 637 1429 693 Chorozain
1448 678 1465 702 ,
1487 652 1564 692 ea:
1586 636 1697 703 tibi,
1752 646 1753 649 ‘

116 737 350 791 Bahaaida
378 735 547 806 (Luc.
574 733 664 789 l0.
694 732 820 805 l5).
854 734 920 789 Et
952 747 1164 800 rursus,
1200 742 1259 787 ut
1290 730 1506 803 quando
1525 730 1657 786 dicit
1685 748 1700 785 :

114 828 383 891 Jerusalem,
414 824 737 890 Jerusalem,
765 841 879 897 qua:
906 825 1094 878 occidis
1126 824 1400 893 prop/tetas
1431 823 1449 891 (
1477 821 1562 876 Id.
1609 823 1698 877 l5.

115 920 219 987 Si).
246 919 313 971 De
335 932 578 987 quonam
610 932 744 987 ergo
769 917 971 970 dictum
998 924 1081 969 est
1111 914 1402 970 Psalmus?
1430 914 1698 969 Nonnulla

114 1013 166 1067 de
179 1011 318 1077 luda,
340 1010 545 1080 Spiritu
567 1026 667 1080 per
690 1008 851 1064 David
878 1007 1234 1078 proplietante
1258 1028 1275 1062 :
1295 1007 1499 1077 reliqua
1521 1016 1700 1061 autem

114 1103 166 1157 de
184 1102 307 1156 aliis.
338 1102 434 1157 Hic
464 1103 619 1157 enim
652 1115 839 1154 rursus
866 1108 949 1154 est
974 1099 1277 1170 prOpbetia:
1306 1098 1517 1154 modus.
1545 1097 1703 1169 Smpe

114 1203 258 1248 autem
279 1194 629 1249 inveniemus
652 1207 775 1248 eum
794 1192 864 1244 ita
889 1205 1011 1246 esse
1037 1190 1415 1261 compositum,
1444 1199 1503 1245 ut
1524 1204 1702 1259 prooe-

114 1290 412 1359 miaquidem
436 1288 490 1344 in
523 1288 719 1351 alium,
740 1285 946 1356 reliqua
966 1293 1145 1340 autem
1167 1284 1416 1339 dicantur
1439 1285 1493 1339 in
1515 1284 1701 1339 alium.

114 1379 167 1435 Ut
186 1388 349 1435 autem
389 1379 498 1434 hoc
544 1379 730 1449 ipsum
768 1378 931 1432 etiam
974 1374 1193 1431 aliunde
1234 1375 1416 1431 videas
1440 1417 1457 1444 ,
1489 1376 1703 1446 quando

112 1469 254 1526 Judaei
280 1471 508 1542 ingressi
531 1479 663 1524 sunt
692 1470 744 1523 in
776 1478 975 1523 terram
1007 1467 1385 1538 promissionis
1407 1510 1420 1531 ,
1457 1466 1703 1523 dividens

113 1559 357 1616 duodecim
398 1562 582 1617 tribus
611 1562 668 1616 in
696 1559 982 1615 duodecim
1030 1568 1248 1630 partes,
1286 1558 1509 1630 jubetur
1533 1575 1564 1615 a
1592 1560 1704 1615 Deo

120 1654 243 1711 Nave
264 1655 399 1712 ﬁlius
425 1656 529 1711 has
566 1655 791 1725 quidem
840 1653 1193 1719 benedicere,
1220 1652 1341 1707 illas
1368 1666 1500 1709 vero
1530 1653 1701 1708 male-

114 1746 283 1803 dicere.
309 1747 627 1803 Benedictio
654 1760 783 1816 ergo
811 1756 865 1800 et
890 1743 1202 1801 maledictio
1223 1753 1379 1800 erant
1404 1743 1704 1815 prOphetia:

116 1838 403 1896 futurorum.
458 1840 689 1896 Dicebat
728 1840 874 1895 enim
911 1857 923 1892 :
953 1837 1257 1893 Maledicta:
1307 1846 1362 1892 ιιι
1388 1837 1444 1891 in
1481 1838 1698 1904 civitate,

117 1933 374 1989 maledicta:
401 1935 459 1988 in
487 1949 618 2005 agro
667 1932 688 2005 (
709 1930 865 1987 Deut.
890 1930 982 1986 28.
1011 1929 1156 2003 lli);
1193 1938 1249 1985 et
1278 1929 1702 1987 innumerabiles
1736 1996 1739 1997 ν

118 2024 342 2095 ejusmodi
368 2024 795 2097 imprecationes
823 2024 993 2080 tribus
1016 2024 1122 2078 illze
1141 2033 1550 2095 componentes,
1581 2022 1704 2079 Ion.

118 2131 216 2184 gam
237 2128 516 2174 texuerunt
541 2118 867 2173 orationem.

176 2209 231 2265 In
264 2214 567 2269 sacerdotes
600 2209 698 2265 Dei
734 2227 835 2266 non
872 2211 1259 2284 insurgentium.
1286 2211 1411 2267 Filii
1447 2214 1501 2267 in
1540 2214 1702 2269 sacris

119 2303 251 2356 literis
287 2303 373 2372 qui
422 2306 687 2358 dicantur.
715 2332 773 2343 -
826 2301 925 2358 llic
963 2305 1126 2358 etiam
1182 2304 1288 2359 dici
1342 2313 1549 2373 potest,
1600 2304 1704 2362 sub

117 2393 269 2461 specie
288 2395 680 2451 exsecrationis
704 2394 901 2450 editam
926 2396 1090 2451 tuisse
1113 2395 1475 2466 prophetiam,
1507 2406 1702 2469 etquae

118 2481 244 2537 ludas
268 2494 418 2541 erant
443 2494 705 2542 eventura
729 2487 1165 2551 annuntiantem,
1198 2502 1262 2542 ac
1290 2489 1698 2559 prmdicentem,

120 2584 339 2644 etpostea
365 2577 528 2633 etiam
555 2577 702 2632 aliud
726 2586 1042 2633 tractantem
1073 2591 1470 2649 argumentum,
1506 2578 1702 2652 nempe

118 2668 343 2729 adversus
378 2670 643 2741 quosdam
690 2670 780 2739 qui
831 2671 1245 2727 insurrexerunt
1283 2674 1472 2729 contra
1519 2688 1701 2731 sacer-

120 2759 293 2816 dotium
320 2780 335 2817 :
367 2771 427 2817 ut
469 2764 707 2818 sciamus
733 2774 990 2834 quantum
1030 2765 1101 2819 sit
1132 2767 1332 2821 malum
1382 2769 1433 2821 in
1483 2768 1576 2824 Dei
1607 2785 1700 2825 sa-

122 2855 333 2910 renlotes
382 2857 688 2926 insurgere,
734 2856 971 2928 doloque
1015 2866 1071 2912 et
1116 2859 1399 2929 iniquitate
1436 2860 1699 2917 adversus

120 2958 196 2998 eos
217 2947 307 3002 uti.
345 2948 480 3014 Quae
505 2947 652 3004 enim
692 2946 838 3002 dicta
878 2957 1023 3012 sunt,
1077 2964 1183 3003 non
1213 2948 1356 3005 aliud
1382 2960 1509 3005 sunt
1537 2967 1699 3021 quam

122 3035 330 3093 doctrina
364 3053 556 3096 eorum
587 3054 706 3110 qua:
737 3048 864 3093 sunt
907 3048 1169 3095 eventura
1212 3042 1279 3094 iis
1304 3043 1394 3111 qui
1422 3044 1699 3112 proximos

121 3128 281 3197 injuria
303 3131 565 3199 afﬁciunt,
596 3132 688 3204 qui
711 3131 995 3203 insurgunt
1019 3148 1142 3187 cum
1170 3132 1300 3188 dolo
1326 3143 1381 3189 et
1406 3135 1699 3207 depravato

122 3220 275 3276 animo
299 3223 350 3277 in
389 3239 488 3279 eos
518 3223 610 3295 qui
650 3223 852 3280 nullam
880 3223 1124 3279 fecerunt
1160 3222 1433 3296 injuriam.
1467 3227 1620 3295 Quod
1651 3231 1697 3284 si

121 3321 265 3381 rogat,
297 3324 351 3369 ut
380 3315 546 3370 etiam
581 3314 675 3369 ﬁlii
704 3315 1018 3385 puniantur,
1054 3314 1109 3371 id
1139 3330 1211 3371 ne
1243 3328 1296 3371 te
1329 3319 1643 3384 conturbet,
1663 3334 1699 3375 ο

119 3396 285 3458 dilecte
314 3423 328 3459 :
357 3405 445 3461 hic
474 3405 622 3462 enim
664 3405 797 3462 dicit
840 3406 979 3462 ﬁlios
1018 3422 1116 3463 eos
1152 3409 1243 3478 qui
1294 3408 1513 3465 fuerunt
1563 3413 1695 3467 socii

123 3506 280 3548 eorum
316 3495 695 3567 improbitatis.
724 3497 873 3555 Solet
909 3499 1054 3555 enim
1099 3499 1378 3572 Scriptura
1422 3503 1698 3574 appellare

121 3578 254 3651 ﬁlius,
279 3596 331 3641 et
354 3603 450 3643 eos
475 3590 566 3659 qui
594 3598 722 3644 sunt
744 3592 1070 3661 cognatione
1097 3592 1217 3661 ﬁlii,
1247 3604 1303 3649 et
1329 3609 1424 3649 eos
1453 3597 1543 3666 qui
1574 3595 1694 3652 lue-

122 3685 223 3729 runt
245 3680 368 3734 socii
395 3681 701 3752 aliquorum
744 3682 1141 3753 improbitatis,
1185 3685 1398 3741 etiamsi
1432 3702 1541 3742 non
1586 3688 1695 3744 sint

122 3777 282 3822 natura
322 3771 436 3839 lilii,
481 3781 540 3828 ut
579 3772 794 3843 quando
838 3772 972 3830 dicit
1005 3793 1019 3830 :
1055 3774 1159 3831 Vos
1200 3777 1301 3850 ﬁlii
1345 3778 1537 3835 diaboli
1575 3783 1696 3837 estis

121 3854 271 3921 (lacn.
301 3862 351 3919 8.
383 3862 505 3938 ﬂ).
533 3866 695 3936 Atqui
735 3880 842 3923 non
869 3877 1029 3923 erant
1055 3867 1232 3925 Judaei
1260 3880 1451 3927 natura
1491 3872 1693 3929 diaboli

123 3947 218 4005 lilii.
244 3952 519 4022 Quomodo
552 3956 695 4012 enim
721 3967 907 4014 essent
934 3958 1033 4013 lilii
1074 3960 1227 4030 ejus,
1260 3963 1352 4033 qui
1380 3973 1466 4021 est
1509 3965 1694 4021 incor-

124 4052 309 4111 poreus,
329 4061 452 4102 cum
476 4047 580 4119 ipsi
602 4048 712 4104 sint
728 4065 896 4106 carne
914 4051 1271 4108 circumdati?
1300 4054 1409 4110 Sed
1432 4056 1695 4114 societate

124 4130 445 4203 improbitatis
475 4148 814 4197 attraxerunt
829 4141 896 4197 ad
922 4156 984 4199 se
1004 4146 1406 4216 cognationem.
1431 4146 1510 4204 lla
1529 4150 1693 4206 etiam

122 4227 348 4297 eoaejicit
374 4246 405 4286 α
450 4246 654 4304 genere
697 4233 973 4301 Abrahaz,
1001 4235 1237 4295 dicens:
1269 4240 1333 4296 Si
1373 4242 1547 4299 essetis
1594 4245 1695 4314 ﬁlii

124 4316 334 4392 dirutae,
362 4342 521 4397 opera
552 4326 773 4383 Abralnr
814 4330 1047 4401 {aceruis
1072 4331 1258 4404 (Joan.
1301 4333 1356 4390 8.
1385 4335 1504 4407 39).
1534 4337 1694 4405 Quod

122 4408 241 4501 enim
282 4414 415 4473 ﬁlius
444 4432 552 4474 non
597 4420 850 4490 puniatur
892 4436 993 4493 pro
1039 4431 1214 4494 patre,
1244 4440 1347 4482 nec
1394 4437 1550 4498 pater
1591 4444 1692 4501 pro

124 4498 229 4569 lilio,
252 4510 410 4567 cuivis
434 4520 520 4567 est
544 4512 913 4569 manifestum.
945 4515 1062 4572 Hoc
1090 4519 1258 4574 etiam
1300 4498 1609 4579 ostenditur
1634 4525 1691 4581 in

125 4591 221 4664 lege
242 4598 433 4658 dictum
463 4617 622 4671 esse,
651 4604 755 4660 nisi
802 4612 988 4663 tamen
1016 4611 1193 4678 ipsum
1222 4610 1364 4668 male
1411 4614 1687 4683 instituat;

124 4696 166 4739 et
193 4698 304 4748 tunc
326 4711 429 4753 non
458 4714 559 4769 pro
588 4699 730 4769 lilio,
759 4701 859 4758 sed
891 4718 989 4774 pro
1017 4718 1115 4760 sua
1157 4704 1377 4776 punitur
1416 4710 1687 4781 socordia,

122 4777 235 4836 sicut
254 4783 363 4842 Heli
392 4790 473 4859 (ι.
501 4790 632 4862 Reg.
662 4792 715 4847 5.
741 4792 860 4863 i3).

178 4872 221 4926 3.
256 4874 309 4931 Si
350 4889 529 4937 autem
576 4883 819 4953 videtur,
865 4886 1137 4945 Psalmum
1186 4905 1581 4962 prosequamur
1618 4897 1689 4952 ab

123 4958 264 5020 initio.
278 4968 431 5039 Deus,
452 4972 658 5029 laudem
672 4972 854 5032 ineant
873 4995 937 5034 ne
953 4958 1205 5037 tacueris:
1219 4958 1384 5040 Alius.
1399 4995 1578 5043 autem
1605 4989 1688 5045 in-

124 5057 295 5125 mures
311 5060 481 5120 dicit:
532 5063 694 5132 Deus,
738 5069 1026 5126 taudationi
1067 5089 1192 5129 metu
1234 5092 1298 5131 ne
1335 5077 1682 5137 obsurdueris.

124 5144 275 5244 ilius,
306 5152 381 5211 Ne
405 5156 647 5226 siluerir;
677 5159 781 5217 hoc
820 5171 935 5230 est,
967 5164 1048 5221 Ne
1076 5170 1494 5238 praetermiseris
1529 5176 1685 5244 puni-

125 5238 308 5316 tionetn,
334 5250 429 5307 sed
454 5266 645 5323 penes
674 5267 828 5312 sume
852 5254 923 5313 de
948 5258 1015 5314 iis
1040 5276 1160 5330 qua:
1185 5262 1325 5318 facta
1345 5275 1493 5321 sunt.
1522 5238 1604 5322 'l‘u
1624 5285 1685 5325 es

126 5330 238 5427 enim
255 5338 529 5409 gloriosus.
553 5360 799 5416 magnus,
821 5358 872 5404 et
895 5358 1048 5419 potes
1077 5350 1195 5407 haec
1210 5356 1503 5427 corrigere.
1536 5358 1682 5426 Quo-

127 5422 235 5518 niam
257 5446 307 5487 ea
330 5437 633 5503 peccatoris,
661 5447 709 5492 et
732 5455 790 5494 oe
818 5439 984 5496 dolosi
1029 5459 1182 5514 super
1210 5462 1290 5501 me
1311 5422 1680 5518 apertum'est.

128 5509 306 5586 Loquuti
327 5534 442 5579 sunt
466 5526 736 5584 adversum
764 5546 846 5585 me
865 5531 1043 5602 lingua
1071 5509 1270 5603 dolosa,
1296 5509 1685 5601 et'sermonibus

128 5612 205 5665 odii
216 5617 633 5681 circumdederunt
650 5644 749 5696 me,
770 5637 819 5683 et
839 5646 1255 5704 expugnaverunt
1274 5654 1354 5693 me
1368 5641 1551 5709 gratis.
1570 5641 1683 5699 Pro

128 5714 171 5749 α’
182 5714 224 5798 ιιι
242 5724 309 5765 tne
321 5713 605 5787 diligerent,
624 5719 953 5776 detrahebant
973 5724 1097 5778 mihi
1112 5741 1130 5780 :
1148 5743 1239 5798 ego
1254 5738 1427 5784 autem
1446 5733 1678 5790 orabam.

182 5792 367 5860 Pet-cata
396 5808 567 5864 dedita
592 5826 748 5882 apcra
768 5816 1057 5886 conunissa,
1091 5792 1327 5891 graviora
1349 5835 1563 5881 sunt.-—-
1583 5828 1675 5885 Vi-

828 5972 839 6003 Ι

3323 347 3429 403 Ξ(ὶῖ

1812 454 1938 510 disti
1971 456 2245 528 insignem.
2267 458 2711 527 improbitatem?
2743 462 2920 517 vidisti
2952 463 3267 519 insidiarum
3300 478 3429 520 eum

1809 547 2211 616 spirationem?
2260 550 2442 611 vidisti
2491 552 2745 625 studium
2789 556 3260 625 pmmeditatum?
3316 559 3431 613 Hoc

1810 643 1956 697 enim
1988 643 2152 699 Deum
2184 646 2419 700 maxime
2448 646 2646 711 irritat,
2676 650 2896 719 quando
2931 651 3207 717 consulto,
3246 652 3427 707 dedita

1810 749 1974 804 opera
2000 751 2065 791 ac
2094 740 2265 793 multa
2300 739 2498 794 tet-bna
2524 740 2593 794 ab
2620 742 2879 811 improbis
2906 744 3048 799 mala
3085 745 3239 803 liunt.
3270 750 3429 803 Aliud

1812 833 1896 881 est
1911 826 2079 892 enim,
2102 842 2226 884 cum
2243 831 2365 900 quis
2386 829 2646 901 deceptus
2668 842 2724 887 et
2738 834 2999 891 seductus
3020 838 3222 893 labitur
3241 858 3254 905 ;
3281 841 3431 895 aliud

1811 933 1933 973 cum
1962 918 2084 989 quis
2113 921 2300 976 vitium
2345 932 2401 977 et
2447 922 2850 992 improbitatem
2891 940 3143 995 exercet;
3188 939 3245 985 et
3285 932 3434 986 aliud

1812 1024 2019 1076 rursus,
2043 1011 2285 1082 quodest
2301 1016 2507 1070 crimen
2525 1016 2845 1083 maximum,
2869 1021 3088 1089 quando
3107 1036 3168 1076 se
3186 1021 3435 1093 improbe

1810 1113 2005 1171 gerunt
2046 1104 2100 1158 in
2134 1119 2260 1160 eum
2290 1106 2382 1177 qui
2415 1123 2521 1162 non
2544 1118 2629 1162 est
2658 1109 2957 1179 improbus.
2992 1112 3233 1169 Dicendo
3259 1117 3426 1181 enim,

1812 1192 1924 1248 Pro
1946 1211 2007 1249 ea
2037 1204 2091 1249 ut
2119 1213 2198 1251 me
2219 1196 2488 1270 diligerent
2511 1242 2526 1267 ,
2556 1200 2893 1257 detrahebant
2928 1205 3077 1271 mihi,
3120 1206 3255 1261 nihil
3282 1208 3433 1264 aliud

1811 1284 2101 1356 signiﬁcat,
2132 1302 2293 1359 quam
2320 1305 2416 1344 eos
2448 1290 2781 1348 benefactori
2803 1334 2819 1358 ,
2847 1304 2905 1351 et
2930 1297 2983 1351 ei
3008 1297 3100 1366 qui
3126 1298 3324 1369 dignus
3349 1308 3439 1356 est

1809 1379 1999 1442 amari,
2029 1387 2086 1435 et
2109 1379 2308 1436 bonam
2329 1385 2828 1442 remunerationem
2846 1390 3131 1460 consequi,
3156 1394 3433 1467 contraria

1812 1469 2133 1539 rependere.
2166 1472 2279 1544 Ego
2306 1482 2477 1528 autem
2506 1476 2737 1530 orabam.
2763 1477 2961 1534 Vidisti
2991 1480 3392 1553 philosophiam
3410 1485 3435 1537 2

1815 1562 1994 1617 vidisti
2046 1565 2519 1622 moderationem?
2566 1567 2749 1624 vidisti
2798 1574 3311 1631 mansuetudinem?
3357 1580 3438 1633 via

1810 1654 1942 1710 disti
1986 1655 2184 1712 anima:
2232 1658 2526 1729 pietatem?
2573 1660 2692 1717 Non
2744 1666 3020 1734 armabar,
3076 1669 3283 1741 inquit,
3335 1686 3438 1728 nec

1809 1754 2000 1802 contra
2021 1762 2146 1804 eum
2163 1749 2334 1805 aciem
2358 1752 2724 1821 instruebam;
2753 1755 2850 1812 sed
2872 1758 2938 1812 ad
2964 1767 3018 1815 te
3030 1760 3434 1834 confugiebam,

1810 1846 1961 1893 tuum
2003 1840 2362 1911 implorabam
2410 1845 2710 1909 auxilium.
2742 1856 2888 1904 tuam
2927 1865 3118 1921 opem,
3160 1869 3311 1910 arma
3345 1865 3434 1913 tua

1811 1924 2216 2001 potentissima,
2242 1941 2395 1990 tuum
2424 1935 2847 2008 inexpugnabile
2867 1943 3203 2012 prmsidium.
3230 1947 3437 2007 Deinde

1811 2034 1935 2075 cum
1962 2021 2031 2079 de
2060 2022 2198 2080 Juda
2230 2024 2477 2095 dixisset,
2507 2030 2783 2099 quomodo
2812 2034 3054 2105 seipsum
3088 2049 3271 2096 morte
3298 2058 3435 2097 con-

1811 2113 2128 2186 demnavit,
2179 2121 2459 2190 quomodo
2502 2121 2766 2179 adversus
2816 2127 3058 2197 seipsum
3102 2135 3431 2193 sententiam

1812 2207 1954 2273 tulit,
1986 2209 2263 2278 quomodo
2308 2226 2368 2267 se
2415 2216 2802 2285 strangulavit,
2832 2222 3106 2290 quomodo
3143 2224 3263 2295 ejus
3306 2243 3434 2298 apo-
3480 2256 3481 2259 η

1810 2298 2043 2356 stolatus
2070 2302 2359 2359 translatus
2403 2313 2489 2361 est
2529 2307 2580 2360 in
2627 2308 2814 2377 alium,
2856 2328 3043 2370 rursus
3073 2316 3225 2387 prius
3270 2334 3435 2390 argu-

1810 2400 2050 2445 mentum
2084 2396 2444 2465 persequitur.
2476 2396 2609 2453 Nam
2634 2399 2753 2457 haec
2777 2418 2993 2475 quoque
3016 2418 3101 2463 est
3128 2412 3434 2482 propin-the

1808 2482 2041 2552 species,
2073 2500 2381 2553 sermonem
2419 2491 2842 2563 interrumpere,
2890 2504 2947 2552 et
2983 2498 3219 2570 aliquam
3266 2502 3433 2559 histo-

1809 2574 1943 2629 riam
1989 2575 2232 2646 injicere,
2263 2595 2435 2651 eaque
2478 2586 2745 2659 recensita
2789 2602 2977 2645 rursus
3022 2590 3091 2646 ad
3123 2594 3302 2664 priora
3347 2613 3432 2653 re-

1808 2667 1964 2723 verti.
1995 2666 2236 2726 Obscura
2272 2684 2354 2728 est
2381 2674 2527 2728 enim
2562 2676 2844 2745 prophetia
2891 2692 3111 2752 propter
3162 2684 3432 2757 ingratum

1805 2758 2119 2816 Jndworum
2166 2765 2428 2819 animum.
2483 2765 2802 2825 Subindicat
2836 2787 2987 2843 ergo,
3025 2785 3081 2829 ut
3128 2775 3239 2846 jmn
3286 2779 3430 2846 dixi,

1802 2852 2040 2922 aliquem
2100 2854 2193 2924 qui
2239 2856 2292 2910 in
2347 2859 2709 2915 sacerdotium
2768 2865 2975 2933 paravit
3032 2869 3254 2924 insidias
3304 2884 3429 2941 post

1808 2951 2022 3012 tempus
2070 2948 2397 3004 reversionis
2443 2968 2470 3004 a
2501 2951 2779 3025 Babylone
2824 2956 2924 3027 (α).
2963 2958 3018 3014 ld
3074 2972 3275 3017 norunt
3313 2975 3430 3020 stu-

1806 3035 1985 3103 diosi,
2026 3038 2116 3107 qui
2148 3038 2431 3096 historiam
2480 3043 2749 3114 legerunt.
2778 3047 2847 3103 Et
2872 3065 3003 3122 ergo
3046 3068 3237 3125 magna
3287 3059 3431 3114 mala

1808 3128 2069 3197 przcdicit,
2102 3146 2296 3201 nempe
2323 3133 2561 3191 futurum
2594 3149 2649 3193 ut
2680 3140 2751 3195 sit
2776 3144 3028 3200 omnibus
3051 3146 3431 3208 defensoribus

1805 3218 2093 3276 destitutus
2127 3240 2139 3275 :
2168 3232 2223 3277 et
2249 3234 2402 3294 rogat
2427 3236 2486 3280 ut
2512 3230 2690 3285 omnis
2714 3232 2765 3287 ei
2796 3244 2986 3305 portus
3012 3239 3345 3310 obstruatur,
3375 3255 3432 3300 et

1806 3310 2009 3368 nullam
2051 3323 2377 3385 assequatur
2428 3317 2848 3390 humanitatem,
2901 3326 3289 3401 clementiam,
3336 3350 3432 3392 aut

1804 3404 2038 3459 veniam.
2080 3405 2207 3462 llaec
2238 3416 2441 3475 autem,
2477 3419 2535 3466 ut
2585 3425 2712 3471 ante
2739 3416 2851 3473 dixi
2896 3429 2947 3474 et
2981 3424 3202 3481 assidue
3242 3427 3429 3485 dicere

1802 3514 1909 3555 non
1938 3502 2165 3557 cessabo
2186 3545 2201 3567 ,
2232 3504 2484 3562 videntur
2507 3508 2727 3578 quidem
2759 3526 2881 3569 esse
2908 3514 3258 3587 imprecatio,
3293 3533 3424 3578 sunt

1801 3603 1983 3649 autem
2028 3595 2334 3666 prephetia,
2366 3614 2489 3669 quae
2523 3602 2764 3660 ostendit
2805 3596 3081 3676 quomodo
3116 3611 3255 3669 Deus
3301 3617 3427 3671 irri-

1802 3696 1967 3754 tatur,
2022 3689 2240 3759 quando
2285 3690 2499 3748 insidite
2552 3706 2813 3766 parantur
2856 3702 3183 3760 sacerdotio.
3223 3707 3428 3763 Deinde

1801 3777 2079 3850 sigillatim
2126 3784 2471 3855 persequitur
2498 3787 2867 3857 calamitates,
2899 3802 2955 3848 et
2990 3794 3121 3850 dicit
3152 3816 3167 3852 :
3203 3800 3283 3853 ιϐ.
3315 3799 3428 3855 Pro

1801 3886 1860 3925 eo
1890 3874 2029 3942 quod
2058 3890 2163 3929 non
2205 3884 2278 3930 est
2306 3879 2604 3934 recordatus
2643 3885 2816 3952 facere
2858 3886 3285 3946 misericordiam.
3333 3895 3424 3949 l7.

1802 3961 1872 4017 Et
1915 3975 2249 4034 persequutus
2276 3978 2351 4022 est
2385 3968 2643 4026 [continent
2677 3968 2969 4046 inopem‘et
3008 3981 3335 4051 incedit-um,
3379 4004 3419 4042 ei

1799 4068 2158 4128 compunctum
2184 4060 2340 4115 corde
2364 4062 2697 4132 morti/icere.
2732 4067 2846 4123 lloc
2876 4079 2962 4139 est
2990 4083 3250 4130 extrema:
3296 4092 3417 4133 cnt-

1799 4150 2059 4221 delitatis,
2110 4153 2217 4209 hoc
2266 4169 2497 4213 summa:
2546 4157 2989 4232 inhumanitatis,
3045 4169 3266 4237 quando
3311 4187 3419 4226 non

1800 4242 1980 4299 solum
2012 4243 2301 4302 insidiatur
2323 4247 2616 4319 quispiam,
2649 4251 2747 4308 sed
2775 4254 2826 4311 ei
2858 4256 3166 4327 insidiatur,
3194 4263 3286 4333 qui
3321 4278 3419 4333 po-

1797 4344 1907 4390 test
1942 4348 2171 4393 movere
2196 4337 2264 4393 ad
2288 4339 2657 4410 clementiam,
2705 4354 2763 4401 et
2787 4346 3017 4406 ﬂectere
3039 4352 3105 4407 ad
3128 4357 3417 4413 commise-

1799 4427 2087 4484 rationem.
2105 4428 2208 4499 Qui
2233 4442 2318 4487 est
2331 4433 2477 4488 enim
2497 4433 2789 4505 ejusmodi,
2814 4440 2880 4495 ad
2898 4440 3132 4498 terarum
3156 4447 3419 4505 saevitiam

1796 4520 2093 4590 deductus,
2141 4524 2252 4579 imo
2277 4540 2408 4582 vero
2459 4528 2569 4584 illis
2612 4532 2809 4588 saevior
2849 4534 3072 4593 effectus
3109 4550 3213 4595 est.
3267 4541 3419 4600 Ferte

1797 4613 1947 4672 enim
1973 4614 2159 4670 feritas
2183 4627 2377 4672 natura
2406 4618 2566 4675 insita
2594 4631 2679 4677 est
2713 4641 2726 4677 :
2757 4623 2847 4679 hic
2876 4638 3057 4684 autem
3090 4631 3302 4689 ratione
3327 4650 3417 4690 or-

1797 4715 1980 4775 natus,
2012 4723 2166 4765 suam
2198 4710 2535 4769 nobilitatem
2569 4715 2900 4786 improbitati
2920 4722 3179 4792 prodidit.
3214 4727 3281 4782 Et
3311 4728 3415 4785 illa:

1796 4797 2014 4870 q'uidem
2045 4816 2169 4858 cum
2197 4802 2265 4858 iis
2288 4820 2409 4876 quae
2439 4817 2564 4861 sunt
2594 4808 2835 4879 ejusdem
2862 4816 3100 4885 generis,
3122 4821 3416 4888 quamdam

1795 4894 2089 4949 amicitiam
2120 4906 2343 4952 servant
2384 4907 2439 4952 et
2480 4903 2999 4963 mansuetudinem:
3032 4908 3085 4964 hi
3126 4925 3312 4968 autem
3349 4933 3417 4973 ne

1794 5000 2141 5043 communem
2169 4988 2389 5058 quidem
2421 5000 2669 5049 naturam
2702 5006 2837 5054 sunt
2864 5003 3102 5069 reveriti,
3137 5006 3232 5061 sed
3259 5008 3418 5078 cujus

1795 5077 2083 5148 oportebat
2111 5079 2382 5148 misereri,
2415 5087 2768 5154 quem‘ferre
2793 5098 2851 5145 et
2882 5093 3130 5165 erigere,
3162 5101 3417 5173 eum-,de-

1796 5168 2089 5236 turbabant
2114 5181 2170 5228 et
2193 5175 2535 5231 evertebant.
2563 5178 2651 5235 l8.
2683 5177 2752 5234 Et
2778 5183 2959 5239 dilexit
2978 5168 3426 5286 maledictionem.1

1794 5271 1841 5315 et
1867 5263 2055 5318 eveniet
2082 5265 2127 5320 ei
2155 5280 2175 5320 :
2200 5276 2247 5321 et
2275 5269 2441 5323 noluit
2469 5271 2892 5343 benedictionem,
2924 5289 2974 5334 et
3000 5274 3415 5356 elongabilurali

1794 5371 1871 5409 eo.
1902 5356 2193 5429 Postquam
2236 5363 2435 5419 multas
2462 5366 2800 5425 calamitates
2837 5372 2887 5426 ei
2932 5373 3263 5447 imprecatus
3296 5378 3410 5448 est;

1855 5535 1931 5630 ξε)
1954 5543 2427 5630 ἓίβολίὲἐὲᾶῗῆἒελξν
3240 5566 3407 5630 ma-

1790 5608 1927 5657 ηωην
1953 5602 2039 5662 qui
2078 5602 2406 5674 Aristobulum
2442 5618 2475 5678 ιε
2510 5609 2787 5662 sacerdotio
2821 5602 3073 5676 remouit,r

1790 5663 2438 5747 filii-ﬁii‘ﬂmffﬂiE'lei‘i
2455 5668 2754 5747 vam-.14
2771 5681 3107 5747 mammia“
3129 5684 3279 5747 paulo
3300 5697 3413 5739 ama

1789 5729 2525 5809 Sint-istumnttistoriambabes
2558 5735 2686 5809 apud
2733 5738 3003 5809 ἒιοεεριηιιιι
3022 5729 3410 5809 ᾙμιιῖιῖνιῖῖιίιῖ

1788 5796 1837 5897 ἓ
1838 5785 1918 5897 04‘£1
1921 5792 2033 5899 l1::ng
2056 5800 2218 5852 usque
2241 5792 2367 5844 adeo
2390 5785 2687 5850 certum'est
2733 5785 3187 5860 nbé‘khiiiaiiéiiié
3208 5785 3411 5881 liii-.3;
