4156 6432
773 377 873 433 ἰῶ

771 487 1006 543 ostendit
1033 488 1283 554 deinceps
1315 500 1418 538 non
1445 488 1637 553 ipsum.
1670 484 1761 537 sed
1796 485 1943 537 illum
1972 483 2159 537 horum
2188 482 2352 537 fuisse

772 580 1087 653 principium
1120 588 1175 634 et
1198 593 1435 640 causam,
1467 588 1524 630 ut
1551 578 1640 646 qui
1664 576 1816 653 lactis
1845 578 1955 630 suis
1986 576 2075 630 Dei
2099 576 2357 630 auxilium

767 652 1045 742 repulcrit,
1077 672 1419 739 divinamque
1444 652 1731 724 vindictam
1764 671 2061 722 attraxerit.
2093 667 2161 721 Et
2190 669 2357 721 induit

768 765 1166 819 irmledictionein
1196 762 1326 816 sicut
1350 761 1725 825 vestimentum,
1758 769 1803 812 et
1833 759 2036 812 intravit
2065 761 2193 813 sicut
2223 775 2358 827 aqua

768 864 817 911 in
846 860 1083 911 interiora
1112 858 1244 926 ejus,
1278 867 1323 910 et
1349 858 1483 910 sicut
1519 856 1684 910 oleum
1712 855 1765 907 in
1790 854 1984 909 ossibus
2009 856 2137 927 ejus.
2182 854 2276 909 ilic
2301 862 2358 908 et

766 951 935 1021 plagm
964 949 1361 1005 vehementiam
1380 989 1395 1011 ,
1442 957 1498 1002 et
1523 948 1768 1017 supplicii
1799 948 2138 1002 stabilitatem
2168 957 2353 1003 osten-

762 1040 877 1107 dit,
922 1040 1225 1111 signiﬁcans
1266 1040 1402 1093 mala
1448 1039 1696 1094 omnibus
1740 1038 2048 1093 hominibus
2090 1053 2157 1093 ex
2202 1053 2262 1093 se
2300 1048 2356 1093 et

764 1134 925 1187 animi
964 1133 1044 1187 sui
1087 1132 1348 1187 sententia
1389 1132 1676 1201 prolicisci,
1708 1133 1796 1203 qui
1849 1132 1999 1187 factis
2047 1133 2260 1199 quidem
2300 1143 2355 1187 et

764 1225 1069 1280 actionibus
1113 1225 1252 1279 bona
1280 1224 1566 1295 repellunt,
1598 1225 1651 1279 in
1675 1223 1930 1294 supplicis
1954 1232 2132 1279 autem
2149 1225 2354 1294 seipsos

763 1316 1027 1385 injiciunt.
1062 1314 1149 1371 19.
1181 1314 1339 1368 Fiant
1364 1316 1408 1369 ei
1432 1316 1562 1369 sicut
1582 1314 1950 1379 vestimentum,
1982 1330 2081 1384 quo
2105 1315 2350 1384 operitur,

760 1417 806 1461 et
828 1409 955 1461 sicut
981 1422 1131 1473 zona,
1152 1422 1250 1471 qua
1274 1422 1472 1475 semper
1494 1406 1839 1475 preciugitur.
1859 1405 1975 1461 Hoc
2000 1417 2178 1461 autem
2200 1405 2349 1471 dicit,

760 1500 1052 1553 ostendens
1091 1498 1223 1553 iram
1255 1497 1345 1551 Dei
1388 1497 1745 1559 ineﬂ'abil'em,
1788 1513 1909 1567 qua:
1927 1498 2068 1552 tales
2105 1497 2351 1551 homines

758 1599 1132 1660 persequetur.
1165 1587 1319 1656 Quod
1349 1599 1525 1643 autem
1566 1586 1717 1652 dicit,
1747 1597 1830 1643 est
1875 1588 2140 1657 ejusmodi
2173 1606 2185 1641 :
2215 1587 2348 1642 Mala

755 1700 850 1739 cos
890 1685 959 1738 ita
1004 1682 1291 1743 tenebunt.
1319 1689 1377 1737 ut
1416 1697 1484 1737 ne
1527 1682 1691 1737 ullam
1738 1681 1952 1750 quidem
2000 1682 2347 1736 mutationem

760 1776 990 1830 habeant
1036 1793 1049 1828 :
1104 1773 1198 1829 sed
1258 1774 1310 1827 in
1363 1775 1441 1828 eis
1490 1774 1638 1828 firma
1685 1774 1977 1827 manebunt
2010 1782 2066 1827 et
2115 1773 2346 1828 stabilia.

758 1866 958 1923 Deinde
985 1866 1418 1923 ostendenseum
1451 1866 1712 1935 castigare
1734 1864 2146 1933 improbitatem,
2176 1876 2229 1920 et
2250 1880 2347 1921 nc-

752 1960 973 2029 quitiam
996 1958 1267 2028 corrigere
1287 1997 1302 2022 ,
1334 1966 1389 2011 et
1422 1971 1529 2011 non
1557 1958 1609 2011 iu
1650 1956 1799 2010 illum
1826 1957 2028 2022 solum,
2063 1956 2156 2012 sed
2182 1958 2345 2012 etiam

755 2050 807 2102 in
834 2061 1023 2101 omnes
1047 2046 1137 2116 qui
1176 2056 1300 2101 sunt
1341 2046 1407 2100 iis
1444 2062 1563 2116 qua:
1610 2045 1865 2100 dicuntur
1910 2046 2157 2110 obnoxii,
2210 2046 2348 2102 hanc

752 2139 1090 2195 statuendam
1118 2153 1239 2195 esse
1264 2140 1605 2202 sententiam,
1633 2138 1905 2206 suhjunxit
1928 2157 1941 2193 :
1965 2139 2054 2195 20.
2083 2139 2196 2193 Hoc
2220 2156 2347 2209 opus

750 2248 923 2286 eorum
952 2231 1038 2301 qui
1060 2230 1333 2285 detrahunt
1363 2230 1488 2283 mihi
1511 2229 1652 2300 apud
1683 2229 1975 2283 hominum.
2010 2229 2061 2284 Id
2086 2239 2189 2294 est,
2221 2230 2347 2286 llzec

748 2334 830 2379 est
858 2338 1017 2394 paena
1039 2363 1055 2387 ,
1085 2323 1186 2377 hoc
1232 2331 1315 2379 est
1342 2323 1658 2392 supplicium
1705 2337 1889 2376 eorum
1911 2363 1925 2387 ,
1958 2323 2048 2391 qui
2088 2323 2215 2376 mihi
2252 2323 2347 2377 ad-

747 2424 1050 2479 versantur,
1080 2414 1172 2484 qui
1200 2413 1538 2478 insidiantur,
1564 2412 1654 2482 qui
1684 2412 1882 2467 bellum
1908 2422 2121 2483 gerunt,
2159 2409 2227 2465 Et
2260 2414 2346 2482 qui

747 2509 1021 2576 loquuntur
1067 2506 1209 2561 mala
1232 2505 1473 2559 adversus
1513 2504 1738 2558 animam
1778 2519 1962 2557 meam.
2014 2503 2158 2573 Ergo
2182 2505 2343 2557 etiam

746 2614 846 2670 pro
871 2598 1051 2655 verbis
1078 2598 1364 2667 exiguntur
1393 2610 1587 2665 pinnae,
1616 2604 1671 2649 et
1699 2609 1869 2664 pinnae
1888 2596 2269 2649 acerbissimae.

814 2694 871 2748 Δ.
901 2691 1158 2746 Absoluta
1187 2689 1366 2759 itaque
1384 2687 1454 2743 de
1471 2686 1555 2741 bis
1581 2687 1842 2748 oratione,
1870 2686 1937 2740 ad
1962 2685 2126 2741 Deum
2154 2702 2341 2743 rursus

746 2783 986 2853 confugit
1027 2795 1126 2851 pro
1167 2780 1281 2850 ejus
1310 2777 1645 2849 impetrando
1694 2776 1915 2831 auxilio.
1963 2776 2148 2847 Neque
2196 2778 2339 2832 enim

743 2874 886 2930 sistit
910 2873 963 2929 in
992 2885 1148 2943 pmna
1177 2885 1364 2926 eorum
1406 2869 1494 2940 qui
1522 2876 1713 2939 parant
1749 2867 1968 2923 insidias
1987 2908 2004 2931 ,
2035 2880 2128 2921 seu
2155 2883 2339 2923 osten-

742 2964 877 3020 dens
900 2979 994 3021 eos
1014 2963 1104 3033 qui
1131 2961 1291 3017 malis
1316 2959 1623 3016 afﬁciuntur
1648 2958 1850 3014 habere
1872 2960 2031 3013 etiam
2065 2958 2229 3013 Deum
2255 2967 2339 3014 ut-

743 3068 915 3112 torem
940 3070 1036 3126 pro
1059 3055 1147 3117 iis,
1178 3068 1314 3125 quas
1342 3052 1633 3123 accipiunt,
1661 3051 1889 3119 injuriis,
1921 3064 1983 3104 ac
2008 3049 2215 3104 ﬁrmam
2246 3064 2338 3103 va-

744 3148 1016 3219 lidamque
1057 3146 1271 3217 assequi
1313 3144 1701 3207 defensionem,
1752 3141 2055 3211 subjungit,
2098 3142 2331 3197 dicens:

738 3242 831 3297 2|.
869 3238 939 3295 Et
969 3250 1043 3305 tu,
1086 3238 1325 3303 Domine,
1354 3237 1437 3309 {ac
1478 3251 1673 3290 mecum
1708 3245 1913 3304 propter
1950 3251 2131 3289 nomen
2171 3245 2334 3291 tuum.

748 3334 880 3391 Vide
916 3342 1124 3405 gratum
1172 3341 1228 3387 et
1272 3330 1417 3401 piqu
1469 3328 1742 3393 animum,
1789 3326 1912 3383 vide
1958 3327 2335 3383 humilitatem.

743 3425 999 3495 Quamvis
1028 3424 1169 3479 enim
1198 3422 1327 3477 satis
1359 3420 1557 3491 justam
1598 3433 1812 3475 causam
1856 3418 2079 3475 haberet
2121 3420 2335 3489 petendi

742 3516 946 3579 auxilii.
973 3513 1113 3585 quod
1144 3512 1283 3567 mala
1323 3519 1595 3581 pateretur
1623 3509 1749 3582 (hoc
1776 3511 1917 3565 enim
1947 3518 2123 3579 potest
2158 3509 2330 3566 videri

738 3608 796 3664 in
825 3606 1003 3663 multis
1034 3604 1164 3661 locis
1189 3602 1481 3673 Scriptum
1501 3644 1518 3668 ,
1546 3616 1643 3658 eos
1683 3602 1771 3671 qui
1808 3601 1877 3656 ab
1918 3599 2223 3657 hominibus
2248 3602 2333 3657 in-

734 3702 880 3772 juste
909 3699 1065 3755 malis
1086 3696 1391 3752 afﬁciuntur
1417 3694 1585 3751 libere
1612 3695 1929 3765 impetrandi
1960 3710 1990 3748 a
2013 3694 2124 3750 Deo
2150 3695 2334 3751 auxilii

734 3796 931 3866 justam
957 3799 1012 3846 et
1044 3789 1321 3844 honestam
1364 3786 1562 3843 habere
1586 3786 1951 3856 occasionem)
1980 3802 1993 3840 :
2020 3785 2108 3840 ille
2154 3793 2332 3843 tamen

737 3881 1156 3955 praetermittens
1185 3878 1286 3934 hoc
1314 3878 1516 3945 dicere,
1547 3878 1787 3947 confugit
1814 3876 1881 3931 ad
1906 3876 2076 3931 solam
2104 3875 2200 3931 Dei
2225 3876 2334 3932 cle-

737 3974 1011 4036 mentiam,
1043 3982 1098 4027 et
1128 3970 1294 4025 dicit:
1326 3968 1435 4023 Fac
1463 3985 1658 4024 mecum
1696 3968 1900 4037 propter
1930 3983 2112 4022 nomen
2153 3977 2334 4024 tuum:

737 4062 1122 4138 propemodum
1149 4061 1253 4115 hoc
1278 4061 1464 4115 dicens
1495 4077 1509 4112 :
1540 4058 1654 4113 Non
1686 4059 1934 4129 quoniam
1966 4073 2083 4113 sum
2114 4058 2328 4130 dignus,

736 4155 831 4213 sed
876 4162 1094 4225 propter
1142 4153 1405 4221 teipsum,
1456 4150 1708 4220 quoniam
1760 4163 1819 4203 es
1857 4149 2093 4205 clemens
2135 4158 2191 4205 et
2231 4150 2333 4204 mi-

736 4248 989 4304 sericors.
1039 4245 1108 4301 Et
1152 4243 1273 4299 ideo
1316 4242 1620 4313 subjungit,
1677 4240 1811 4307 Quia
1855 4241 2023 4296 suavis
2054 4250 2129 4297 est
2176 4241 2330 4297 mise-

738 4338 961 4392 ricordia
977 4345 1082 4389 tua.
1105 4334 1172 4390 Et
1189 4344 1338 4389 recte
1359 4333 1512 4397 dixit,
1542 4333 1678 4398 Quia
1697 4333 1867 4387 suavis
1892 4344 1965 4387 est
1986 4334 2332 4389 misericordia

743 4441 850 4484 tua.
882 4428 1142 4484 Homines
1166 4426 1311 4481 enim
1339 4439 1483 4495 sirpe
1504 4440 1611 4479 non
1637 4432 1762 4478 sunt
1788 4422 2049 4494 ejusmodi
2075 4443 2089 4478 :
2118 4440 2240 4479 nam
2266 4440 2330 4481 ea

738 4534 885 4591 saepe
922 4527 1144 4575 utuntur
1165 4516 1233 4571 ad
1275 4516 1653 4572 detrimentum
1697 4525 1753 4570 et
1776 4515 1994 4570 exitium
2024 4532 2038 4568 :
2067 4515 2160 4571 sed
2190 4515 2331 4572 Deus

740 4624 953 4680 semper
976 4606 1046 4663 ad
1083 4606 1387 4663 utilitatem.
1416 4605 1507 4660 22.
1554 4604 1738 4659 Libera
1766 4621 1877 4670 me,
1920 4605 2038 4673 quia
2063 4622 2248 4677 egenus
2285 4616 2330 4662 et

743 4719 940 4772 pauper
961 4717 1074 4758 sum
1092 4716 1204 4772 ego.
1229 4698 1295 4753 Et
1318 4715 1405 4754 cor
1424 4714 1589 4752 meum
1616 4697 1968 4752 conturbatum
1979 4708 2051 4752 est
2075 4697 2207 4751 intra
2226 4714 2327 4753 me.

747 4794 910 4851 Vides
933 4808 1056 4850 eum
1100 4804 1286 4847 rursus
1316 4802 1472 4846 orare
1498 4798 1556 4844 ut
1596 4796 1868 4854 servetur,
1902 4803 2006 4843 non
2038 4797 2097 4843 ut
2131 4789 2221 4860 qui
2257 4791 2331 4844 sit

742 4886 956 4959 dignus,
987 4898 1090 4941 nec
1110 4883 1306 4954 justus,
1334 4881 1428 4937 sed
1476 4881 1644 4951 utqui
1674 4880 1743 4935 sit
1780 4881 1999 4935 omnino
2028 4895 2245 4936 eversus
2273 4891 2329 4937 et

742 4978 1015 5036 confectus
1037 5019 1052 5045 ,
1082 4986 1141 5032 ut
1172 4977 1263 5048 qui
1291 4975 1431 5031 mala
1465 4988 1654 5044 passus
1692 4973 1762 5028 sit
1788 4973 2230 5029 innumerabilia?
2260 4973 2327 5028 Et

741 5089 830 5126 cor
858 5087 1023 5130 meum
1044 5067 1399 5124 conturbatum
1416 5076 1491 5122 est
1513 5066 1649 5119 intra
1677 5080 1774 5119 me.
1805 5063 1948 5119 Talis
1971 5064 2112 5120 enim
2140 5072 2222 5121 est
2244 5065 2326 5119 vis

746 5163 1106 5217 calamitatum
1138 5176 1152 5213 :
1184 5174 1289 5215 non
1319 5170 1516 5227 corpus
1544 5156 1714 5211 solum
1738 5165 1931 5222 vexat,
1957 5170 2141 5211 verum
2163 5155 2325 5212 etiam

749 5253 1032 5309 conturbat
1070 5250 1326 5305 animum.
1375 5249 1466 5304 23.
1515 5246 1659 5304 Sicut
1698 5246 1878 5300 umbra
1918 5262 2032 5301 cum
2069 5248 2324 5313 declinat,

744 5346 946 5400 ablatus
969 5360 1114 5409 sum,
1142 5357 1525 5397 exrussus-sum
1565 5342 1693 5396 sicut
1727 5340 1951 5395 locustte.
1994 5340 2130 5395 Dicit
2166 5341 2329 5396 vehe-

746 5445 953 5493 mentes
994 5434 1211 5490 insidias
1253 5448 1438 5489 eorum
1466 5430 1557 5502 qui
1587 5431 1732 5485 illum
1779 5430 1971 5499 injuria
2009 5430 2324 5496 affecerunt,

745 5544 955 5587 necnon
992 5527 1375 5598 malignitatem
1422 5523 1740 5580 ineffabilem
1764 5566 1775 5587 ,
1803 5530 1860 5577 et
1886 5537 2071 5578 rursus
2099 5521 2327 5592 diligen-

749 5620 876 5677 tiam
905 5634 1064 5692 quam
1109 5619 1223 5690 ipse
1264 5618 1318 5673 in
1346 5617 1425 5673 eis
1469 5616 1727 5671 adhibuit.
1766 5615 1854 5670 24.
1894 5612 2072 5668 Genua
2111 5630 2222 5668 mea
2247 5615 2328 5667 ἰη-

743 5718 1084 5770 ﬁrmatasunt
1109 5729 1139 5766 a
1155 5712 1373 5783 jejunio,
1400 5721 1446 5768 et
1467 5727 1588 5766 caro
1612 5726 1722 5764 mea
1741 5711 2006 5763 immutata
2025 5717 2097 5763 est
2123 5718 2329 5779 propter

746 5810 941 5868 oleum.
964 5805 1123 5863 Vides
1157 5821 1399 5877 quaenam
1427 5821 1572 5862 arma
1597 5810 1870 5877 comparat
1914 5801 2172 5859 adversus
2199 5802 2329 5858 insi-

1510 371 1563 427 s.
1605 369 1882 426 10Aths
1920 366 2394 423 cuuvsosrom
2427 367 2744 424 AttClllEP.
2777 356 3318 430 CONSTAN’I‘INOP.

3975 376 4085 437 εει

2477 482 2591 538 dias
2611 527 2623 541 .
2648 494 2703 539 et
2730 500 2848 542 eam
2869 529 2882 552 ,
2910 504 3013 557 qua
3037 498 3094 543 et
3128 490 3304 559 ipsum
3340 490 3639 559 vexabant,
3684 492 4088 551 afﬂictionesuf

2465 574 2554 629 25.
2592 573 2660 627 Et
2686 592 2777 645 ego
2806 581 2969 649 factus
2995 595 3109 632 sum
3148 583 3478 651 opprobrium
3518 585 3622 639 illis
3645 600 3664 639 :
3692 587 3934 642 uiderunt
3976 604 4086 655 nu,

2466 677 2727 721 moverunt
2762 670 2930 739 capita
2959 687 3071 723 sua.
3113 671 3274 728 Tales
3298 684 3425 728 sunt
3450 675 3813 745 improborum
3852 680 4032 735 animi
4066 696 4083 735 :

2466 775 2571 814 non
2595 761 2755 817 modo
2784 777 2889 817 non
2910 763 3109 819 cedunt
3136 767 3350 835 quando
3373 768 3601 824 viderint
3626 770 3830 840 justum
3859 772 3948 828 eis
3974 787 4085 842 op-

2465 863 2752 920 ponentem
2781 856 3035 926 pietatem
3062 872 3127 912 ae
3155 859 3494 929 religionem,
3522 861 3618 917 sed
3645 863 3726 918 eis
3745 864 3908 919 etiam
3942 879 4084 933 pro-

2464 944 2558 999 bra
2589 946 2858 1017 ingerunt,
2886 962 3088 1019 eosque
3118 949 3347 1005 irrident
3372 962 3427 1006 et
3454 953 3786 1023 impugnat.
3814 954 3961 1021 Quid
3988 955 4085 1010 hic

2460 1038 2789 1092 autemtAd
2836 1039 3094 1095 auxilium
3140 1042 3588 1112 inexpugnabile,
3615 1044 3683 1099 ad
3725 1060 3884 1116 opem
3930 1062 4083 1101 con-

2464 1126 2595 1197 fugit
2625 1129 3062 1199 iusuperabilem,
3092 1131 3279 1188 dicens
3308 1152 3321 1189 :
3349 1134 3441 1190 26.
3475 1135 3677 1206 Adjuoa
3691 1154 3793 1203 me,
3819 1137 4081 1203 Domine,

2462 1218 2603 1275 Deus
2632 1238 2806 1283 meas,
2833 1232 2881 1276 et
2905 1223 3101 1277 salvum
3133 1240 3214 1278 me
3238 1224 3324 1295 [ac
3349 1229 3627 1281 secundum
3662 1230 4082 1285 misericordiam

2461 1322 2622 1367 tuam.
2656 1312 2747 1367 27.
2783 1312 2849 1367 Et
2876 1315 3072 1376 sciant,
3109 1317 3232 1385 quia
3263 1333 3446 1372 manus
3473 1327 3560 1372 tua
3598 1320 3736 1387 lucc,
3765 1330 3813 1374 et
3839 1330 3915 1385 tu,
3953 1319 4077 1375 Do-

2459 1403 2627 1469 mine,
2671 1406 2833 1475 fecisti
2861 1422 2994 1459 eam.
3034 1405 3171 1475 Quid
3198 1418 3314 1471 est,
3347 1407 3539 1462 Manus
3579 1418 3667 1463 tua
3694 1411 3842 1465 nec!
3879 1410 4077 1467 Tuum

2456 1494 2735 1550 auxilium.
2761 1496 2954 1561 Tuum,
2984 1497 3174 1567 inquit,
3200 1498 3526 1569 pmidium.
3558 1500 3693 1555 Nolo
3717 1503 3863 1557 enim
3883 1502 4073 1558 solum

2457 1587 2657 1640 servari
2691 1604 2703 1639 :
2733 1587 2827 1642 sed
2868 1588 2987 1643 illos
3017 1589 3177 1643 etiam
3222 1592 3363 1645 scire
3410 1606 3443 1646 a
3480 1607 3587 1661 quo
3625 1601 3873 1648 servatus
3914 1607 4071 1660 sum,

2459 1688 2516 1739 ut
2542 1680 2613 1734 sit
2652 1681 2781 1734 mihi
2811 1678 3006 1750 duplex
3055 1691 3313 1750 tropaum
3334 1724 3350 1747 ,
3378 1684 3577 1753 duplex
3605 1699 3837 1749 corona,
3870 1686 4073 1756 ingens

2456 1770 2645 1835 gloria.
2672 1769 2766 1827 28.
2798 1770 3109 1827 Haledicent
3138 1773 3239 1837 illi,
3271 1783 3318 1827 et
3341 1784 3397 1827 tu
3430 1774 3708 1829 benedica.
3743 1773 3847 1840 Qui
3877 1775 4071 1829 insur—

2454 1873 2578 1933 gunt
2606 1864 2659 1915 in
2687 1880 2784 1929 me,
2815 1864 3218 1935 confundantur,
3244 1881 3419 1921 servus
3446 1874 3616 1920 autem
3637 1876 3754 1920 tuus
3774 1866 4066 1921 (elabitur.

2459 1954 2622 2008 Docet
2648 1953 2737 2008 hic
2764 1954 3063 2009 auditorem
3090 1956 3377 2025 quamdam
3407 1954 3820 2024 philosophiam.
3854 1955 4068 2012 Osten-

2455 2045 2531 2099 dit
2560 2046 2703 2101 enim
2730 2046 2874 2117 quod
2904 2047 3113 2102 etiamsi
3145 2046 3278 2102 diris
3317 2048 3615 2102 innumeris
3640 2047 3947 2103 devoveant
3967 2090 3985 2115 ,
4017 2050 4067 2105 si

2456 2139 2595 2194 Deus
2626 2139 2927 2203 benedicat,
2957 2140 3092 2196 nihil
3119 2139 3429 2195 detrimenti
3458 2155 3527 2194 ex
3555 2140 3637 2194 cis
3662 2140 3925 2210 accipiet,
3960 2140 4067 2196 sed

2452 2232 2506 2287 in
2530 2234 2675 2302 ipsos
2701 2240 2978 2287 vertentur
3005 2231 3199 2301 probra
3223 2240 3279 2286 et
3305 2217 3632 2300 ignominiae.
3663 2230 3855 2287 Servus
3884 2244 4068 2286 autem

2452 2334 2570 2379 tuus
2590 2325 2847 2379 Its-labitur
2875 2326 2926 2379 in
2950 2333 3015 2378 te.
3041 2324 3208 2379 Recte
3227 2324 3382 2388 dixit,
3399 2322 3467 2377 In
3488 2334 3554 2391 te,
3573 2323 3887 2394 signiﬁcans
3907 2325 4067 2380 illinc

2454 2416 2716 2485 proﬁcisci
2749 2416 3017 2481 lictitiam,
3049 2415 3195 2470 unde
3232 2415 3371 2471 bona
3402 2416 3833 2488 suppeditantur.
3867 2418 4068 2473 Restat

2452 2518 2510 2561 ut
2540 2507 2684 2562 nnlla
2710 2522 2798 2563 me
2826 2508 2990 2577 possit
3021 2506 3334 2575 perturbare
3360 2507 3629 2573 molestia,
3655 2523 3777 2563 cum
3800 2517 3892 2563 tua
3920 2510 4060 2564 mihi

2452 2610 2664 2653 maneat
2700 2600 2903 2669 integra
2948 2598 3150 2654 lautitia.
3196 2597 3289 2654 29.
3323 2596 3621 2653 Induantur
3644 2601 3729 2669 qui
3772 2600 4062 2655 detrahunt

2448 2691 2573 2743 mihi
2598 2688 2810 2759 pudore,
2838 2699 2886 2744 et
2904 2691 3202 2759 aperiantur
3220 2690 3349 2744 sicut
3369 2690 3597 2760 diploide
3616 2691 3917 2761 confusione
3932 2708 4056 2747 sua.

2446 2781 2583 2837 Vide
2607 2782 2878 2852 quomodo
2909 2796 3093 2836 rursus
3124 2790 3311 2851 rogat,
3340 2792 3397 2835 ut
3428 2797 3535 2836 non
3564 2782 3738 2838 solum
3772 2783 4061 2839 tradantur

2446 2874 2730 2943 supplicio,
2755 2874 2847 2928 sed
2876 2874 3037 2928 etiam
3062 2871 3250 2942 pudori
3281 2883 3335 2928 et
3361 2873 3687 2943 ignominiae,
3710 2886 3771 2929 ut
3797 2875 3849 2930 id
3872 2876 3945 2930 sit
3976 2877 4061 2931 eis

2441 2963 2700 3020 doctrina
2732 2966 3121 3031 correctionis,
3148 2973 3206 3020 et
3240 2967 3457 3020 occasio
3499 2966 3811 3021 mutationis
3838 2967 3893 3021 in
3941 2982 4063 3023 me-

2447 3057 2601 3111 liora.
2631 3056 2721 3110 50.
2762 3055 3053 3125 Can/itebor
3073 3054 3298 3110 Domino
3337 3056 3491 3111 nimis
3528 3056 3701 3111 inore
3740 3073 3881 3122 meo,
3907 3068 3960 3111 et
4000 3060 4057 3112 in

2445 3148 2609 3200 medio
2636 3147 2912 3201 multarunt
2942 3146 3166 3200 laudabo
3193 3161 3331 3226 eunt.
3361 3146 3452 3202 5|.
3490 3145 3625 3213 Quia
3644 3146 3840 3202 adstitit
3867 3164 3899 3200 α
3921 3149 4062 3204 dex-

2444 3239 2536 3291 tris
2566 3238 2838 3307 pauperis,
2872 3247 2929 3291 ut
2969 3236 3164 3291 salvam
3190 3239 3380 3309 faceret
3413 3254 3445 3290 a
3478 3238 3887 3307 persequentibus
3926 3242 4061 3293 ani-

2444 3346 2579 3382 mam
2621 3344 2808 3381 meam.
2856 3328 2961 3383 Pro
3010 3329 3094 3383 his
3146 3326 3398 3384 omnibus
3446 3328 3615 3384 Deum
3672 3342 4062 3386 remuneratur

2444 3419 2694 3490 hymnis,
2746 3418 2935 3485 laude,
2985 3419 3278 3489 gratiarum
3331 3420 3584 3483 actione;
3632 3421 3888 3490 praeclara
3925 3421 4058 3493 ejus

2441 3510 2577 3567 facta
2599 3511 2739 3581 apud
2763 3524 2952 3566 omnes
2972 3510 3358 3576 aununtiando,
3385 3513 3438 3566 in
3470 3511 3648 3567 medio
3671 3511 3879 3568 theatro
3904 3528 4060 3583 pra-

2439 3604 2670 3660 dicando
2709 3619 2771 3659 ea
2819 3619 2937 3675 qua:
2966 3603 3035 3658 ab
3079 3603 3169 3659 illo
3210 3604 3405 3660 collata
3435 3616 3581 3661 sunt.
3627 3606 3738 3661 lloc
3768 3605 3913 3661 enim
3967 3618 4058 3667 est

2438 3697 2782 3764 sacriﬁcium,
2828 3696 2930 3752 hoc
2955 3695 3191 3765 oblatio,
3238 3697 3332 3753 Dei
3376 3696 3634 3753 beneﬁcia
3683 3698 3882 3755 habere
3910 3714 4055 3769 per-

2442 3797 2599 3861 petuo
2630 3788 2681 3842 iu
2712 3787 2993 3853 memoria,
3028 3801 3199 3858 eaque
3228 3788 3395 3843 menti
3427 3802 3539 3843 sua:
3567 3788 3908 3859 imprimere,
3947 3796 4056 3847 ore

2441 3878 2767 3950 pnndicare.
2806 3886 2862 3933 et
2904 3874 3083 3933 facere
3112 3886 3171 3931 ut
3199 3877 3318 3947 ejus
3365 3876 3624 3935 beneficia
3664 3894 3693 3932 a
3722 3878 3904 3933 multis
3948 3895 4054 3935 au-

2437 3973 2672 4027 diantur.
2716 3970 2850 4027 Nam
2894 3972 2975 4026 sic
3014 3979 3071 4026 et
3106 3971 3197 4041 qui
3238 3968 3559 4026 beneﬁcium
3600 3971 3895 4042 acceperit,
3941 3987 4053 4043 pro

2436 4073 2589 4135 grato
2616 4064 2798 4117 animo
2838 4061 3140 4117 mercedem
3168 4063 3425 4137 accipiet,
3457 4070 3512 4117 et
3552 4063 3727 4132 majus
3766 4063 3860 4117 Dei
3887 4062 3947 4118 in
3987 4081 4051 4122 se

2437 4154 2692 4209 auxilium
2734 4152 2968 4209 attrahet
2994 4169 3009 4207 :
3037 4161 3094 4208 et
3112 4153 3203 4223 qui
3252 4152 3506 4219 audiunt,
3536 4169 3600 4210 ex
3644 4153 3709 4209 iis
3749 4168 3871 4224 qua:
3914 4155 4050 4211 aliis

2437 4247 2574 4304 facta
2603 4256 2749 4312 sunt,
2796 4245 3029 4301 evadent
3055 4244 3340 4314 meliores,
3372 4258 3428 4301 ct
3451 4245 3518 4301 ad
3555 4244 3803 4301 virtutem
3846 4260 4049 4316 perse—

2436 4339 2705 4412 quendam
2731 4338 2993 4408 accipient
3021 4338 3312 4393 maxinmm
3341 4337 3743 4394 incitamentum
3773 4353 3840 4395 ex
3865 4338 4047 4400 bene-

2440 4434 2577 4489 ﬁciis
2601 4448 2721 4505 quae
2750 4431 2819 4486 ab
2845 4430 2967 4486 aliis
2992 4440 3213 4501 accepta
3239 4440 3384 4485 sunt.

2864 4589 2929 4645 IN
2970 4587 3297 4646 PSALHUM
3335 4586 3451 4645 CIX
3498 4588 3599 4661 (α).

2441 4736 2489 4789 l.
2532 4731 2675 4787 Dixit
2703 4729 2953 4785 Dominus
2979 4728 3200 4785 Domino
3234 4745 3344 4784 meo
3369 4744 3387 4783 :
3414 4727 3551 4784 Sede
3580 4745 3614 4784 a
3652 4728 3846 4784 dextris
3884 4732 4039 4787 meis.

2508 4890 2561 4943 l.
2590 4888 2952 4957 Exsurgamus
2982 4924 2998 4949 ,
3040 4896 3245 4953 quaeso,
3292 4890 3348 4937 et
3389 4882 3625 4937 animum
3667 4882 4039 4942 intendamus.

2437 4980 2679 5036 Psalmus
2717 4978 2860 5033 enim
2893 4975 2963 5030 de
3007 4973 3327 5029 sublimibus
3355 4972 3643 5029 atﬁnodum
3680 4972 3839 5029 rebus
3876 4974 3997 5045 agit
4020 5016 4041 5045 ,

2436 5087 2543 5127 non
2576 5071 2667 5126 uni
2697 5068 2799 5125 soli
2828 5065 3021 5121 haeresi
3050 5106 3064 5130 ,
3097 5063 3193 5121 sed
3218 5065 3383 5119 variis
3402 5074 3457 5120 et
3477 5052 3707 5120 diversis
3730 5063 4039 5125 obsistens.

2436 5167 2568 5223 Nam
2598 5164 2856 5219 adversus
2879 5158 3098 5215 Judzcos
3127 5200 3143 5224 ,
3176 5158 3436 5213 adversus
3466 5157 3690 5213 Paulum
3716 5156 4042 5217 Samossteo

2435 5274 2564 5315 num
2598 5299 2613 5321 .
2648 5255 2905 5311 adversus
2931 5251 3180 5317 Ariauos,
3208 5249 3467 5305 adversus
3496 5248 3867 5307 Marcionistas
3890 5292 3909 5319 ,
3931 5252 4040 5309 ad-

2496 5439 2569 5501 (α)
2604 5436 2687 5486 uie
2724 5432 2939 5501 mimus
2968 5435 3141 5501 contra.
3167 5429 3363 5501 ωερε
3397 5427 3679 5501 Μήδων)
3714 5430 3826 5493 qua
3844 5432 4042 5501 rem

2434 5491 2676 5553 Christum
2715 5509 2830 5547 esse
2860 5496 3027 5544 Filium
3059 5493 3145 5543 Dei
3160 5505 3183 5555 _:
3210 5498 3380 5541 contra
3414 5491 3610 5555 Paulum
3645 5491 4038 5555 Samosstenum,

2468 5565 2549 5612 uia
2569 5562 2694 5611 dixit
2713 5558 2878 5608 ﬁlium
2903 5564 3019 5606 ante
3040 5553 3314 5617 Luciferum
3328 5555 3476 5617 ,A‘sive
3499 5554 3562 5603 ab
3583 5561 3773 5604 uerno
3804 5553 4039 5617 genitum

2468 5577 2549 5612 illa
2569 5577 2694 5611 01x“.
2714 5577 2878 5608 rtttum
2903 5577 3019 5606 autc
3043 5577 3341 5610 munerum,
3369 5577 3476 5603 am:
3499 5577 3562 5603 In
3584 5577 3773 5604 mutuo
3804 5577 4039 5617 genuum

2433 5577 2587 5674 aiis-se
2612 5636 2625 5672 :
2651 5629 2821 5672 contra
2840 5619 3023 5677 Arium,
3047 5619 3162 5681 quia
3181 5616 3299 5666 dicit
3320 5613 3490 5681 Filium
3514 5628 3630 5666 esse
3651 5617 3875 5681 genitum
3892 5654 3909 5679 ,
3933 5632 4040 5681 non

2435 5688 2614 5735 factum
2639 5698 2651 5734 :
2679 5691 2846 5733 contra
2869 5676 3157 5743 Marcionem
3180 5686 3233 5743 et
3247 5677 3587 5743 tlauicbieum,
3609 5676 3723 5742 quis
3744 5676 3831 5743 illo
3852 5676 4039 5743 proh.

2435 5756 2514 5798 tur
2537 5759 2699 5813 unum
2710 5743 2867 5794 solum
2904 5754 3017 5813 esse
3043 5741 3345 5813 principium
3371 5748 3580 5813 {contra
3612 5740 3702 5813 eos
3729 5740 3815 5806 qui
3844 5740 4040 5808 negant

2435 5808 2848 5861 resurrectionem
2867 5841 2882 5867 ,
2907 5807 3019 5868 quia
3040 5804 3125 5853 illo
3146 5804 3448 5853 resurrectio
3472 5804 3718 5866 probatur.
