4154 6428
164 182 189 193 πῖ
306 192 361 207 w

206 260 209 261 ν
242 218 267 255 'r
288 220 301 231 τ’
322 216 393 251 λνί

222 264 241 275 .,
298 260 313 263 -ν

192 416 267 449 ι”τέ

138 546 169 578 ,ί
240 538 247 547 ι
331 560 389 578 .-

695 564 755 614 et
769 553 1039 612 adversus
1055 557 1246 605 omnes
1264 541 1360 615 qui
1376 531 1760 597 resurrectioni

527 664 567 725 ,“
585 650 759 710 struit
782 646 984 704 aciein.
1014 638 1280 711 Quoniam
1309 646 1443 705 ergo
1463 636 1653 686 contra
1672 633 1759 729 tot

806 749 893 798 est
913 735 1061 793 acies
1090 773 1108 800 ,
1148 728 1306 787 nobis
1330 737 1549 798 quoque
1574 716 1763 775 multis

84 902 93 913 μ
154 848 309 909 lli
324 856 471 916 opus
493 846 609 905 est,
635 844 703 893 ut
720 847 847 907 quae
859 830 934 887 sit
957 822 1199 900 luctandi
1222 819 1382 885 ratio,
1410 822 1763 916 exactecon-

418 903 836 1007 possiinusdln
865 918 1108 981 externis
1150 914 1295 973 enim
1338 903 1761 1007 cenamilliblls,

526 1017 787 1079 luctandi
827 1014 970 1072 ratio
997 1024 1108 1067 non
1157 1002 1532 1100 animadversa
1563 993 1760 1100 fuerit,

156 1083 269 1177 Si
290 1083 531 1174 laedatur
562 1118 890 1183 spectator:
922 1117 1029 1160 non
1058 1099 1205 1158 enim
1226 1093 1513 1157 doctrinm,
1538 1085 1636 1183 sed
1666 1083 1765 1139 de-

156 1208 440 1268 lectationis
457 1178 644 1276 gratia
674 1198 814 1257 illud
842 1197 1113 1253 theatrum
1135 1196 1383 1273 coactum
1402 1190 1507 1276 est.
1538 1178 1640 1235 ilic
1659 1191 1765 1276 au-

160 1312 253 1365 lam
598 1289 928 1366 cognoveris
944 1284 1213 1342 undenam
1229 1267 1579 1361 adversarius
1594 1267 1767 1324 aciem

160 1410 289 1451 sua.
314 1393 587 1455 instruat,
617 1364 849 1442 etﬁulldc
886 1394 990 1436 nos
1026 1392 1150 1433 eum
1179 1373 1436 1429 feriamus
1462 1408 1481 1434 ,
1510 1378 1618 1419 non
1649 1364 1767 1415 leve

159 1486 533 1543 detrimentum
563 1477 831 1548 accipies.
853 1472 932 1529 Ne
954 1471 1059 1527 hoc
1080 1481 1212 1539 ergo
1236 1463 1332 1520 tibi
1353 1459 1589 1548 eveniat,
1620 1467 1768 1548 meno

162 1588 251 1635 In
275 1589 422 1632 suam
451 1572 647 1629 excita
678 1546 711 1637 ξ
752 1573 980 1623 θιτθοιω
1022 1559 1122 1617 tibi
1162 1557 1289 1613 sint
1314 1564 1499 1609 aures.
1547 1546 1767 1605 Judaios

162 1671 371 1745 pinum
407 1664 759 1728 invadimus,
786 1658 1049 1714 adversus
1074 1652 1195 1707 illos
1221 1647 1392 1704 aciem
1424 1638 1766 1745 instruimus,

162 1734 399 1836 propheta
424 1776 499 1815 ex
522 1757 615 1812 his
635 1752 823 1811 verbis
838 1744 1211 1819 commilitone
1237 1748 1470 1797 utentes.
1501 1734 1640 1792 Cum
1654 1743 1770 1836 Illos

158 1824 285 1914 ὦ
308 1857 579 1913 dicamus
599 1850 723 1905 hac
748 1847 909 1919 plane
937 1841 1006 1897 de
1028 1838 1247 1896 Christo
1267 1835 1411 1890 dicta
1439 1843 1564 1923 esse
1595 1868 1613 1895 ,
1653 1824 1772 1880 hare

162 1950 349 2008 manu
370 1945 712 2009 admittunt,
740 1936 837 1995 sed
858 1928 1105 2008 quaedam
1128 1928 1236 1985 alia
1256 1921 1764 2009 comminiscuntur.

160 2005 276 2114 ᾖ
295 2056 435 2113 ergo
460 2037 669 2094 dicunt
697 2005 944 2103 primum
981 2022 1279 2081 refutesuus
1305 2058 1324 2085 ,
1351 2030 1415 2071 ac
1436 2012 1707 2114 deinceps.
1717 2005 1772 2064 id

161 2103 287 2211 δή
590 2116 1233 2211 contirmemus.\étque
1259 2124 1407 2211 nunc
1419 2120 1535 2211 eos.
1548 2103 1769 2211 interim

163 2198 420 2303 iege-us,
447 2223 583 2296 quis
605 2229 696 2277 est
720 2216 883 2288 hujus
898 2211 1029 2286 justi
1057 2198 1312 2303 dominus
1332 2205 1361 2260 ἲ
1389 2201 1553 2303 Dixit
1585 2198 1737 2303 enim
1754 2237 1771 2263 ,

164 2288 341 2394 hqd,
676 2309 902 2366 Domino
926 2320 1059 2361 meo.
1088 2301 1208 2359 Non
1238 2296 1491 2362 meminit
1512 2293 1663 2394 enim
1684 2288 1775 2347 hic

162 2385 305 2473 mils
321 2385 610 2487 personae,
624 2405 725 2464 sed
740 2404 907 2461 unius
935 2400 1025 2473 qui
1049 2412 1171 2455 eum
1187 2408 1300 2452 uno
1322 2392 1493 2487 altero
1512 2385 1771 2487 loquitur.

162 2476 452 2577 manu
479 2514 627 2573 ergo
644 2498 975 2571 dicunt-esse
994 2495 1119 2547 eum
1140 2487 1231 2561 qui
1261 2483 1438 2577 dicit‘l
1458 2482 1651 2577 Deum.

161 2570 329 2658 iam
347 2594 512 2653 audit
532 2570 579 2647 τ*
598 2570 895 2647 Abraham.
927 2583 1034 2640 Alii
1058 2596 1191 2638 vero
1210 2573 1514 2635 Zorobabel
1541 2615 1557 2639 ,
1583 2582 1641 2630 et
1683 2570 1775 2626 alii

164 2692 347 2749 ain:
376 2698 443 2746 ut
462 2685 609 2745 ebrii
661 2694 719 2739 et
754 2678 889 2737 nihil
927 2675 1073 2749 quod
1112 2672 1399 2732 conveniat
1445 2669 1727 2740 loquentes
1752 2705 1769 2731 ,

163 2785 263 2841 ho
284 2796 425 2839 vero
456 2780 607 2835 sicut
624 2775 719 2848 qui
760 2773 815 2829 in
844 2769 1085 2827 tenebris
1118 2764 1404 2821 ambulant
1426 2802 1443 2829 ,
1473 2769 1530 2817 et
1558 2759 1776 2848 pulsant

162 2870 287 2927 alter
308 2869 577 2924 alterum.
604 2841 748 2929 Quid
777 2871 930 2928 ergo,
953 2854 1044 2911 dic
1073 2851 1226 2917 mihi,
1251 2862 1461 2921 quaso,
1487 2853 1643 2901 estne
1668 2841 1772 2898 Zo-

164 2959 372 3018 robabel
418 2953 650 3012 Davidis
698 2944 1011 3006 Dominus?
1044 2944 1114 3001 Et
1153 2938 1428 3015 quomodo
1472 2935 1632 2993 fuerit
1673 2931 1780 2988 hoc

162 3059 592 3110 mancum
620 3084 638 3108 ,
666 3055 790 3098 eum
817 3039 935 3110 ipse
969 3050 1068 3108 pro
1111 3047 1311 3105 magno
1352 3030 1561 3087 honore
1604 3025 1775 3083 David

163 3142 463 3215 appellatus
489 3138 565 3193 sit
584 3135 610 3189 τ
639 3133 814 3189 Porro
851 3144 918 3187 ea
958 3142 1080 3200 quae
1108 3130 1516 3195 consequuntur
1547 3162 1564 3187 ,
1592 3128 1779 3215 osten-

163 3211 288 3291 diust
311 3232 453 3289 nihil
478 3229 577 3285 hic
596 3227 804 3283 dictum
834 3235 960 3279 esse
982 3220 1052 3276 de
1076 3215 1379 3274 Zorobabel
1395 3255 1413 3281 ,
1447 3227 1551 3270 nec
1574 3211 1646 3267 de
1677 3211 1780 3273 Da,-

164 3327 311 3382 vide:
348 3322 538 3378 nullus
569 3316 715 3375 enim
756 3328 947 3370 eorum
975 3310 1185 3367 honore
1213 3305 1533 3364 sacerdotali
1562 3302 1780 3358 functus

163 3428 269 3474 est:
295 3416 603 3470 hic-autem
635 3407 839 3464 dictum
868 3410 956 3463 est
980 3402 1048 3458 de
1074 3400 1259 3471 aliquo
1283 3440 1300 3466 ,
1326 3397 1420 3468 qui
1446 3410 1645 3451 novum
1673 3393 1777 3449 ali-

166 3506 299 3578 quod
348 3515 416 3561 et
450 3498 777 3558 admirabile
818 3492 1181 3551 sacerdotium
1211 3490 1345 3546 obit.
1396 3487 1475 3542 Tu
1498 3504 1552 3542 es
1580 3485 1725 3541 enim
1757 3525 1776 3551 ,

384 3593 633 3653 αισάοε
654 3591 710 3647 ξπ
736 3598 984 3648 talentum
1001 3584 1283 3642 secundum
1306 3582 1537 3639 ordinem
1559 3577 1782 3633 Melchi-

164 3697 305 3751 sedes
348 3694 432 3765 (ν.
459 3690 545 3762 4).
587 3687 696 3744 Sed
738 3701 854 3744 rem
896 3683 1228 3756 propositam
1257 3681 1610 3750 explicemus.
1646 3674 1781 3731 Pro-

168 3788 339 3845 ierunt
363 3785 519 3843 enim
548 3781 724 3838 adhuc
752 3780 854 3836 alia
884 3778 1130 3851 quaedam
1152 3777 1237 3833 his
1258 3774 1517 3840 futiliora,
1539 3772 1783 3827 dicentes

170 3884 279 3940 haec
299 3882 453 3938 diua
483 3891 610 3936 esse
634 3875 703 3931 de
728 3874 969 3946 populo:
994 3870 1091 3929 sed
1117 3885 1294 3942 neque
1317 3866 1549 3940 populus
1567 3864 1666 3919 fuit
1687 3878 1778 3918 sa-

167 3976 380 4036 cerdos.
412 3984 597 4040 neque
637 3968 739 4024 alia
774 3981 896 4039 qure
921 3963 1065 4020 dicta
1088 3971 1217 4019 sunt
1248 3961 1299 4018 ei
1329 3967 1556 4032 possunt
1582 3970 1805 4014 conve-.

173 4070 303 4125 llirc.
337 4066 426 4121 εο
468 4064 651 4133 itaque
689 4071 962 4131 tamquam
1004 4056 1148 4113 inani
1192 4054 1559 4126 praetermisso
1590 4093 1606 4118 ,
1638 4048 1781 4120 quod

174 4179 274 4219 non
305 4174 454 4232 opus
480 4156 676 4212 habeat
702 4154 1022 4226 probatione
1049 4157 1428 4221 ut‘evertatur,
1461 4145 1608 4202 aliud
1634 4141 1780 4215 quod

170 4257 354 4311 dcunt
378 4252 440 4305 in
460 4248 700 4305 medium
720 4246 1071 4303 adducamus.
1097 4241 1235 4311 Quid
1253 4255 1381 4311 ergo
1395 4254 1583 4295 rursus
1603 4236 1789 4292 dicunt

172 4348 254 4403 alii
272 4346 298 4399 2
329 4341 509 4399 Filius
540 4338 770 4395 Abrahae
792 4337 908 4393 haec
927 4335 1056 4392 dicit
1078 4334 1147 4390 de
1175 4332 1397 4389 domino
1425 4345 1544 4387 suo.
1569 4328 1639 4385 Et
1658 4327 1788 4399 quid

174 4439 340 4510 possit
359 4450 433 4492 eo
452 4447 581 4490 esse
608 4430 858 4487 inanius?
877 4427 1015 4499 Quid
1032 4427 1175 4483 enim
1199 4426 1285 4481 hic
1306 4424 1423 4479 vult
1448 4423 1585 4478 illius
1611 4421 1787 4476 Abra-

175 4532 286 4587 1ιεῖ
313 4528 421 4587 [ibi
449 4537 633 4582 autem
655 4523 910 4587 sacerdos
939 4520 1038 4577 l‘uit
1062 4519 1181 4591 ejus
1206 4518 1478 4581 dominus,
1511 4514 1600 4586 qui
1623 4512 1788 4570 etiam

176 4624 283 4693 ipse
307 4618 603 4678 sacerdote
634 4612 990 4671 Melchisedec
1032 4626 1161 4669 usus
1194 4620 1311 4677 est,
1342 4618 1397 4665 et
1431 4609 1583 4679 petiit
1618 4607 1688 4661 ab
1720 4620 1787 4661 eo

178 4712 613 4771 iurisdictionem
632 4708 659 4762 ‘l
678 4706 958 4777 Quomodo
978 4713 1156 4760 autem
1179 4702 1338 4759 fuerit
1361 4708 1788 4758 consentaneum

178 4807 378 4861 dictum
407 4818 532 4861 esse
560 4801 630 4857 de
659 4799 949 4867 Abraham,
984 4797 1066 4852 Ex
1090 4807 1233 4851 utero
1262 4805 1380 4850 ante
1405 4794 1676 4866 luciferum
1694 4809 1785 4865 ge.

181 4902 260 4954 llsi
285 4911 337 4954 te
365 4897 442 4968 (ν.
474 4894 537 4967 ‘5)
559 4894 585 4948 ἲ
610 4891 894 4963 Quomodo
920 4899 1104 4947 autem
1141 4889 1226 4945 vel
1257 4889 1439 4945 Davidi
1466 4932 1482 4956 ,
1512 4889 1594 4944 vel
1623 4887 1793 4942 Zoro-

182 4992 353 5047 babeli
383 5032 403 5056 ,
430 4989 523 5043 vel
559 4986 756 5057 popqu
782 4984 901 5042 haec
926 4984 1278 5041 convenerint
1313 4982 1607 5039 iNaturam
1646 4981 1792 5038 enim

184 5082 475 5140 numnam
518 5088 741 5149 superat
768 5118 784 5146 ,
814 5078 961 5150 quod
1000 5078 1204 5134 dictum
1247 5085 1349 5133 est.
1398 5075 1532 5131 llllld
1562 5083 1741 5129 autem
1771 5115 1787 5139 ,

189 5177 314 5233 Sede
338 5195 374 5230 α
395 5174 597 5230 dextris
616 5173 762 5238 meis,
786 5187 1075 5243 quamnam
1106 5171 1355 5227 habuerit
1379 5168 1788 5241 interpretatio-

188 5282 300 5323 nem
331 5308 349 5335 ,
380 5267 427 5321 si
459 5254 711 5336 personae
745 5264 852 5319 illa:
893 5262 1081 5334 posita:
1110 5263 1307 5319 fuerint
1332 5264 1357 5318 ?
1388 5262 1619 5317 Nullam.
1650 5262 1795 5330 Quo-

190 5361 344 5415 mode
374 5367 561 5413 autem
601 5356 735 5411 dixit
760 5355 1024 5421 Abrahtc,
1058 5355 1193 5410 Sede
1221 5373 1253 5409 a
1291 5357 1483 5411 dextris
1507 5357 1631 5411 meis
1659 5398 1674 5420 ,
1704 5358 1795 5428 qui

191 5451 264 5504 vel
292 5450 508 5520 angelis
532 5448 788 5504 assistere
809 5488 826 5513 ,
852 5448 998 5505 ducit
1037 5462 1158 5503 esse
1185 5447 1405 5519 dignum
1436 5449 1643 5505 honore
1674 5466 1793 5505 ma-

193 5541 369 5597 xime?
396 5540 506 5596 Sed
534 5539 787 5609 quidnam
818 5548 923 5607 est,
954 5553 1158 5618 qumso,
1186 5540 1328 5610 quod
1358 5556 1457 5611 pro
1485 5557 1581 5597 sua
1613 5542 1798 5599 dicunt

194 5631 453 5703 sapientia
472 5630 498 5683 τ
530 5629 600 5685 Et
627 5630 898 5701 quomodo
923 5671 940 5697 ,
982 5630 1228 5701 inquiunt
1262 5673 1277 5699 ,
1307 5632 1473 5687 alium
1503 5634 1801 5691 introducis

1114 408 1119 411 ’
1232 376 1251 463 Ῠ
1274 408 1660 480 ίωοδιτιο
1698 409 1764 467 IN
1805 404 2135 465 rsawun
2174 406 2314 466 elx.

1873 528 1973 587 Cui
2002 529 2202 601 itaque,
2226 526 2333 593 dic,
2361 542 2565 598 quaeso,
2594 526 2695 583 hoc
2716 526 2918 581 dictum
2941 533 3025 581 est
3050 519 3075 578 ?
3102 518 3410 579 Immemori
3437 528 3492 577 et

1874 623 2086 693 ingrato
2115 631 2206 676 tuo
2229 620 2414 675 animo
2445 618 2563 675 hinc
2591 618 2832 675 maxime
2856 617 2998 674 dicta
3027 622 3155 672 sunt
3177 656 3195 679 .
3219 629 3254 672 o
3277 610 3489 670 ludme.

1871 712 1984 769 Cur
2026 713 2172 770 enim
2202 711 2439 767 Abraha:
2480 711 2613 767 nihil
2664 708 2931 781 ejusmodi
2972 708 3177 765 dictum
3222 715 3305 762 est
3334 745 3352 772 ,
3382 719 3491 759 non

1874 803 2057 871 Isaac,
2090 820 2198 858 non
2228 802 2419 868 Jacob,
2448 818 2557 858 non
2578 801 2748 867 Mosi;
2773 800 2868 857 sed
2898 799 2993 854 tibi
3017 798 3118 853 soli
3150 838 3164 860 ,
3198 804 3488 869 postquam

1872 913 1939 953 ex
1971 896 2209 968 Aigypto
2239 909 2491 966 egressus
2518 893 2823 950 conﬂavisti
2852 891 3082 948 vitulum
3104 882 3305 961 (Exod.
3345 882 3442 953 52)
3470 883 3499 941 τ

1873 1005 2107 1062 quanam
2134 1003 2264 1060 ergo
2291 987 2363 1045 de
2385 985 2591 1044 causa?
2611 985 2703 1042 dic
2721 985 2884 1043 mihi.

1950 1080 2097 1138 Unus
2125 1097 2219 1141 cur
2243 1080 2447 1135 dicatur
2474 1077 2637 1134 Deus.
2666 1105 2739 1121 —-
2766 1075 2921 1146 Quod
2946 1076 2996 1133 si
3026 1075 3143 1147 ipse
3167 1072 3390 1132 luesitas
3417 1113 3433 1138 ,
3466 1086 3498 1126 a

1876 1188 1965 1230 me
1989 1187 2213 1229 causam
2240 1171 2443 1227 edisce.
2485 1167 2752 1237 Quoniam
2794 1168 2940 1224 enim
2982 1180 3238 1238 egressus
3264 1164 3493 1221 vitulum

1874 1262 2230 1328 conﬂaveras,
2253 1271 2309 1317 et
2332 1261 2669 1332 Beelpllegor
2697 1260 2879 1318 fueras
2900 1260 3142 1315 initiatus
3165 1256 3357 1329 (Num.
3373 1255 3492 1329 25),

1874 1366 1932 1414 et
1958 1339 2183 1414 deorum
2230 1355 2441 1411 turbam
2486 1351 2863 1422 admiraberis,
2887 1350 3147 1409 nefariam
3189 1350 3336 1407 illam
3360 1350 3491 1407 deo-

1874 1466 1996 1507 rum
2038 1448 2438 1505 multitudinem
2490 1445 2755 1504 inducens
2801 1463 2817 1501 :
2861 1447 3110 1502 morbum
3140 1453 3290 1501 tuum
3316 1443 3491 1515 repri-
3547 1513 3553 1519 .
3610 1426 3617 1443 ’

1876 1557 2035 1599 mens
2062 1582 2077 1607 ,
2107 1540 2177 1597 ad
2208 1541 2341 1597 deos
2381 1540 2473 1612 qui
2511 1555 2620 1596 non
2660 1548 2788 1595 sunt
2823 1538 3238 1611 distinguendos
3267 1578 3283 1602 .
3314 1537 3495 1610 posuit

1875 1634 2031 1703 illud,
2061 1634 2229 1704 Unus,
2246 1643 2351 1690 non
2367 1642 2425 1690 ut
2442 1633 2659 1691 tolleret
2685 1633 3052 1706 Unigenitum.
3076 1632 3320 1704 Quanam
3346 1631 3495 1687 enim

1877 1725 1947 1782 de
1982 1741 2143 1781 causa
2185 1725 2367 1782 statim
2407 1726 2460 1781 in
2508 1725 2787 1796 prooemiis
2820 1724 3025 1781 dictum
3057 1732 3142 1781 est
3170 1742 3184 1780 :
3214 1723 3497 1780 Faciamus

1876 1816 2135 1873 hominem
2163 1819 2234 1872 ad
2260 1815 2536 1890 imaginem
2557 1824 2606 1870 et
2624 1816 3017 1871 similitudinem
3043 1824 3274 1873 nostram
3304 1814 3324 1888 (
3353 1812 3489 1870 Gen.

1878 1912 1934 1967 1.
1963 1910 2104 1982 26)?
2129 1910 2197 1966 Et
2217 1926 2404 1967 rursus
2423 1914 2448 1963 ’:
2488 1908 2685 1975 Venite,
2703 1909 3093 1978 descendemus,
3121 1919 3172 1967 et
3197 1909 3495 1982 confunda-

1877 2019 1992 2059 ntus
2013 2004 2221 2075 linguas
2248 2019 2428 2059 eorum
2473 2000 2494 2076 (
2525 2001 2656 2059 Gen.
2690 2004 2780 2058 ll.
2810 2003 2843 2058 7
2875 2003 2895 2074 )
2964 2002 3035 2058 Et
3062 2018 3250 2060 rursus
3282 2002 3452 2059 David
3476 2020 3497 2060 ε

1879 2094 2169 2168 Propterea
2208 2095 2355 2151 unxit
2383 2105 2433 2150 te
2456 2094 2599 2151 Deus
2628 2138 2645 2165 ,
2681 2094 2820 2151 Deus
2855 2105 2974 2151 tuus
3009 2096 3361 2163 oleqlctitice
3387 2113 3500 2169 pret

1878 2186 2198 2244 consortibus
2226 2188 2326 2243 tuis
2356 2186 2535 2259 (Psal.
2563 2187 2655 2244 44.
2684 2185 2766 2261 8).
2798 2187 2858 2245 Si
2893 2197 3075 2245 autem
3105 2188 3287 2248 Moses
3311 2188 3446 2246 dicit
3477 2206 3493 2244 :

1879 2279 2140 2337 Dominus
2180 2279 2324 2350 Deus
2364 2290 2483 2337 tuus
2524 2278 2783 2337 Dominus
2824 2297 2958 2335 unus
3002 2291 3075 2337 est
3099 2298 3119 2336 :
3150 2281 3503 2340 imbecillitas

1878 2380 2056 2428 vestra
2086 2370 2184 2427 fuit
2209 2370 2263 2427 in
2290 2385 2471 2428 causa.
2504 2371 2572 2427 Et
2599 2371 2727 2442 quid
2755 2371 2951 2429 mirum
2981 2371 3027 2426 si
3066 2371 3171 2428 hoc
3190 2372 3245 2428 in
3274 2372 3502 2445 dogma-

1879 2464 2023 2521 tibus
2050 2464 2250 2519 iactum
2273 2473 2378 2529 est,
2408 2462 2628 2535 quando
2649 2463 2814 2519 etiam
2842 2462 2895 2518 in
2917 2461 3082 2521 rebus
3103 2479 3135 2521 a
3158 2463 3498 2534 perfectiori-

1878 2557 1982 2615 bus
2018 2558 2086 2617 ad
2117 2557 2295 2613 minus
2335 2557 2571 2629 perlecta
2612 2555 2836 2616 deduxit
2880 2556 3022 2613 Deus
3060 2558 3363 2615 orationem
3394 2600 3411 2627 ,
3436 2573 3500 2625 se

1878 2648 2175 2707 demittens
2221 2649 2292 2705 ad
2334 2658 2577 2706 nostram
2616 2646 3093 2707 imbecillitatem?
3137 2649 3401 2719 Quocirca
3444 2661 3505 2708 et

1880 2759 2106 2800 uxorem
2135 2742 2274 2800 hanc
2299 2743 2523 2815 quidem
2549 2742 2768 2814 ejicere,
2802 2744 2950 2800 illam
2980 2758 3111 2801 vero
3132 2744 3381 2815 permisit
3408 2745 3495 2800 ill-

1880 2836 2169 2894 troducere
2197 2876 2214 2903 ,
2259 2850 2384 2892 cum
2428 2850 2535 2892 non
2585 2837 2727 2891 hanc
2768 2836 2943 2907 legem
2987 2835 3195 2893 tulisset
3232 2835 3304 2892 ab
3345 2836 3501 2893 initio

1882 2929 2063 3000 (Deut.
2085 2928 2204 3001 24).
2235 2928 2488 2985 Cibornm
2513 2943 2729 3004 quoque
2750 2944 3002 3001 magnum
3030 2929 3159 2986 fecit
3182 2929 3503 2995 discrimen,

1881 3021 2009 3079 licet
2048 3022 2379 3079 contrarium
2414 3022 2644 3079 dixisset
2680 3023 2751 3079 ab
2787 3022 2943 3079 initio
2973 3041 2987 3079 :
3027 3021 3318 3095 Tamquam
3356 3024 3503 3081 olera

1881 3117 1997 3189 agri
2015 3116 2132 3170 dedi
2150 3116 2291 3172 vobis
2320 3116 2495 3171 onmia
2530 3113 2553 3189 (
2581 3113 2768 3171 Genes.
2810 3115 2866 3172 9.
2889 3115 2925 3171 5
2951 3115 2994 3187 ).
3040 3114 3116 3173 De
3141 3116 3266 3173 loco
3284 3131 3506 3188 quoque

1883 3208 2083 3264 multas
2105 3207 2253 3278 leges
2280 3208 2482 3272 sanxit.
2511 3221 2618 3263 non
2644 3206 2971 3278 permittens
2990 3206 3404 3278 ubique‘preces
3431 3208 3502 3264 ad

1883 3300 2057 3356 Deum
2082 3301 2379 3371 porrigere,
2402 3300 2650 3370 quamvis
2672 3314 2741 3356 ne
2769 3300 2875 3356 hoc
2887 3300 3110 3371 quidem
3131 3302 3508 3360 consuluisset

1884 3391 1955 3448 ab
1980 3392 2151 3447 initio.
2175 3391 2314 3461 Quin
2340 3391 2512 3449 etiam
2536 3392 2590 3446 in
2617 3391 2907 3449 Persarum
2932 3392 3155 3462 regione
3171 3394 3249 3465 (a)
3270 3394 3504 3450 Abrahae

1885 3482 2037 3538 visus
2063 3490 2183 3548 est,
2212 3482 2351 3560 etin
2394 3481 2683 3539 Palaestina
2716 3523 2734 3552 ,
2776 3491 2833 3538 et
2869 3482 3106 3555 ubique;
3135 3491 3192 3539 et
3218 3483 3351 3541 Mosi
3381 3495 3506 3557 post

1886 3573 2005 3630 hinc
2033 3575 2089 3629 in
2109 3573 2422 3631 solitudine.

1956 3666 2013 3722 2.
2041 3665 2181 3735 Quid
2204 3667 2373 3739 ergo?
2399 3666 2633 3739 inquies,
2663 3676 2999 3740 repugnetne
3024 3669 3243 3741 sibiipsi,
3261 3670 3506 3742 Scriptu-

1886 3776 1949 3817 ra
1980 3760 2185 3816 iAbsit
2214 3778 2228 3817 :
2256 3760 2352 3817 sed
2394 3761 2574 3816 omnia
2625 3776 2726 3832 pro
2775 3772 3022 3833 tempore
3066 3762 3410 3819 administrat
3450 3774 3509 3821 et

1887 3852 2167 3923 dispensat
2197 3851 2264 3907 ad
2295 3852 2583 3908 utilitatem
2609 3894 2625 3919 ,
2675 3854 3100 3927 uniuscujusque
3138 3857 3508 3928 generationis

1888 3946 2310 4003 imbecillitatem
2338 3947 2639 4016 corrigens.
2682 3947 2751 4002 Et
2775 3946 2899 4003 ideo
2929 3947 3022 4004 tibi
3048 3948 3267 4019 quidem
3293 3950 3503 4007 dictum

1888 4047 1990 4104 est,
2027 4037 2279 4093 Dominus
2310 4035 2448 4091 Deus
2467 4046 2585 4092 tuus
2600 4035 2855 4095 Dominus
2881 4055 3014 4095 unus
3040 4051 3132 4095 est.
3151 4041 3305 4108 Quod
3323 4050 3510 4098 autem

1890 4130 2089 4187 habeat
2114 4129 2280 4186 etiam
2312 4128 2507 4184 Filium
2535 4169 2552 4187 .
2582 4128 2864 4201 preplletae
2892 4131 2944 4187 ill
2973 4131 3129 4189 libris
3153 4133 3269 4188 suis
3290 4134 3511 4205 ρι’ωωί-

1891 4235 2109 4281 serunt:
2135 4237 2310 4293 neque
2333 4221 2490 4278 valde
2520 4231 2707 4293 aperte
2734 4222 2987 4279 dixerunt
3017 4266 3033 4291 ,
3063 4239 3133 4280 ne
3163 4234 3307 4281 tuam
3330 4224 3510 4283 oden-

1891 4317 2084 4374 derent
2110 4316 2569 4382 imbecillitatem;
2599 4331 2700 4372 nec
2724 4318 2971 4374 celarunt
2993 4359 3008 4383 ,
3032 4328 3089 4375 ut
3112 4328 3234 4391 post
3264 4318 3381 4375 hinc
3405 4319 3508 4376 da.-

1891 4418 2015 4467 rent
2054 4408 2149 4464 tibi
2193 4409 2373 4466 locum
2414 4408 2769 4479 resipiscendi
2796 4452 2811 4477 ,
2857 4421 2911 4466 et
2965 4428 3031 4468 ex
3085 4413 3317 4484 propriis
3354 4413 3513 4470 libris

1893 4501 2180 4573 colligendi
2210 4500 2465 4572 dogmata
2494 4501 2758 4557 veritatis.
2789 4501 3063 4563 haetiam
3105 4503 3341 4561 maxime
3382 4519 3513 4577 pro-

1893 4592 2093 4664 phetas
2118 4592 2416 4662 poterimus
2439 4591 2733 4662 prophetas
2754 4608 2875 4649 esse
2900 4592 3213 4663 ostendere,
3238 4603 3375 4652 etut
3404 4594 3513 4653 ﬁde

1894 4683 2117 4756 dignum
2145 4684 2216 4739 sit
2235 4682 2405 4738 Vetus
2436 4682 2848 4739 Testamentum
2871 4683 3110 4750 efﬁcere,
3144 4686 3362 4761 quando
3386 4704 3511 4744 cum

1894 4777 2147 4848 gentibus
2174 4774 2515 4831 disserimus.
2542 4774 2676 4830 Nam
2698 4775 2742 4831 si
2771 4775 2876 4831 hoc
2899 4777 3206 4845 sustuleris,
3236 4779 3513 4851 quomodo

1896 4884 1960 4925 os
1984 4866 2232 4940 gentibus
2262 4866 2551 4922 obstrues?
2596 4866 2737 4936 Quid
2778 4868 2924 4923 enim
2968 4867 3158 4925 dices?
3197 4870 3402 4927 exitum
3445 4886 3518 4929 ex:

1896 4959 2131 5033 Egypto
2150 5000 2166 5026 ,
2201 4966 2258 5014 et
2281 4974 2400 5029 quae
2427 4958 2495 5013 de
2522 4966 2575 5013 te
2600 4958 2857 5029 praedicta
2882 4961 3043 5016 sunt?
3069 4959 3177 5016 Sed
3203 4978 3266 5017 ea
3290 4978 3398 5019 non
3422 4964 3515 5021 ille

1898 5053 2168 5109 admittet.
2194 5051 2251 5108 Si
2277 5060 2458 5106 autem
2489 5052 2799 5106 narraveris
2846 5069 2966 5122 quin
3008 5053 3076 5110 dc
3123 5054 3341 5112 Christo
3370 5056 3523 5115 dicta

1899 5155 2027 5203 sunt
2053 5145 2109 5200 in
2142 5144 2358 5210 Veteri,
2391 5151 2446 5198 et
2470 5142 2778 5200 ostenderis
2801 5159 2983 5200 rerum
3015 5147 3297 5202 veritatem
3323 5151 3515 5205 testari

1901 5245 2156 5294 eventum
2185 5234 2487 5307 prophetiae
2520 5276 2536 5301 ,
2582 5248 2651 5290 ne
2679 5236 2885 5305 poterit;
2912 5236 3127 5307 quidem
3157 5240 3436 5296 resistere.
3462 5242 3518 5298 Si

1902 5338 2084 5384 autem
2107 5338 2292 5382 nostra
2321 5324 2710 5397 reprehendas,
2739 5344 2773 5383 o
2794 5325 3007 5395 Judzee,
3034 5332 3309 5400 quomodo
3352 5331 3519 5389 \‘ctus

1904 5424 2315 5480 Testamentum
2354 5418 2735 5479 defendes?Si
2761 5420 2890 5491 quis
2925 5421 3069 5476 enim
3118 5423 3215 5479 tibi
3260 5423 3457 5480 dixerit
3496 5447 3512 5483 :

1904 5513 2191 5586 Quomodo
2221 5522 2347 5569 sunt
2367 5527 2498 5567 vera
2528 5528 2649 5582 qua:
2670 5512 3088 5583 scripsitMoses
3113 5556 3129 5582 ,
3160 5516 3287 5587 quid
3319 5517 3471 5574 dices
3497 5519 3522 5573 ἲ

1971 5669 2047 5734 (a)
2078 5669 2333 5737 Familiare
2356 5667 2705 5737 Chrysost
2733 5666 3121 5737 e_st_(‘.lia|d:eam
3147 5673 3521 5737 etrnabylonem

196 5720 503 5786 Dominum,
533 5736 655 5775 cum
674 5729 861 5792 aperte
881 5719 1026 5776 dicat
1050 5720 1325 5792 Scriptura
1346 5741 1358 5778 :
1391 5721 1644 5779 Dominus
1663 5722 1803 5777 Deus
1896 5719 2162 5784 Ρεῖιξξιι-ιιέη
2186 5719 2669 5795 regiopém'vocarq.
2684 5729 2805 5795 [qu
2820 5729 3005 5783 inferas
3016 5719 3172 5785 mm;
3185 5719 3524 5789 383,555};

199 5823 303 5871 ιω
334 5814 598 5871 omnim
623 5830 753 5870 unus
786 5824 899 5882 εει,
926 5825 972 5869 ει
1001 5830 1113 5869 eum
1141 5816 1309 5871 solum
1336 5816 1509 5881 σοίεε.
1542 5827 1589 5870 ετ
1612 5821 1806 5882 prater
1902 5789 3384 5882 ξιξείιυηεῇξξειίἱπὶέρ,ξοξὲςλοίὲᾷῖεξιὲιρεξιέιςξέξὲίέξξπξιθξρ999
3410 5801 3524 5882 {sive

198 5907 354 5981 ipsum
382 5925 488 5965 non
517 5915 591 5964 est
619 5906 761 5967 Deus
798 5907 819 5981 (
848 5907 999 5963 Deut.
1030 5908 1083 5966 6.
1116 5910 1168 5966 4.
1202 5909 1286 5967 15.
1313 5919 1423 5965 etc.
1457 5910 1509 5966 l.
1544 5925 1589 5965 υ.
1615 5909 1686 5966 33
1718 5905 1739 5980 )
1772 5910 1796 5962 ?

84 6222 97 6243 ν
208 6224 235 6247 οιγ
266 6226 331 6251 ἠν..
430 6208 449 6257 γ’
544 6232 547 6235 .

84 6258 477 6327 Iasii-cinae“
498 6282 505 6309 έ

1909 5855 2047 5908 inter
2065 5855 2215 5907 dubia
2239 5855 2435 5908 locanda
2460 5867 2602 5917 esse,
2620 5855 2750 5917 quod
2776 5856 2841 5905 ibi
2865 5855 3262 5909 Sehnacheribus
3284 5874 3376 5911 rex
3413 5870 3525 5912 Per-

1911 5934 2073 5972 sarum
2089 5918 2305 5977 dicatur;
2330 5918 2420 5971 scd
2440 5915 2547 5967 alia:
2571 5915 2778 5970 subsunt
2799 5918 2863 5970 de
2888 5917 2985 5970 illis
3006 5920 3259 5973 dubitandi
3282 5924 3529 5977 rationes.
