4156 6410
703 355 803 415 ειη-ι

1448 363 1502 419 S.
1538 363 1818 419 JOANNIS
1856 363 2330 419 CIIRYSOSTOMI
2369 366 2684 424 ARCﬂIEP.
2727 372 3263 434 CONSTANTINOP.

698 477 832 544 Quia
858 479 945 549 [eis
970 468 1321 531 credidimus.
1365 476 1531 531 Multo
1574 478 1743 547 magis
1784 488 1914 545 ergo
1943 487 2126 531 nostra
2172 491 2295 530 vera

696 577 820 622 sunt
854 584 868 621 :
926 578 1049 623 nam
1084 560 1196 623 ’nos
1233 584 1447 639 quoque
1494 569 1821 623 credidimus
1860 585 1873 633 ;
1930 577 1983 623 et
2024 583 2120 622 vos
2176 569 2297 639 qui-

697 660 819 715 dem
842 662 972 716 estis
996 676 1098 715 una
1120 674 1272 731 gens,
1301 676 1400 717 ncs
1425 670 1602 715 autem
1636 660 1916 715 uniVersus
1942 657 2091 713 orbis
2121 670 2296 712 terra-

3901 392 4019 449 268

2411 495 2549 535 unus
2573 524 2589 545 ,
2615 494 2697 539 est
2727 486 2967 553 ejusdem
2998 494 3143 560 regni
3174 493 3392 548 honoris
3419 499 3715 567 inqualitas.
3739 502 4017 570 Quocirca

2404 571 2603 629 Paulus
2623 592 2834 647 quoque
2859 580 3100 635 dicebat:
3129 584 3230 651 Qui
3255 585 3378 653 facit
3406 589 3609 658 angelos
3625 607 3743 646 suos
3766 596 4016 662 spiritus,

2402 673 2449 715 et
2478 666 2732 720 ministros
2774 684 2891 721 suos
2931 663 3193 739 ﬂammam
3232 678 3383 747 ignis.
3419 680 3502 731 Ad
3553 679 3745 736 Filium
3793 696 3970 739 autern
3996 704 4019 740 :

700 768 818 807 rum
852 794 867 818 ,
901 754 1159 824 vobisque
1200 766 1308 807 non
1354 753 1435 807 sic
1477 754 1741 821 persuasit
1785 751 1960 806 Moses
1984 794 2001 815 ,
2046 759 2103 804 ut
2141 749 2296 804 nobis
2406 752 2637 811 Thronus
2666 769 2802 825 tuus,
2832 759 2985 825 Deus,
3012 764 3065 816 in
3080 768 3514 824 mculttmstzcttli
3537 770 3722 841 (Hebr.
3749 775 3798 829 ί.
3830 775 3883 829 7.
3917 777 4013 846 8).

692 842 983 898 Christus:
1012 858 1077 897 ac
1125 848 1299 897 vestra
1330 841 1542 912 quidem
1571 850 1890 906 cessarunt,
1933 851 2114 896 nostra
2162 855 2291 895 vero

694 941 856 987 stant.
901 934 984 987 An
1022 948 1087 987 es
1118 933 1599 1002 praedictionibth
1626 932 1733 987 Sed
1768 933 1954 1003 plures
1989 942 2113 987 sunt
2149 932 2290 1000 apud

691 1034 810 1079 nos.
840 1021 1030 1078 Nostra
1050 1036 1179 1094 ergo
1205 1024 1252 1077 si
1275 1024 1560 1079 sustuleris
1583 1063 1600 1089 ,
1630 1024 1733 1078 tuis
1764 1025 2007 1077 umbram
2034 1022 2288 1077 oﬂundis.

2403 844 2477 901 Ita
2507 848 2666 903 etiam
2698 849 2883 905 Daniel
2930 852 3073 908 videt
3117 856 3419 912 universam
3449 862 3663 930 quidem
3692 844 4010 921 creaturas!

2400 942 2774 1008 assistentem,
2834 955 2889 999 et
2958 948 3178 1017 angelos
3242 960 3296 1004 et
3356 951 3744 1023 archangelos,
3798 955 4012 1013 Filium

2398 1043 2575 1086 autem
2599 1035 2830 1089 hominis
2847 1038 3148 1093 venientem
3172 1041 3223 1093 in
3247 1042 3495 1111 nubibus,
3516 1054 3569 1099 et
3594 1050 4013 1113 pervenientem

696 1119 778 1170 An
804 1132 873 1173 ex
904 1116 1070 1186 signis
1093 1116 1118 1168 τ
1138 1116 1241 1171 Sed
1264 1126 1359 1170 vos
1386 1116 1601 1186 quidem
1632 1116 1792 1170 Hosis
1838 1116 2039 1169 nultum
2070 1118 2291 1186 potestis
2399 1136 2564 1191 usque
2586 1125 2652 1178 ad
2677 1128 2949 1194 antiquum
2969 1130 3175 1183 dierum
3208 1131 3365 1199 (Dan.
3398 1128 3473 1203 7).
3493 1136 3647 1200 Quod
3678 1140 3721 1190 si
3752 1142 4011 1197 nonnulli

691 1206 903 1276 signum
934 1207 1250 1260 ostendere:
1284 1204 1382 1259 fuit
1402 1207 1543 1260 enim
1569 1248 1583 1269 ,
1612 1216 1665 1260 et
1699 1208 1945 1271 transiit;
1979 1222 2078 1261 nos
2107 1219 2287 1261 autem

692 1295 891 1351 Christi
929 1299 1092 1351 multa
1133 1306 1185 1351 et
1222 1297 1433 1351 diversa
1478 1313 1595 1366 qua:
1632 1297 1809 1351 adhuc
1836 1312 1977 1351 nunc
2020 1300 2151 1350 tiunt
2179 1339 2193 1361 ,
2226 1314 2288 1351 ac

686 1386 1059 1455 praedictiones
1087 1388 1170 1441 vel
1214 1389 1328 1442 sole
1365 1389 1644 1442 clariores.
1679 1390 1759 1441 An
1788 1403 1851 1441 ex
1883 1389 2088 1443 leuibus
2116 1391 2137 1441 ἲ
2180 1390 2283 1444 Sed

685 1487 883 1531 nostris
905 1477 1023 1545 plus
1054 1477 1106 1530 in
1132 1493 1189 1530 se
1212 1479 1488 1531 continent
1510 1479 1799 1539 sapientim.
1827 1472 1932 1532 Sed
1960 1480 2084 1547 quid
2112 1479 2135 1531 ?
2166 1495 2285 1547 pro-

596 1610 599 1611 ν
692 1564 1298 1635 hibentibusEgyptiis
1330 1572 1533 1637 egressi
1577 1569 1707 1622 estis
1733 1568 1757 1619 Ἰ
1787 1569 1891 1623 Sed
1920 1586 2024 1622 non
2058 1570 2278 1637 perinde

684 1664 771 1709 est
800 1655 986 1709 orbe'm
1016 1662 1281 1711 terrarum
1314 1656 1601 1711 bellantem
1630 1673 1935 1728 superasse,
1954 1671 2112 1728 atque
2140 1661 2284 1714 solos

681 1736 967 1816 Egyptios
1003 1747 1221 1802 vicisse.
1274 1747 1341 1802 Et
1388 1747 1505 1807 inec
1550 1750 1671 1804 dico
1699 1794 1711 1813 ,
1750 1766 1854 1804 non
1882 1760 1937 1804 ut
1958 1750 2124 1805 "elus
2153 1768 2273 1806 cum

685 1835 837 1891 Novo
880 1838 1247 1892 committam:
1270 1837 1445 1893 absit:
1479 1838 1576 1894 sed
1614 1840 1941 1908 ingratorum
1970 1841 2278 1896 Judmorum

680 1927 868 1982 volens
891 1943 953 1983 os
971 1929 1273 1984 obstruere.
1295 1928 1428 1983 Nam
1450 1938 1505 1985 et
1533 1931 1648 1985 haec
1668 1941 1721 1985 et
1752 1934 1836 1986 illa
1860 1933 1927 1987 ab
1946 1934 2137 1987 eodem
2170 1934 2278 1989 Deo

678 2020 799 2073 data
830 2029 883 2074 et
909 2018 1046 2074 facta
1076 2028 1222 2073 sunt.
1250 2019 1356 2074 Sed
1378 2020 1510 2075 illud
1538 2020 1661 2075 volo
1688 2023 1950 2092 probare,
1982 2022 2231 2078 Judaeum
2257 2066 2273 2091 ,

678 2108 903 2164 sublatis
945 2109 1015 2163 de
1060 2109 1276 2165 Christo
1314 2110 1608 2181 prophetiis
1637 2152 1653 2178 ,
1700 2121 1950 2169 evertere
1992 2114 2279 2169 maximam

682 2210 889 2269 partem
945 2200 1345 2271 prophetiarum
1370 2244 1385 2268 ,
1420 2218 1519 2258 nec
1561 2218 1719 2273 posse
1770 2216 1954 2275 aperte
1995 2208 2279 2263 ostendere

679 2290 1247 2349 nobilitatem,Veteris
1265 2334 1282 2361 ,
1307 2294 1411 2347 ttisi
1441 2292 1646 2349 Novum
1680 2295 1980 2351 admiserit.
2000 2298 2152 2365 Quod
2179 2315 2277 2353 au-

682 2391 789 2437 tem
819 2382 933 2437 luce
959 2398 1066 2438 non
1086 2384 1154 2439 de
1176 2384 1394 2439 homine
1420 2385 1561 2441 dicta
1594 2386 1726 2453 sint,
1752 2396 1806 2442 et
1830 2403 1897 2443 ex
1927 2404 1994 2444 eo
2024 2391 2167 2460 quod
2198 2392 2280 2446 di-

677 2480 849 2538 catur,
878 2472 1015 2528 Sede
1041 2490 1073 2527 a
1102 2473 1295 2530 dextris
1314 2476 1438 2531 meis
1456 2518 1471 2543 ,
1494 2487 1551 2533 et
1572 2478 1716 2548 quod
1748 2480 2057 2535 nominetur
2084 2482 2269 2537 Demi-

679 2579 783 2617 nus
807 2578 961 2633 teque
988 2578 1053 2635 ac
1073 2564 1332 2621 Dominus
1360 2566 1451 2622 ille
1471 2568 1561 2636 qui
1587 2566 1713 2622 dicit
1736 2600 1751 2635 ς
1775 2578 1828 2623 et
1858 2569 2000 2638 quod
2023 2587 2088 2625 es
2119 2581 2270 2628 utero

675 2664 803 2709 ante
827 2653 1105 2708 luciferum
1123 2655 1448 2725 sitgenitus,
1480 2666 1537 2713 et
1564 2672 1631 2712 ex
1656 2673 1722 2712 eo
1744 2650 1886 2727 quod
1912 2661 1981 2714 sit
2010 2661 2263 2717 sacerdos

677 2742 969 2799 secundum
1020 2744 1265 2822 ordinem
1322 2745 1677 2802 Melchisedec
1700 2789 1716 2815 ,
1748 2757 1803 2803 et
1844 2764 1908 2804 ex
1940 2766 2007 2806 eo
2030 2752 2171 2821 quod
2194 2751 2277 2808 di-

675 2836 814 2890 citur
836 2868 853 2902 ,
881 2833 1072 2891 Tecum
1110 2836 1421 2907 principium
1458 2847 1632 2908 tuum,
1674 2839 1739 2895 iis
1778 2840 1869 2910 qui
1920 2843 2133 2912 sapiunt
2164 2843 2276 2899 cla-

674 2932 794 2983 rum
816 2936 918 2984 est.

744 3017 999 3075 Adversus
1030 3017 1261 3077 Paulum
1302 3021 1695 3077 Samosatenum
1733 3034 1782 3080 et
1808 3034 1987 3080 contra
2025 3026 2269 3083 Arianos.

680 3139 754 3152 -
784 3110 939 3179 Quod
964 3113 1009 3168 si
1034 3112 1171 3169 alius
1190 3112 1345 3168 nobis
1370 3128 1556 3169 rursus
1575 3126 1813 3187 emergat
1839 3116 2080 3185 Judaeus,
2118 3117 2275 3174 Chri-

675 3202 835 3259 stiani
860 3213 1145 3273 personam
1169 3203 1489 3274 suscipiens,
1522 3203 1724 3261 Paulus
1749 3247 1766 3273 ,
1798 3207 2014 3277 inquam
2032 3251 2048 3276 ,
2073 3208 2269 3264 Samo-

671 3301 891 3349 satenus
909 3334 928 3361 ,
960 3301 1140 3364 potest
1165 3294 1383 3365 quidem
1422 3295 1586 3350 etiam
1624 3296 1886 3353 adversus
1912 3313 2039 3355 eum
2067 3300 2173 3355 dici
2200 3317 2267 3356 ex

670 3382 840 3439 Novo.
865 3382 975 3440 Sed
1000 3399 1068 3440 ne
1082 3382 1361 3440 videamur
1389 3385 1592 3441 relictis
1619 3390 1977 3456 praesentibus
2004 3390 2072 3445 ad
2096 3392 2259 3448 aliam

675 3475 813 3532 aciei
841 3483 1045 3547 partem
1077 3477 1305 3532 transire
1326 3516 1343 3544 ,
1386 3492 1509 3532 eum
1540 3478 1665 3534 hinc
1689 3492 1904 3552 quoque
1926 3481 2264 3551 impetamus.

670 3560 809 3633 Quid
851 3568 897 3621 is
925 3581 1054 3637 ergo
1078 3564 1208 3622 dicit
1236 3566 1260 3622 τ
1306 3567 1478 3623 Homo
1502 3578 1615 3635 est,
1643 3569 1845 3640 inquit,
1877 3572 2219 3630 solummodo
2251 3593 2267 3631 :

667 3669 724 3715 et
747 3674 817 3715 ex
842 3674 951 3730 quo
973 3674 1041 3715 ex
1068 3658 1231 3715 Maria
1260 3669 1414 3717 natus
1442 3670 1547 3728 est,
1578 3670 1646 3717 es
1673 3662 1765 3718 illo
1791 3672 2036 3734 tempore
2065 3674 2268 3722 tantum

668 3752 904 3808 exsistit.
921 3751 1061 3821 Quid
1088 3766 1240 3823 ergo,
1257 3751 1365 3820 die,
1396 3768 1600 3823 quzeso,
1622 3753 1771 3810 dices
1791 3754 1861 3810 ad
1890 3755 2021 3811 illud
2044 3756 2264 3824 dictum,

666 3843 807 3915 quod
839 3842 1028 3900 habet:
1058 3844 1145 3898 Ea:
1169 3855 1312 3899 utero
1338 3855 1457 3899 ante
1482 3843 1755 3915 luciferum
1782 3847 1935 3917 genui
1960 3848 2054 3902 te?
2100 3848 2270 3918 Opor-

668 3941 747 3990 tet
772 3942 950 3990 autem
976 3934 1099 4000 alia,
1130 3946 1251 4005 quas
1276 3945 1463 3990 contra
1488 3934 1707 3991 Judaeos
1730 3936 1873 3992 dicta
1904 3945 2032 3993 sunt
2048 3979 2064 4005 ,
2100 3940 2265 3995 etiam

668 4036 854 4082 contra
882 4036 977 4081 eos
1001 4025 1205 4091 dicere,
1232 4029 1321 4097 qui
1345 4028 1414 4081 ab
1441 4038 1508 4083 eo
1528 4038 1926 4098 processerunt.
1958 4023 2069 4087 Nec
2097 4048 2194 4089 nos
2209 4033 2267 4088 in

666 4132 826 4174 causa
850 4132 1056 4184 sumus,
1085 4116 1179 4171 sed
1208 4116 1262 4171 hi
1289 4116 1389 4187 ipsi
1414 4117 1503 4188 qui
1532 4114 1730 4173 habent
1758 4127 1879 4174 cum
1907 4120 1986 4176 eis
2015 4134 2262 4193 magnam

666 4206 975 4277 dogmatttm
1022 4207 1393 4276 cogitationem
1424 4224 1438 4261 :
1469 4206 1614 4263 unde
1656 4208 1819 4263 etiam
1868 4210 2070 4265 eisdem
2101 4215 2267 4268 armis

664 4297 719 4351 in
741 4311 835 4351 eos
865 4304 1096 4352 utemur.
1113 4283 1223 4351 Eos
1244 4297 1410 4363 enim,
1429 4298 1524 4368 qui
1546 4298 1795 4354 similiter
1822 4300 2018 4356 bellum
2045 4308 2262 4373 gerunt,

666 4398 880 4460 oportet
902 4390 1104 4446 eisdem
1127 4382 1321 4460 jacuiis
1345 4388 1653 4446 confodere.
1677 4392 1811 4460 Quid
1840 4395 1999 4462 igitur
2027 4396 2129 4451 sibi
2156 4398 2266 4452 vult

666 4482 844 4537 throni
875 4481 1144 4537 societas?
1174 4476 1272 4537 Hic
1297 4482 1441 4537 enim
1470 4482 1769 4538 ostenditur
1800 4484 2017 4541 honoris
2045 4490 2266 4557 :equalis

664 4578 747 4628 tas
769 4612 788 4638 ,
834 4572 978 4643 quod
1028 4574 1160 4628 satis
1198 4583 1282 4629 est
1322 4574 1387 4628 ad
1416 4573 1799 4631 obstruendum
1828 4588 1889 4631 os
1918 4580 2258 4637 Arianorum.

665 4658 735 4719 Et
771 4663 891 4719 ideo
932 4664 1177 4719 ChristtIs
1218 4674 1402 4719 contra
1444 4658 1661 4723 Iudaeos
1701 4668 1941 4723 dicentes
1983 4671 2254 4727 Christum

662 4766 785 4812 esse
821 4756 985 4812 illium
1024 4757 1187 4812 David
1219 4758 1527 4828 Subiunxit:
1560 4760 1827 4828 Quomodo
1854 4780 1973 4834 ergo
2018 4765 2184 4819 David
2208 4769 2261 4821 in

664 4842 867 4915 Spiritu
903 4858 1047 4902 vocat
1090 4865 1203 4903 eum
1241 4840 1559 4915 Dominum,
1592 4852 1799 4905 dicens:
1824 4853 1968 4908 Dixit
2011 4849 2262 4914 Dominus

668 4939 890 4995 Domino
911 4956 1043 5007 meo,
1075 4938 1461 4998 Sedeadextris
1486 4944 1609 4997 meis
1640 4943 1851 5014 (Matth.
1882 4948 1970 5001 2‘3.
2002 4948 2089 5006 45.
2123 4948 2261 5018 M)?

663 5025 862 5087 Paulus
888 5042 1065 5088 autem
1081 5034 1149 5088 de
1172 5035 1468 5087 mconomia
1500 5044 1681 5103 postea
1710 5044 1939 5092 tractans
1960 5038 2143 5111 (Hebr.
2176 5030 2257 5111 Ἰ),

660 5132 719 5181 et
747 5139 865 5179 eam
894 5126 1130 5193 apertius
1161 5127 1516 5195 interpretans
1550 5168 1565 5193 ,
1596 5137 1652 5182 et
1692 5127 1941 5186 Marcioni
1986 5144 2039 5187 et
2088 5135 2259 5189 Mani-

662 5217 837 5283 chao,
869 5221 923 5273 et
948 5218 1011 5273 iis
1034 5220 1389 5287 omnibus-qui
1418 5219 1577 5273 simili
1604 5221 1793 5275 morbo
1816 5223 2260 5289 laborant,.letale

662 5309 856 5365 vulnus
884 5306 1073 5381 inﬂigit
1096 5328 1108 5365 :
1133 5310 1517 5379 interpretator
1540 5311 1683 5365 enim
1700 5326 1823 5367 cum
1844 5330 1907 5370 ea
1932 5332 2033 5387 qua
2056 5334 2152 5387 par
2174 5332 2259 5375 est

663 5399 965 5470 prudentia,
994 5400 1262 5471 quomodo
1286 5400 1383 5455 fuit
1404 5402 1656 5457 sacerdos
1685 5406 1978 5461 secundum
2008 5410 2252 5465 ordinem

672 5481 1054 5553 Melchisedec.
1094 5490 1202 5545 Nos
1241 5498 1419 5546 autem
1474 5508 1661 5549 rursus
1696 5494 1763 5549 ad
1807 5500 2137 5567 propositum
2169 5518 2256 5558 re—

662 5583 950 5637 Vertamur.
976 5578 1117 5635 Dixit
1142 5580 1394 5637 Dominus
1418 5581 1636 5639 Domino
1662 5602 1772 5640 meo
1791 5628 1804 5650 .
1837 5588 1971 5645 Sede
1998 5610 2031 5645 a
2060 5594 2255 5651 dextris

664 5673 807 5726 dteis.
858 5670 1042 5727 Vidisti
1094 5673 1451 5749 aequalitatem
1504 5674 1723 5732 honoris
1754 5677 1779 5729 ἲ
1819 5677 1919 5733 Ubi
1970 5684 2112 5737 enim
2171 5698 2255 5742 est

667 5765 932 5834 thronus.
963 5764 1069 5823 illic
1111 5775 1193 5825 est
1231 5766 1440 5840 signum
1467 5768 1656 5839 regni:
1690 5768 1775 5825 ubi
1821 5782 1998 5828 autem
2030 5774 2249 5837 thronus

2395 1215 2736 1272 oli‘endantur
2763 1236 2825 1274 ex
2859 1236 2924 1274 eo
2947 1224 3086 1291 quod
3107 1225 3185 1278 sic
3214 1227 3473 1290 dicamus,
3500 1230 3720 1284 audiant
3749 1249 3871 1287 eum
3904 1250 4009 1290 se-

2393 1309 2521 1363 dere
2558 1326 2586 1363 a
2615 1311 2819 1367 dextris
2844 1356 2859 1379 ,
2888 1326 2941 1368 et
2969 1314 3218 1370 desinant
3261 1317 3481 1374 oﬁ'endi.
3528 1322 4006 1387 Quemadmodum

2394 1402 2535 1454 enim
2566 1416 2661 1457 nos
2691 1419 2795 1458 non
2827 1406 3053 1461 dicimus
3085 1424 3207 1462 eum
3249 1425 3369 1464 esse
3405 1411 3561 1466 Patre
3589 1416 3847 1481 majOrem
3879 1458 3895 1481 ,
3925 1433 4006 1469 eo

2391 1493 2533 1561 quod
2563 1510 2591 1547 a
2620 1494 2822 1551 dextris
2844 1497 3062 1563 sedeat,
3090 1510 3208 1568 quae
3251 1503 3480 1556 maxime
3508 1502 3799 1559 honoriﬁca
3828 1508 4003 1562 sedes

2391 1597 2508 1641 est:
2533 1588 2601 1641 ita
2634 1602 2733 1644 nec
2762 1600 2815 1644 tu
2853 1606 2976 1645 eum
3016 1592 3278 1647 minorem
3309 1604 3363 1647 et
3393 1594 3699 1651 inferiorem
3742 1597 3946 1652 dixeris
3980 1638 4001 1665 ,

2388 1679 2487 1734 sed
2513 1679 2717 1737 honore
2753 1698 2932 1752 parem
2956 1694 3010 1738 et
3036 1686 3316 1755 aequalem.
3345 1686 3399 1741 Id
3422 1690 3563 1741 enim
3595 1690 3861 1758 signiﬁcat
3887 1707 3997 1745 so-

2388 1773 2554 1827 cietas
2580 1775 2858 1829 sessionis.
2891 1774 3067 1831 Donec
3093 1795 3280 1848 ponam
3308 1778 3540 1834 inimicos
3564 1790 3680 1835 tuos
3709 1782 4002 1836 seobelluns

2389 1867 2575 1934 pedum
2600 1877 2820 1922 tuorum.
2846 1868 2913 1923 Et
2940 1870 3156 1939 quinam
3178 1880 3303 1925 sunt
3328 1870 3574 1927 inimici?
3594 1872 3729 1926 Audi
3762 1871 3997 1927 Paulum

2387 1959 2653 2014 dicentem
2677 1978 2689 2013 :
2723 1955 2975 2014 Primitia:
3002 1958 3232 2015 Christus
3257 1977 3277 2015 :
3304 1962 3487 2015 deinde
3524 1964 3610 2031 qui
3653 1963 3844 2017 Christi
3866 1972 4002 2019 sunt

2386 2052 2439 2104 in
2466 2054 2682 2106 adventu
2702 2054 2833 2123 ejus,
2851 2054 3033 2106 deinde
3060 2053 3197 2119 ﬁnis.
3217 2052 3429 2123 Oportet
3456 2054 3591 2107 enim
3617 2070 3730 2109 eum
3749 2072 3993 2126 regnare,

2388 2150 2650 2211 quousque
2676 2144 2900 2211 posuerit
2925 2158 3099 2198 omnes
3120 2144 3352 2198 inimicos
3371 2160 3491 2199 suos
3515 2147 3607 2199 sub
3644 2146 3854 2215 pedibus
3882 2166 3921 2200 ε’
3955 2150 3997 2203 ’s

2391 2234 2468 2303 (ι.
2499 2232 2616 2289 Cor.
2641 2234 2724 2289 15.
2754 2234 2974 2303 25-25).

2456 2326 2508 2379 5.
2564 2324 2753 2380 Vidisti
2785 2326 3211 2395 propheticorum
3244 2336 3297 2381 et
3323 2327 3738 2395 apostolicormn
3778 2332 3983 2386 verbo-

2387 2434 2503 2473 rum
2530 2430 2849 2473 concentum
2880 2428 2934 2473 et
2952 2418 3339 2474 concordiam?
3365 2419 3477 2474 lliic
3498 2422 3640 2475 enim
3667 2421 3797 2477 dicit
3827 2444 3840 2478 :
3868 2423 3990 2479 Do-

2385 2527 2474 2563 nec
2499 2525 2684 2580 ponam
2706 2510 2938 2563 inimicos
2962 2520 3075 2563 tuos
3111 2510 3387 2564 scabellum
3416 2514 3595 2577 pedum
3627 2521 3827 2566 tuorum
3845 2531 3865 2579 ;
3898 2514 3994 2570 hic

2384 2616 2546 2655 vero:
2580 2602 2853 2669 Quousque
2882 2601 3104 2669 posuerit
3132 2616 3306 2655 attines
3330 2602 3563 2655 inimicos
3584 2614 3717 2658 tuos.
3745 2604 3852 2659 Sed
3882 2620 3993 2661 ηοε-

2380 2706 2485 2761 que
2526 2692 2635 2745 illic
2678 2691 2805 2746 illud
2851 2692 3043 2758 Donec,
3088 2708 3263 2763 neque
3289 2692 3376 2749 hic
3406 2693 3510 2749 hoc
3528 2695 3830 2773 Quousque,
3856 2702 3995 2754 sunt

2382 2784 2595 2839 termini
2618 2792 2938 2853 temporum.
2970 2784 3249 2849 Quomodo
3276 2784 3420 2841 enim
3459 2787 3667 2840 steterit
3691 2786 3820 2841 illud
3848 2802 3989 2857 pro-

2381 2877 2652 2946 pheticum
2680 2876 2823 2932 auod
2848 2877 3008 2931 dicit:
3029 2874 3271 2931 Potestas
3296 2878 3427 2947 ejus,
3452 2888 3673 2946 potestas
3694 2889 3911 2945 eterna,
3936 2893 3992 2935 et

2378 2980 2589 3039 regnum
2635 2969 2767 3039 ejus,
2809 2978 3018 3037 regnum
3059 2967 3196 3038 quod
3232 2983 3335 3022 non
3373 2970 3571 3039 peribit,
3601 2983 3649 3023 et
3689 2971 3835 3041 regni
3870 2973 3993 3043 ejus

2384 3070 2485 3113 non
2513 3060 2607 3113 erit
2646 3060 2767 3127 finis
2798 3057 2972 3130 (Dan.
2998 3061 3052 3114 7.
3086 3060 3148 3114 ii
3176 3076 3191 3125 ;
3217 3058 3347 3113 Luc.
3379 3061 3432 3115 1.
3460 3062 3572 3133 54)
3598 3079 3611 3115 :
3638 3062 3685 3116 si
3709 3062 3775 3117 ad
3801 3078 3868 3118 ea
3893 3080 3991 3119 us-

2378 3167 2481 3222 que
2524 3160 2764 3221 tempora
2791 3150 2861 3205 sit
2898 3152 3255 3221 regnaturus?
3289 3151 3448 3207 Vides
3478 3167 3586 3208 nou
3612 3167 3734 3209 esse
3776 3153 3989 3209 solum-a

2380 3242 2543 3299 modo
2576 3242 2930 3298 attendendas
2968 3242 3255 3311 dictiones,
3286 3245 3380 3298 sed
3420 3259 3541 3300 esse
3580 3244 3989 3301 ascendendunt

2380 3333 2449 3388 ad
2489 3333 2945 3404 intelligentiam?
2987 3333 3067 3388 Tu
3109 3343 3289 3389 autem
3318 3348 3439 3391 cum
3475 3336 3626 3390 audis
3661 3337 3987 3407 prophetam

2376 3425 2664 3490 dicentem,
2704 3425 2916 3480 Patrem
2957 3439 3158 3496 ponere
3202 3426 3303 3481 sub
3355 3426 3577 3496 pedibus
3617 3429 3754 3499 ejus,
3791 3445 3862 3484 ne
3908 3446 3984 3487 ex

2375 3532 2443 3573 eo
2471 3517 2825 3573 conturberis.
2859 3515 3046 3588 Neque
3083 3519 3227 3573 enim
3268 3518 3383 3575 haec
3413 3519 3553 3575 dicta
3582 3532 3707 3576 sunt
3735 3522 3878 3592 quod
3905 3524 3986 3580 sit

2376 3607 2672 3663 imbecillus
2698 3606 2883 3662 Filius.
2910 3608 3103 3663 Paulus
3128 3610 3273 3665 enim
3302 3610 3536 3666 ostendit
3556 3602 3749 3667 Filium
3771 3627 3983 3683 ponere

2375 3699 2625 3755 inimicos
2673 3700 2774 3754 sub
2827 3698 3051 3770 pedibus
3107 3701 3245 3770 suis,
3302 3701 3522 3758 dicens:
3573 3701 3787 3773 Oportet
3837 3704 3981 3759 enim

2374 3808 2489 3847 eum
2528 3808 2740 3864 regnare
2765 3808 3025 3865 quousque
3062 3805 3217 3863 ponat
3252 3795 3483 3851 inimicos
3508 3796 3600 3851 sub
3626 3797 3838 3864 pedibus
3862 3800 3976 3854 suis

2376 3883 2396 3956 (
2428 3886 2479 3939 i.
2507 3884 2623 3938 Cor.
2655 3886 2743 3939 14.
2785 3884 2857 3939 23
2888 3888 2931 3953 ).
2975 3885 3043 3941 Et
3088 3901 3276 3941 rursus
3312 3888 3363 3942 ei
3405 3902 3619 3958 quoque
3658 3888 3976 3944 universum

2375 3978 2555 4032 tribuit
2580 3976 2800 4033 dicens:
2836 3978 3055 4046 Quando
3092 3978 3359 4033 tradiderit
3395 3995 3609 4050 regnum
3650 3978 3757 4035 Deo
3782 3990 3831 4034 et
3861 3978 3977 4036 Pa-

2372 4071 2457 4136 tri,
2502 4070 2707 4139 quando
2753 4070 2994 4124 delcverit
3041 4087 3243 4125 onmem
3297 4080 3594 4141 potestatem
3642 4081 3689 4126 et
3732 4072 3975 4127 virtutem

2374 4160 2537 4232 (ibid.
2571 4174 2620 4215 υ.
2651 4161 2723 4216 24
2747 4160 2790 4231 ).
2821 4161 2937 4217 Hoc
2963 4172 3047 4217 est
3072 4203 3087 4224 ,
3115 4162 3341 4230 Quando
3366 4177 3587 4233 regnum
3619 4172 3763 4219 recte
3792 4163 3977 4219 admi-

2373 4253 2699 4321 nistraverit,
2740 4268 2958 4309 cessare
2995 4254 3207 4309 curabit
3229 4268 3447 4309 omnem
3480 4262 3819 4325 potestatem.
3854 4252 3973 4310 [ioc

2370 4346 2513 4398 enim
2543 4344 2643 4398 sibi
2672 4346 2789 4399 vult
2810 4345 2963 4409 illud,
2983 4357 3290 4415 καταργήσει.
3307 4344 3461 4413 Quod
3482 4354 3660 4400 autem
3690 4344 3821 4400 dicit
3848 4347 3973 4401 uni-

2371 4452 2580 4491 versum
2610 4437 2725 4506 ejus
2746 4452 2889 4505 esse,
2910 4439 3119 4493 Patrem
3146 4439 3215 4494 ab
3235 4440 3351 4509 ipso
3376 4453 3483 4493 non
3513 4448 3723 4509 separat
3746 4442 3850 4511 (α),
3870 4440 3970 4496 sic

2370 4529 2446 4581 uti
2478 4544 2578 4583 nec
2601 4528 2794 4584 Filium
2829 4545 2857 4582 a
2903 4530 3063 4585 Patre
3096 4530 3305 4586 dividit.
3332 4530 3463 4598 Quae
3489 4532 3633 4586 enim
3654 4540 3780 4587 sunt
3801 4532 3965 4602 illius,

2370 4630 2495 4674 sunt
2525 4622 2679 4691 hujus
2706 4639 2719 4675 :
2756 4630 2814 4676 et
2850 4638 2969 4691 qua:
3006 4632 3133 4677 sunt
3161 4623 3320 4691 hujus
3342 4665 3358 4689 ,
3386 4632 3513 4679 sunt
3542 4623 3701 4678 illius.
3731 4624 3801 4679 Et
3841 4626 3967 4681 ideo

2368 4711 2525 4767 dicit:
2548 4704 2735 4766 omnia
2770 4731 2879 4767 mea
2911 4724 2996 4767 tua
3020 4726 3172 4781 sunt,
3195 4724 3243 4769 et
3271 4725 3357 4769 tua
3382 4732 3494 4769 mea
3532 4716 3712 4785 (Joan.
3736 4718 3822 4773 Π.
3850 4719 3965 4789 10).

2373 4805 2597 4873 Quando
2626 4821 2757 4876 ergo
2794 4806 3027 4860 audieris
3071 4807 3284 4863 Patrem
3327 4807 3644 4877 subjecisse.
3677 4824 3746 4864 ne
3774 4811 3965 4865 existi-

2368 4911 2482 4951 mes
2507 4896 2806 4967 sejunctum
2834 4912 2954 4951 esse
2981 4896 3171 4952 Filium
3211 4899 3279 4953 ab
3300 4914 3367 4953 eo
3398 4901 3659 4969 prwclaro
3688 4901 3925 4958 facinore
3948 4920 3963 4956 ι

2367 4998 2419 5041 ct
2456 4989 2499 5041 si
2542 4990 2803 5059 intelligas
2850 4987 3041 5041 Filium
3085 4990 3396 5058 subjecisse,
3448 5004 3516 5045 ne
3559 4992 3707 5046 dicas
3748 4991 3962 5047 Patrem

2366 5094 2485 5133 esse
2524 5081 2591 5132 ah
2632 5082 2713 5134 his
2747 5081 3004 5135 alienum.
3032 5088 3163 5148 Quae
3189 5083 3333 5136 enim
3367 5083 3582 5151 pulchre
3612 5100 3676 5139 ac
3706 5084 3963 5155 prteclare

2366 5170 2497 5224 liunt
2527 5218 2540 5235 ,
2594 5182 2721 5225 sunt
2786 5173 3123 5239 communia,
3172 5174 3624 5244 quemadmodum
3672 5186 3729 5233 et
3780 5178 3960 5235 omnia

2364 5276 2526 5334 opera
2548 5266 2873 5319 communia.

2440 5355 2539 5409 llic
2569 5371 2759 5422 versus,
2793 5357 3005 5427 Virgam
3037 5360 3244 5414 virtutis
3276 5370 3403 5424 tua},
3441 5372 3560 5427 etc.,
3590 5365 3866 5435 anagogice
3899 5368 3960 5419 de

2365 5449 2563 5505 Christo
2593 5451 2897 5521 explicatur.
2931 5452 3069 5507 Crux
3088 5453 3277 5508 Christi
3306 5455 3541 5525 virga.—
3562 5456 3615 5509 Ξ.
3636 5455 3839 5527 Virgam
3860 5461 3958 5512 rir—

2365 5546 2482 5599 tutis
2510 5556 2609 5599 tuo:
2636 5546 2822 5598 emittet
2845 5544 3093 5599 Dominus
3122 5563 3184 5601 ea:
3212 5546 3361 5603 Sion.
3391 5546 3600 5618 Virgam
3616 5552 3838 5612 virtutis
3858 5571 3951 5612 seu

2425 5724 2498 5786 (α)
2533 5732 2669 5795 Reg,
2699 5738 2792 5795 non
2815 5724 3087 5795 adumbrat,
3108 5726 3206 5785 vel,
3228 5740 3323 5795 non
3347 5726 3595 5795 obscurat.
3620 5744 3731 5795 qua:
3754 5731 3857 5794 ipsa
3879 5728 3952 5782 ie-

2362 5789 2459 5839 tztio
2484 5787 2687 5837 multum
2712 5787 2914 5838 afferret
2936 5789 3045 5839 huic
3071 5790 3176 5840 loco
3197 5788 3531 5844 obscuritatis.
