4154 6444
1248 176 1249 179 η
1408 146 1491 183 η’*
1569 175 1572 180 .

1138 188 1145 219 f‘
1188 214 1191 221 .
1246 184 1273 203 “
1344 216 1351 219 ,
1412 184 1438 219 Τί

1412 257 1474 292 ἔτ
1495 277 1506 292 ὲ
1553 275 1572 282 μ

1138 328 1149 331 ,.
1286 316 1289 317 ν
1481 303 1536 330 ’ξι
1559 303 1572 329 a‘

1132 342 1143 361 ,χ
1202 358 1231 371 17
1266 368 1267 371 Ἰ
1288 334 1331 365 ,θ’
1348 340 1361 357 Ϊ
1392 328 1464 356 ’θ’

1132 364 1181 403 "‘3'
1196 372 1387 421 ῗζρἴίῖ.
1429 373 1452 416 ἰ’
1469 383 1476 390 “

1148 412 1228 450 .-.
1268 430 1281 447 ς
1334 448 1351 469 γε
1382 434 1389 445 .
1414 442 1417 445 .
1452 416 1596 474 nn

1112 472 1125 497 si
1189 453 1262 508 ’θ’
1318 460 1350 504 ς
1375 483 1382 488 -
1595 464 1596 471 ‘

1117 525 1141 587 ς

550 704 553 705 7
616 708 619 713 Α
812 612 949 721 :_.“
989 630 1090 716 ..γε
1122 650 1157 708 Ε

360 746 363 749 ’
488 804 491 805 ν
516 712 718 809 Ἴτ-
903 725 996 790 ἰω
1025 730 1157 801 leget

264 832 287 847 τ
382 824 385 827 ‘
600 819 1122 867 mnt§"nmriimtio
1152 835 1157 867 ι

135 1011 150 1020 .,
175 1015 194 1024 ν
411 1015 430 1020 _

82 1027 112 1208 Ε
173 1027 350 1208 lita-E-

830 525 1288 617 tem.
1331 526 1574 594 Meminit
1623 539 1805 588 autem

812 614 1090 717 me
1122 645 1269 708 gesta
1301 640 1448 697 sunt,
1488 628 1638 684 illinc
1665 639 1814 680 sum-

488 710 1196 809 ἇῑῆἰεεοπι
1223 725 1390 790 dedit,
1414 718 1678 778 illic—fecit
1706 716 1813 778 mi.

600 803 1122 899 emptaﬁpraadicatio
1152 833 1248 890 per
1271 817 1584 871 universum
1624 809 1814 866 orbein

611 930 716 977 est.
758 915 912 987 Quod
942 915 987 970 si
1015 912 1150 970 velis
1173 907 1315 981 quod
1352 907 1552 964 dictum
1596 911 1681 959 est
1724 915 1816 956 su-

135 985 346 1084 ’ί
384 985 720 1084 ξῶεοςὶοθ,
747 985 872 1064 audi
897 1003 1122 1061 Paulum
1148 1001 1414 1057 dicentem
1434 1013 1450 1052 ι
1470 995 1576 1052 Sed
1599 991 1816 1084 accessi-

395 1082 630 1160 montein
650 1099 803 1166 Sion,
826 1107 875 1154 et
893 1097 1144 1152 civitatem
1160 1091 1258 1147 Dei
1273 1089 1504 1154 viventis,
1527 1082 1816 1140 Jerusalem

92 1171 112 1260 ἶ
503 1205 552 1250 et
593 1191 884 1263 Ecclesium
911 1186 1383 1262 primogenitorum.
1420 1178 1632 1249 Virgam
1659 1177 1816 1231 virtti-

84 1261 112 1320 Ϋ
453 1261 654 1343 emittet
694 1261 948 1340 Dominis
1005 1296 1068 1336 ea:
1119 1271 1493 1348 Sion-(Helm
1546 1269 1637 1326 η’
1691 1265 1815 1338 22%

197 1353 358 1460 ἥρ
381 1378 690 1452 aliquando
723 1376 939 1448 quidem
973 1371 1197 1442 castigat
1235 1376 1292 1425 et
1333 1363 1597 1423 beneficio
1625 1359 1814 1460 allicit,

87 1513 90 1516 ~
525 1479 716 1526 autem
755 1465 1082 1529 consolatur,
1108 1471 1165 1518 et
1191 1469 1278 1516 est
1303 1459 1515 1530 signum
1748 1449 1819 1506 Et

199 1541 344 1640 qia
367 1564 446 1620 sit
474 1570 792 1630 utrumque,
831 1555 958 1612 audi
998 1551 1316 1625 prophetam
1337 1549 1608 1640 dicentem

201 1633 308 1724 ἐκ,
333 1666 385 1711 ιι
421 1653 647 1709 δαείω
669 1661 810 1717 ιω,
836 1649 952 1720 ipsa
979 1662 1060 1701 me
1082 1643 1344 1700 consolati:
1371 1648 1492 1696 ..ιιι
1517 1635 1695 1710 (eiut.
1721 1633 1818 1722 si.

199 1723 376 1824 λιει
400 1750 601 1804 rursus
629 1760 646 1797 :
668 1743 833 1813 Reges
861 1755 947 1796 eos
968 1739 1183 1809 innirga
1202 1735 1390 1806 ferrea,
1415 1739 1674 1824 tamquam

205 1817 350 1914 sine
397 1837 703 1908 eoab-inge:
749 1849 836 1889 eos
879 1829 1068 1904 (Paul.
1095 1827 1155 1885 ς.
1194 1825 1280 1898 9).
1316 1824 1381 1881 Et
1420 1820 1655 1879 Paulus:
1681 1817 1824 1914 esse

203 1910 1824 2002 “tinﬁrﬂrenimadm,aninearitateetspiritu

205 2024 425 2084 Ws
468 2022 494 2094 (
520 2022 576 2078 ι.
609 2017 731 2075 Cor.
758 2018 814 2074 ι.
836 2015 906 2074 21
941 2015 1008 2086 )‘l
1033 2011 1223 2070 Vidisti
1249 2009 1523 2084 quomodo
1561 2007 1636 2064 sit
1669 2003 1822 2075 virga

208 2112 629 2187 castigationis:
678 2109 810 2165 vide
856 2104 1132 2180 quomodo
1171 2103 1243 2160 sit
1282 2104 1447 2158 etiam
1483 2098 1657 2171 regni.
1688 2095 1827 2152 Dicit

209 2209 356 2267 enim
383 2206 560 2265 Isaias
577 2223 596 2261 :
620 2201 925 2276 Egredietur
941 2200 1086 2270 uirga
1113 2200 1179 2254 de
1200 2197 1374 2252 radice
1393 2193 1558 2260 Iesse,
1576 2201 1625 2246 et
1650 2192 1750 2262 ﬂos
1762 2188 1829 2243 de

209 2302 518 2374 rsdicseju
540 2296 780 2354 ωσειιάει
829 2293 850 2367 (
879 2292 1009 2350 Issi.
1043 2291 1133 2348 ii.
1161 2289 1242 2362 ι).
1271 2290 1339 2345 Et
1364 2286 1563 2343 David:
1589 2283 1828 2339 Throntts

213 2407 348 2460 unus,
401 2391 571 2456 Delta,
612 2390 684 2460 in:
703 2387 948 2444 minus
974 2383 1150 2440 muli
1167 2397 1188 2448 ,°
1211 2381 1356 2454 uirga
1382 2375 1656 2450 arquitetis,
1686 2375 1830 2446 uirga

213 2484 357 2559 regni
383 2483 464 2538 uti
494 2479 690 2557 (Paul.
729 2479 866 2535 ΗΠ
886 2475 930 2550 ).
963 2474 1182 2545 Virgam
1207 2472 1354 2529 enim
1380 2469 1470 2526 hic
1495 2467 1704 2559 vocavit
1722 2465 1831 2522 vir-

217 2558 406 2642 tutem,
445 2588 576 2630 cum
615 2585 720 2643 qua
746 2567 996 2639 discipuli
1020 2565 1208 2622 urbem
1234 2573 1394 2619 teme
1423 2558 1827 2624 circumierunt,

213 2683 397 2729 motos
415 2666 777 2738 eorrigeutes,
806 2673 863 2718 et
886 2677 919 2716 a
944 2659 1176 2733 quodam
1198 2657 1377 2712 alieno
1401 2671 1432 2710 a
1458 2653 1666 2710 ratione
1693 2651 1827 2706 vitio

215 2763 551 2821 dedueemes
578 2757 648 2815 ad
673 2757 952 2812 hominum
984 2761 1232 2809 naturam
1251 2748 1481 2806 rationis
1499 2753 1827 2818 compotem.

218 2855 417 2912 tanta
442 2853 594 2907 enim
613 2891 630 2918 ,
660 2847 869 2918 inquit,
893 2845 1071 2900 docete
1107 2859 1278 2899 omnes
1306 2851 1480 2910 gentes
1510 2839 1532 2910 (
1563 2837 1715 2892 Matt.
1735 2835 1830 2893 28.

219 2947 337 3020 i9).
362 2943 567 3002 Habuit
588 2941 753 2998 etiam
777 2937 953 2994 loses
971 2936 1199 3006 virgam,
1227 2931 1325 2988 sed
1354 2946 1478 2987 cum
1503 2945 1566 2985 ea
1593 2927 1836 3020 suscepit

225 3017 320 3097 Dei
346 3028 758 3110 operationem,
789 3044 887 3100 per
921 3041 1083 3097 quam
1121 3023 1444 3095 operabatur
1466 3020 1520 3075 in
1559 3017 1833 3110 omnibus.

219 3134 292 3190 Et
317 3109 410 3187 illa
443 3124 664 3199 quidem
703 3121 887 3179 divisit
911 3117 1141 3184 ﬂuvios,
1167 3116 1283 3171 haec
1309 3123 1490 3169 autem
1527 3110 1688 3183 fregit
1729 3109 1837 3165 im-

220 3228 485 3298 pietatem
512 3221 661 3277 orbis
686 3227 865 3275 terra.
893 3215 1079 3287 Neque
1101 3227 1234 3269 vero
1259 3208 1616 3274 aberraveris,
1635 3207 1680 3262 si
1706 3221 1838 3262 cru-

221 3332 346 3374 cem
374 3327 597 3386 quoque
623 3309 836 3366 Domini
865 3321 1027 3364 voces
1047 3306 1250 3376 virgam
1273 3303 1506 3358 virtutis.
1538 3300 1667 3357 Haec
1693 3299 1838 3354 enim

225 3409 378 3479 virga
407 3419 566 3461 mare
595 3413 654 3458 et
689 3411 889 3457 terram
930 3397 1232 3465 convertit,
1261 3405 1319 3452 et
1353 3409 1543 3465 inagiia
1574 3399 1843 3464 potestate

229 3495 480 3570 replevit.
520 3493 658 3551 Cum
686 3492 790 3550 bac
814 3494 961 3562 virga
990 3488 1195 3561 egressi
1222 3486 1450 3557 apostoli
1489 3500 1586 3555 per
1627 3483 1840 3538 univer-

227 3605 350 3646 sum
377 3588 572 3644 orbem
604 3594 761 3641 terra:
779 3629 796 3652 ,
827 3581 1010 3638 omnia
1039 3580 1130 3635 illa
1161 3578 1362 3634 fecere.
1389 3576 1540 3631 lianc
1567 3582 1846 3647 gestantes

228 3680 414 3738 omnia
459 3676 848 3751 perﬁciebant,
891 3680 1107 3742 sumpto
1140 3668 1410 3741 principio
1431 3667 1501 3723 ab
1521 3665 1844 3723 Jerusalem.

193 3774 196 3776 ⁷
233 3774 302 3830 ει
345 3772 616 3827 destinare
641 3771 696 3824 in
722 3768 890 3823 medio
915 3765 1238 3820 inimicorum
1276 3771 1500 3817 tuorum.
1541 3758 1675 3814 Vide
1723 3771 1850 3828 pro-

234 3867 473 3941 phetiam
501 3867 621 3937 ipso
643 3861 761 3919 sole
779 3859 1086 3917 clariorem.
1119 3855 1261 3926 Quid
1291 3864 1376 3911 est
1407 3862 1612 3918 autem,
1661 3849 1847 3941 Domi-

233 3939 437 4015 iurreia
465 3956 634 4011 audio
659 3953 978 4008 inimicorum
997 3947 1244 4007 tuorum?
1269 3947 1376 4004 Pro
1398 3959 1467 4002 eo
1487 3943 1634 4017 quod
1659 3951 1764 4010 est,
1789 3939 1848 3997 In

236 4053 430 4110 mediis
457 4048 772 4123 gentilibus,
789 4046 843 4102 in
870 4043 1061 4101 mediis
1079 4041 1298 4098 iudicis.
1327 4039 1407 4096 Ita
1429 4039 1575 4096 enim
1596 4037 1851 4107 plantatie

239 4154 368 4201 sunt
407 4139 675 4198 Ecclesiae
721 4138 778 4194 in
820 4136 1013 4194 mediis
1055 4134 1332 4200 urbibus'r
1363 4131 1435 4188 ita
1477 4130 1748 4195 vicerunt,
1794 4135 1852 4184 et

237 4237 553 4309 superiores
578 4239 887 4288 evaserunt.
916 4227 1032 4284 Hoc
1054 4237 1139 4284 est
1182 4225 1460 4297 prieclarte
1486 4221 1726 4278 victoria:
1759 4235 1854 4275 ar-
1895 4243 1898 4246 θ

237 4338 588 4400 gumeiitum,
610 4321 752 4394 quod
777 4322 830 4377 in
857 4318 1049 4377 mediis
1071 4316 1317 4375 hostibus
1340 4315 1531 4370 altaria
1560 4309 1853 4378 erexerint,

241 4418 383 4491 quod
411 4428 691 4487 tamquam
730 4428 862 4469 oves
889 4420 1073 4468 essent
1099 4410 1154 4465 in
1185 4408 1366 4465 medio
1390 4406 1624 4462 letarum
1654 4412 1712 4461 et
1732 4402 1855 4474 agni

243 4515 298 4568 in
324 4510 507 4566 medio
536 4507 807 4576 luporum.
833 4503 950 4561 Hoc
972 4502 1116 4559 enim
1141 4516 1264 4558 cum
1290 4500 1414 4556 illos
1441 4498 1680 4555 mitteret
1703 4495 1856 4552 dice-

245 4603 371 4659 bat:
417 4599 563 4656 Ecce
594 4599 737 4651 mitto
771 4613 858 4651 eos
893 4605 1152 4666 tamquam
1187 4609 1302 4648 oues
1335 4592 1390 4646 in
1418 4590 1586 4658 medio
1615 4591 1856 4660 luporum

247 4693 462 4759 (lauit.
490 4690 574 4746 i0.
593 4689 685 4758 i6)
715 4705 731 4756 ;
757 4687 899 4758 quod
927 4701 1033 4741 non
1053 4695 1137 4741 est
1157 4685 1338 4739 minus
1366 4683 1546 4754 priore
1569 4680 1855 4737 miraculo.

248 4784 367 4840 Non
409 4793 499 4840 est
533 4781 678 4838 enim
719 4779 917 4845 minus,
949 4793 1044 4833 cos
1069 4777 1161 4848 qui
1195 4776 1378 4832 ovium
1397 4776 1587 4831 locum
1615 4775 1861 4829 obtinent

251 4879 409 4949 inpos
428 4877 669 4940 vincere,
687 4887 846 4944 quam
869 4887 962 4928 eos
987 4871 1078 4942 qui
1103 4878 1226 4925 sunt
1248 4869 1301 4924 in
1329 4866 1524 4924 mediis
1549 4867 1857 4936 intercepti,

251 4985 374 5027 esse
397 4968 749 5038 superiores:
786 4963 1078 5034 quinetiam
1118 4961 1286 5016 multo
1322 4969 1409 5015 est
1446 4961 1622 5028 majus
1648 4973 1744 5014 eos
1768 4957 1862 5028 qui

251 5071 412 5121 erant
461 5072 691 5116 numero
737 5055 1042 5120 duodecim,
1099 5051 1168 5108 ad
1215 5068 1278 5108 se
1323 5051 1635 5108 universum
1671 5049 1862 5106 orbem

255 5171 414 5214 terra
468 5151 780 5208 attraxisse.
832 5147 899 5201 Et
946 5147 1212 5202 dontinare
1248 5147 1304 5200 in
1332 5145 1500 5200 medio
1536 5145 1863 5200 inimicorum

257 5262 481 5303 tam.
510 5241 632 5298 Non
673 5239 840 5306 dixit,
857 5237 1022 5293 Vince
1067 5237 1120 5292 in
1157 5235 1339 5294 medio
1376 5237 1716 5292 inimicorum
1745 5245 1864 5290 tuo-

257 5355 397 5403 rum,
422 5335 521 5393 sed
547 5333 848 5394 Dominare.
881 5339 940 5384 ut
964 5328 1276 5388 ostenderet
1300 5343 1409 5384 non
1438 5329 1572 5400 erigi
1601 5339 1862 5399 tropreum

258 5429 386 5485 fusis
425 5427 480 5482 in
517 5423 637 5480 acie
667 5420 933 5488 hostibus,
972 5417 1070 5476 sed
1106 5433 1173 5474 ex
1200 5417 1355 5489 jussu
1381 5419 1671 5490 signiﬁcari
1699 5417 1869 5475 domi-

258 5525 423 5578 nium.
475 5519 550 5574 Ita
589 5518 735 5574 enim
779 5513 1066 5571 vincebant
1092 5514 1344 5584 apostoli,
1387 5511 1662 5570 Christum
1707 5513 1760 5569 in
1806 5529 1868 5571 se

259 5613 541 5676 habentes,
567 5609 747 5664 omnia
778 5606 1034 5662 facientes
1059 5615 1331 5676 tamquam
1357 5619 1421 5660 ex
1456 5605 1866 5676 imperio.Unde

265 5704 430 5759 etiam
447 5711 566 5757 erat
594 5701 674 5755 eis
697 5698 876 5754 omnis
900 5695 1095 5752 domus
1122 5707 1330 5767 aperta,
1357 5708 1414 5752 et
1432 5698 1522 5767 qui
1548 5699 1860 5762 credebant,

265 5805 418 5850 erant
445 5791 640 5862 quovis
681 5805 839 5846 servo
882 5789 1368 5858 obsequentiores,
1420 5789 1704 5846 facultates
1739 5808 1866 5846 suas

268 5885 594 5954 vcndentcs,
621 5897 672 5942 et
699 5898 885 5941 carum
936 5883 1106 5954 pretia
1151 5893 1413 5953 ponentes
1442 5882 1509 5938 ad
1539 5883 1701 5953 pedes
1729 5899 1864 5957 apo~

100 6279 454 6333 Euximi-
483 6319 486 6324 .
523 6311 548 6332 .
577 6323 588 6330 ..

1112 364 1662 500 mo
1699 411 1767 472 ω
1805 408 2138 470 νωιιιωι
2175 405 2315 466 cui.

3421 401 3533 460 270

1921 529 2189 586 stolarum
2213 546 2228 585 :
2253 543 2318 586 ac
2341 542 2411 585 ne
2433 526 2503 584 ad
2532 541 2689 585 usum
2713 526 2934 600 quidem
2961 540 3120 584 suum
3148 525 3410 583 audentes
3433 523 3536 581 ali-

1919 621 2050 694 quid
2079 620 2350 692 accipere,
2380 635 2584 691 eosque
2611 619 2750 676 adeo
2775 617 3249 692 magnifacicbant,
3279 626 3338 674 ut
3376 631 3448 674 ne
3471 630 3533 674 se

1919 711 2137 784 quidem
2161 712 2240 768 eis
2261 710 2525 769 auderent
2547 711 2865 782 adjungere.

1929 865 1933 870 ,
1991 805 2048 859 ι.
2087 802 2206 884 Non
2233 803 2408 860 solum
2434 811 2613 859 autem
2642 811 2848 859 tantum
2876 799 3148 859 habebant
3175 801 3370 857 virium
3403 815 3534 874 erga

1921 894 2132 964 iideles,
2162 894 2260 952 sed
2289 895 2452 952 etiam
2478 911 2603 967 erga
2631 893 2900 951 infideles.
2942 893 3228 963 Quodnam
3253 892 3401 949 enim
3427 902 3537 962 est,

1921 986 2030 1056 dic,
2080 1003 2287 1058 quaeso,
2334 987 2478 1044 servi
2523 987 2825 1044 indicium?
2863 1002 3047 1044 annon
3084 986 3140 1042 id
3181 986 3364 1044 facere
3389 984 3540 1058 quod

1916 1080 2070 1152 jubet
2108 1081 2271 1139 herus
2295 1082 2319 1137 τ
2342 1082 2498 1152 Quod
2526 1090 2708 1138 autem
2749 1081 2964 1154 signum
2987 1081 3148 1138 heri?
3174 1095 3356 1138 annon
3384 1095 3450 1137 ea
3481 1080 3538 1137 in

1921 1177 2095 1238 servis
2122 1175 2383 1248 perlicere
2408 1191 2530 1247 qua:
2554 1176 2690 1232 velit
2712 1175 2737 1232 ἲ
2771 1175 3008 1246 Quinam
3031 1189 3166 1246 ergo
3191 1172 3540 1246 perfecerunt

1922 1284 1986 1326 ea
2011 1284 2133 1341 qua:
2167 1268 2453 1325 voluerunt
2497 1270 2550 1324 in
2597 1269 2813 1342 regibus
2853 1276 2912 1324 et
2951 1266 3539 1339 principibushnnon

1923 1363 2197 1434 apostoli?
2225 1361 2566 1419 Manifestum
2592 1362 2647 1418 id
2669 1370 2774 1419 est.
2801 1359 2982 1433 Reges
3007 1360 3153 1425 enim
3180 1369 3237 1416 et
3267 1359 3540 1432 principes

1923 1454 2180 1512 volebant
2204 1463 2388 1512 tenere
2411 1455 2602 1511 orbem
2629 1462 2788 1510 terra
2822 1455 2876 1510 in
2907 1453 3185 1526 impietate
3207 1494 3226 1522 ,
3250 1452 3544 1525 jubebant-

1925 1563 2035 1622 que
2059 1548 2242 1608 colere
2269 1547 2548 1607 damones
2570 1566 2589 1617 ;
2608 1557 2800 1605 contra
2827 1556 3009 1606 autem
3035 1548 3290 1620 apostoli,
3319 1563 3542 1605 eorum-

1925 1654 2033 1713 que
2057 1639 2306 1697 voluntas
2335 1640 2679 1712 implebatur.
2715 1627 2872 1710 Quod
2906 1640 2955 1698 si
2993 1639 3125 1696 mihi
3167 1639 3319 1698 dicas
3356 1655 3544 1698 cares-

1925 1746 2066 1798 rem,
2088 1728 2299 1804 ﬂagella
2324 1741 2383 1788 et
2409 1739 2700 1800 tormenta,
2720 1731 2861 1788 dicis
2884 1731 3090 1804 majora
3117 1730 3379 1788 dominia.
3393 1732 3543 1801 Quo-

1927 1824 2112 1894 modo,
2143 1833 2201 1881 et
2230 1838 2463 1896 quanam
2489 1823 2741 1881 ratione!
2757 1823 2896 1892 Quia
2923 1822 3304 1896 quamviabmc
3329 1823 3540 1892 tierent,

1929 1915 2096 1974 ﬁebat
2115 1925 2296 1974 tamen
2311 1915 2483 1973 nihilo
2495 1915 2674 1972 secius
2691 1915 2835 1988 quod
2870 1914 2950 1972 illi
2975 1915 3249 1974 volebant.
3262 1914 3381 1974 Non
3398 1916 3545 1974 enim
3624 1899 3641 1917 '

1929 2006 2048 2079 lege
2062 2007 2422 2080 complurium
2439 2005 2809 2074 dominorum,
2825 2006 2923 2064 sed
2946 2006 3152 2064 virtute
3175 2006 3282 2064 hoc
3305 2008 3407 2064 sibi
3444 2007 3548 2065 ad-

1929 2099 2208 2157 sciverunt
2235 2099 2556 2165 dominium,
2585 2097 2733 2172 quod
2761 2099 2914 2156 nullo
2936 2107 3168 2156 externo
3192 2098 3416 2172 indiget,
3443 2099 3546 2156 sed

1929 2192 2101 2265 quod,
2131 2191 2260 2249 dum
2285 2191 2528 2249 omnium
2557 2193 2759 2265 petitur
2784 2191 2996 2250 insidiis
3013 2233 3030 2260 ,
3057 2192 3386 2266 resplendet.
3419 2191 3549 2248 illos

1931 2286 2079 2344 enim
2125 2283 2377 2343 dominos
2415 2285 2561 2342 servi
2601 2285 2805 2356 paratis
2848 2283 3062 2340 insidiis
3097 2299 3247 2358 sepe
3273 2284 3344 2341 de
3367 2283 3552 2340 medio

1933 2377 2548 2448 sustulerunt,quoniam
2559 2385 2672 2432 erat
2687 2372 3065 2446 imperfectum
3077 2384 3133 2433 et
3142 2375 3549 2434 imbeciliimum

1933 2470 2268 2526 dominium:
2317 2470 2422 2526 hoc
2459 2478 2644 2526 autem
2684 2483 2794 2525 non
2841 2477 3138 2541 putuerunt
3175 2469 3548 2540 exstinguere,

1933 2561 2032 2620 sed
2079 2561 2304 2618 insidias
2343 2561 2654 2629 molientes,
2695 2559 2751 2616 id
2794 2561 2956 2634 longe
2999 2559 3203 2618 clarius
3232 2558 3544 2617 reddidere.

1937 2655 2070 2725 Quis
2095 2653 2258 2710 fuerit
2283 2653 2447 2726 igitur
2483 2651 2738 2710 dominus
2766 2653 3102 2725 praeclarior,
3129 2653 3249 2709 isne
3271 2652 3364 2724 qui
3389 2652 3553 2708 innuc

1939 2746 2294 2804 merabilibus
2335 2761 2474 2818 opus
2513 2745 2678 2802 habet
2717 2743 2953 2814 auxiliis,
2979 2753 3040 2801 ut
3065 2759 3256 2801 servos
3285 2744 3340 2799 in
3370 2741 3554 2800 ofiieio

1937 2840 2249 2904 contineat;
2298 2852 2366 2893 an
2414 2837 2505 2909 qui
2545 2845 2632 2893 est
2674 2837 2814 2893 liber
2851 2835 2918 2893 iis
2954 2835 3231 2903 omnibus,
3262 2845 3318 2891 et
3342 2833 3556 2906 eosqui

1937 2942 2066 2988 sunt
2088 2931 2191 2986 sub
2217 2946 2316 2986 suo
2341 2929 2603 2995 dominio,
2635 2945 2734 2998 pro
2774 2943 2871 2984 sua
2899 2937 3167 3002 potestate
3191 2927 3296 2985 fert
3332 2937 3389 2984 et
3413 2926 3560 2998 agit?

1939 3020 2279 3079 Manifestum
2301 3028 2386 3075 est
2412 3019 2558 3084 hunc
2580 3034 2702 3075 esse
2729 3018 3154 3090 pmclariorem.
3173 3018 3386 3074 Domini
3411 3018 3559 3074 enim

1940 3111 2035 3185 qui
2079 3111 2183 3167 hoc
2211 3111 2457 3167 obtinent
2488 3109 2777 3187 multorum
2799 3109 3124 3178 dominium,
3152 3109 3257 3166 nisi
3283 3109 3434 3181 leges
3458 3109 3559 3164 ha-

1945 3205 2112 3261 beant
2155 3202 2503 3276 opitulantes,
2553 3211 2610 3258 et
2659 3215 2757 3259 eos
2795 3202 2950 3273 juvet
2988 3199 3136 3274 quod
3173 3202 3227 3256 in
3254 3199 3559 3257 civitatibus

1947 3300 2210 3366 habitant,
2235 3313 2380 3371 smpe
2399 3312 2521 3355 cum
2542 3295 2786 3352 dominio
2806 3297 2971 3351 vitam
3001 3295 3218 3368 quoque
3239 3296 3561 3351 amiserunt:

1947 3393 2143 3449 Paulus
2189 3400 2370 3447 autem
2413 3400 2470 3447 et
2517 3391 2570 3446 in
2617 3389 2999 3446 solitudinibus
3056 3398 3116 3446 et
3155 3390 3358 3461 ubique
3402 3403 3562 3446 suum

1947 3484 2268 3541 ostendebat
2293 3483 2613 3538 dominium.
2644 3482 2738 3538 Vis
2770 3483 2934 3539 etiam
2956 3482 3141 3537 videre
3164 3480 3341 3552 ipsum
3368 3481 3566 3537 clario-

1949 3593 2066 3633 rem
2107 3572 2370 3646 i-e‘gibus?
2419 3573 2631 3631 induxit
2673 3575 2823 3645 leges
2877 3589 2974 3646 per
3016 3574 3327 3632 universum
3377 3574 3565 3630 orbem

1950 3677 2133 3733 terrae,
2160 3677 2216 3724 et
2237 3681 2422 3738 regum
2455 3666 2658 3723 relictis
2688 3666 2896 3738 legibus
2921 3708 2938 3732 ,
2969 3665 3217 3722 homines
3246 3665 3390 3721 illius
3425 3667 3566 3722 scri-

1952 3759 2058 3831 ptis
2077 3758 2548 3831 obtemperabant.
2569 3757 2635 3813 Et
2655 3756 2856 3829 alioqui
2882 3757 2957 3836 illi
2983 3756 3201 3830 quidem
3230 3757 3286 3814 in
3312 3771 3566 3829 corpora,

1955 3852 2009 3908 iii
2041 3865 2173 3918 vero
2199 3850 2254 3906 in
2291 3849 2530 3906 animum
2574 3849 2872 3905 dominium
2922 3849 3258 3906 obtinebant.
3278 3846 3410 3918 Quis
3447 3863 3570 3905 ser-

1953 3959 2053 3999 vus
2098 3942 2256 4012 hero,
2302 3941 2390 3999 vel
2421 3945 2544 4014 quis
2587 3941 2835 3998 subditus
2880 3942 2994 4014 regi
3041 3956 3164 3999 cum
3211 3949 3358 3998 tanta
3403 3942 3574 3999 bene-

1956 4035 2190 4092 volentia
2243 4033 2458 4108 paruit,
2513 4043 2576 4090 ut
2624 4033 2812 4091 fideles
2860 4033 3029 4090 Paulo
3076 4035 3321 4107 epistolis
3364 4035 3576 4093 tantum'

1921 4167 1924 4171 ι
1956 4128 2176 4201 agenti?
2199 4127 2332 4198 Quis
2359 4129 2694 4190 enarraverit
2715 4143 2904 4184 eorum
2943 4142 3186 4186 amorem
3228 4139 3285 4186 et
3333 4130 3573 4189 studium

1957 4235 2084 4294 erga
2115 4220 2288 4288 illum,
2305 4235 2428 4275 cum
2461 4221 2549 4277 vel
2575 4221 2723 4292 ipsos
2745 4221 2934 4276 oculos
2961 4229 3145 4277 essent
3169 4222 3341 4293 parati
3363 4222 3573 4280 eifode-

1957 4329 2022 4370 re
2053 4312 2203 4386 (Gal.
2229 4315 2288 4370 4.
2319 4312 2454 4385 i5)?
2493 4314 2615 4386 quis
2661 4314 2797 4370 tales
2837 4329 3094 4387 umquam
3121 4329 3310 4372 servos
3340 4315 3578 4374 habuit?

1961 4406 2094 4476 Quae
2124 4407 2306 4462 omnia
2337 4405 2598 4478 propheta
2625 4415 2807 4463 mente
2831 4409 3061 4479 agitans,
3085 4408 3357 4479 quomodo
3388 4408 3579 4468 ﬁdeles

1961 4498 2180 4570 quidem
2212 4497 2582 4567 subiecerunt,
2606 4497 2880 4568 quomodo
2911 4499 3185 4556 terribiles
3207 4509 3367 4556 erant
3394 4500 3578 4558 inlide-

1964 4590 2126 4657 libus,
2153 4604 2249 4646 eos
2279 4605 2378 4660 per
2409 4589 2514 4645 vim
2545 4591 2880 4660 expellentes
2903 4632 2920 4658 ,
2952 4601 3008 4646 et
3030 4591 3302 4662 quomodo
3331 4591 3579 4650 Christus

1964 4699 2064 4756 per
2090 4685 2236 4755 ipsos
2256 4683 2531 4739 obtinebat
2563 4683 2872 4754 imperium,
2904 4700 3010 4738 non
3040 4685 3176 4740 dixit
3211 4686 3577 4753 solummodo,

1967 4775 2249 4831 Dominare
2275 4775 2329 4830 in
2359 4773 2528 4829 medio
2561 4775 2887 4829 inimicorum
2927 4784 3151 4842 tuorum,
3181 4776 3276 4832 sed
3323 4775 3580 4834 Domina-

1967 4877 2075 4922 tnm
2102 4867 2291 4932 obtine,
2321 4865 2617 4929 vehemens
2647 4865 2946 4920 dominium
2977 4868 3309 4938 significans.
3354 4870 3423 4926 Et
3463 4871 3582 4928 lucc
3681 4869 3686 4874 ’

1966 4976 2090 5018 cum
2121 4960 2368 5016 viderent
2393 4959 2601 5027 hostes,
2631 4959 2762 5015 nihil
2794 4959 2971 5016 facere
3000 4971 3268 5032 peterent,
3300 4963 3400 5017 etsi
3433 4963 3582 5033 leges

1969 5069 2154 5110 secum
2194 5053 2490 5115 haberent,
2522 5052 2742 5107 lictores
2767 5063 2822 5106 et
2851 5069 3067 5108 omnen
3094 5064 3412 5123 potestatem
3440 5072 3454 5117 ;
3483 5056 3580 5110 sed

1969 5155 2124 5202 erant
2155 5145 2208 5198 hi
2241 5143 2574 5214 potentiores
2601 5154 2820 5214 promer
2847 5159 2971 5199 eum
2999 5147 3087 5213 qui
3117 5145 3167 5198 in
3205 5145 3335 5215 ipsis
3424 5145 3586 5203 habi-

1972 5238 2137 5293 tabat.
2169 5237 2267 5291 liic
2294 5251 2390 5307 per
2421 5236 2566 5306 ipsos
2594 5235 2928 5290 dominatum
2972 5235 3202 5290 obtinuit
3228 5253 3242 5301 ;
3275 5252 3375 5292 nec
3402 5239 3580 5293 Solum

1971 5329 2278 5385 dominatus
2303 5337 2418 5393 est,
2453 5327 2548 5382 sed
2577 5329 2740 5382 etiam
2772 5326 2982 5381 fortiter
3006 5344 3020 5380 :
3051 5342 3174 5381 nam
3200 5327 3583 5385 vehementem

1973 5423 2025 5477 in
2055 5437 2150 5477 eos
2179 5420 2515 5476 dominatum
2546 5419 2799 5474 obtinuit.
2825 5418 3052 5488 Propter
3080 5434 3204 5474 eum
3235 5421 3381 5476 enim
3409 5422 3500 5492 qui
3528 5422 3582 5477 in

1970 5517 2050 5572 eis
2075 5515 2370 5578 habitabat,
2404 5521 2459 5568 et
2480 5514 2656 5584 ignem
2697 5523 2751 5568 ct
2779 5512 2981 5568 ferrum
3014 5522 3070 5569 et
3095 5515 3294 5569 bestias
3321 5525 3376 5570 et
3399 5516 3584 5572 Omnia

1972 5607 2074 5662 alia
2101 5603 2440 5670 confidenter
2465 5603 2802 5659 adibant.Ad
2829 5605 3008 5659 omnia
3037 5605 3180 5660 enim
3211 5621 3333 5661 cum
3360 5608 3440 5662 cis
3467 5617 3587 5663 erat

1972 5700 2238 5763 Christus,
2270 5699 2360 5769 qui
2411 5699 2572 5753 etiam
2616 5695 2888 5768 littthtiittli
2931 5699 2982 5752 in
3027 5699 3218 5753 alienis
3262 5700 3584 5769 corporibus

1974 5797 2314 5850 decertantes
2341 5834 2356 5858 ,
2384 5801 2439 5847 et
2471 5791 2622 5846 liberi
2654 5793 2722 5845 ab
2750 5792 2896 5846 animi
2927 5793 3169 5847 molestia
3200 5811 3378 5848 rertnn
3406 5793 3474 5849 ad
3501 5796 3579 5850 vi-

1978 5897 2083 5943 tam
2125 5888 2531 5960 pertinentium,
2564 5884 2634 5939 ita
2665 5883 2987 5956 gaudebant,
3017 5896 3070 5941 et
3098 5883 3533 5950 itarxsilicbant,
3553 5898 3587 5937 a
