4154 6436
356 20 361 27 ,
392 8 403 13 ι
432 2 731 29 τι-π-ρῂπὴμ
804 6 893 13 ωλκ
912 6 1011 15 -ιοηη-
1048 10 1057 11 κ
1080 10 1083 11 ν
1108 10 1117 13 ν
1138 8 1205 17 -νη
1224 8 1267 17 ας.
1292 8 1333 21 νς

506 36 513 37 κ
576 26 603 37 1"
626 26 655 37 κ’
688 34 693 37 ,

655 410 756 478 ΞῚΙ

655 530 853 595 Christi
880 532 1116 588 demittis
1144 530 1408 600 occupati,
1437 544 1542 586 nou
1576 530 1836 599 pecunias,
1869 540 1976 580 non
2003 522 2238 594 corpori,

657 636 766 683 nun
806 628 928 680 vita:
967 623 1215 695 prasenti
1254 633 1552 691 parcentes.
1586 619 1652 674 Et
1682 621 1799 673 inec
1821 615 2037 699 quidgm
2080 612 2241 668 facie-

659 718 809 784 bant,
836 718 924 787 qui
977 713 1263 781 aliquando
1315 714 1524 769 inerant
1580 710 1764 765 hostes
1802 717 1859 763 et
1900 706 2191 761 adversarii
2225 722 2237 756 :

654 810 754 868 sed
797 810 989 865 inﬂicta
1030 805 1122 862 Dei
1166 807 1402 876 potentia
1437 815 1543 859 tum
1572 803 1747 858 solum
1770 816 1866 857 eos
1892 798 2137 854 liberavit
2173 795 2242 849 ab

656 900 980 966 inimicitiis,
1006 896 1102 955 sed
1143 899 1304 954 etiam
1352 898 1407 952 in
1452 902 1651 951 tantum
1690 892 1910 949 deduxit
1933 890 2241 947 senitutem

652 1001 707 1046 α
760 991 1225 1047 necessitudinem.
1269 988 1624 1055 Quamobrem
1679 987 1781 1042 etsi
1823 984 2034 1039 dicatur
2085 983 2243 1036 Pater

656 1097 858 1153 ponere
912 1084 1152 1137 inimicos
1202 1082 1302 1135 sub
1349 1077 1569 1147 pedibus
1600 1078 1738 1146 ejus,
1775 1089 1882 1131 non
1922 1075 1992 1129 ita
2016 1073 2239 1137 dicitur,

653 1175 793 1230 sicut
832 1173 963 1237 dixi.
992 1183 1258 1243 tamquam
1304 1170 1440 1226 Filio
1482 1170 1615 1225 nihil
1653 1177 1879 1238 agente:
1930 1168 2239 1219 universum

652 1266 798 1321 enim
844 1264 914 1321 ab
959 1264 1241 1335 Unigeuito
1284 1262 1480 1317 factum
1525 1271 1643 1316 est:
1686 1258 1779 1313 sed
1822 1266 1900 1322 ut,
1931 1258 2070 1311 sicut
2096 1256 2242 1323 prius

654 1357 785 1421 dixi,
815 1356 1027 1410 Patrem
1067 1364 1123 1410 et
1164 1354 1356 1409 Filium
1396 1368 1559 1407 unum
1606 1364 1729 1405 esse
1757 1350 1923 1404 Deum
1951 1347 2237 1415 intelligas,

653 1455 863 1503 scrvsta
913 1447 1197 1517 unicuique
1241 1460 1337 1499 sua
1378 1445 1720 1515 proprietate,
1761 1452 1817 1497 et
1862 1456 1927 1495 ne
1956 1455 2075 1495 esse
2104 1440 2239 1493 duos

652 1540 926 1593 existimes
960 1539 1243 1608 ingenitas.
1293 1536 1445 1603 Quod
1490 1535 1631 1589 enim
1685 1542 1853 1588 totum
1890 1547 2025 1602 opus
2071 1532 2140 1584 ab
2173 1544 2242 1585 eo

655 1630 852 1686 iactum
882 1631 972 1694 sit,
1001 1630 1279 1684 considera
1308 1644 1388 1684 ex~
1405 1628 1470 1683 iis
1496 1642 1617 1696 qua:
1638 1626 1749 1695 jam
1778 1625 1913 1678 facta
1950 1632 2075 1676 sunt
2099 1640 2113 1686 ;
2141 1636 2240 1676 nec

652 1729 771 1784 qua:
820 1713 961 1769 dieta
1006 1723 1165 1778 sunt,
1215 1713 1447 1767 humano
1495 1720 1697 1765 tantum
1758 1723 1906 1763 more
1960 1706 2238 1775 intelligo;

652 1818 843 1875 magna
868 1805 1012 1859 enim
1037 1813 1347 1874 sequeretur
1375 1802 1699 1857 absurdius.
1724 1800 1791 1855 Ut
1813 1810 1991 1854 autem
2025 1808 2081 1853 tu
2106 1813 2241 1868 quo-

648 1911 756 1969 que
789 1896 1066 1966 intelligas,
1107 1894 1231 1950 audi
1256 1911 1320 1950 ea
1347 1910 1467 1964 qua:
1497 1909 1615 1948 sum
1653 1892 1911 1947 dicturus.
1948 1891 2032 1943 Ex
2063 1889 2238 1943 bomi-

651 1989 809 2043 nibus
837 1988 927 2041 alii
957 1986 1172 2056 quidem
1192 1985 1316 2041 l‘acti
1350 1994 1474 2039 sunt
1501 1983 1699 2048 amici,
1727 1982 1825 2052 qui'
1862 1982 2008 2051 prius
2037 1980 2238 2035 inimici

650 2078 891 2134 fuerant:
938 2078 1029 2131 alii
1070 2092 1195 2132 vero
1223 2076 1399 2132 adhuc
1449 2084 1665 2130 manent
1710 2072 1928 2127 lulmici.
1974 2070 2237 2127 Caeterum

650 2168 792 2239 quod
821 2169 1065 2223 inimicos
1088 2167 1305 2237 quidem
1333 2168 1446 2235 ipse
1475 2166 1677 2220 amicos
1715 2164 1899 2218 iecerit
1919 2204 1933 2227 ,
1966 2171 2021 2217 et
2047 2160 2239 2216 Paulus

652 2259 935 2329 signiﬁcat,
975 2259 1159 2313 dicens
1190 2275 1205 2313 :
1238 2257 1458 2325 Quando
1488 2255 1752 2310 tradiderit
1783 2266 1995 2323 regnum
2042 2250 2152 2305 Deo
2193 2260 2240 2305 et

653 2351 801 2405 Patri
828 2352 848 2421 (
871 2354 887 2405 i
907 2394 919 2405 .
945 2350 1062 2405 Cor.
1100 2351 1184 2405 l5.
1207 2350 1277 2404 24
1306 2348 1362 2421 );
1391 2350 1652 2419 signiﬁcat
1672 2348 1833 2402 etiam
1866 2348 2139 2411 Servator,
2171 2344 2238 2399 ad

653 2442 861 2496 Patrem
911 2442 1095 2496 dicens
1119 2443 1167 2495 ιε
1202 2440 1315 2511 Ego
1356 2451 1403 2494 te
1452 2439 1731 2509 gloriﬁcavi
1768 2440 1821 2490 in
1865 2438 2075 2504 mundo,
2111 2452 2241 2504 opus

648 2534 871 2603 perfeci,
892 2534 1026 2602 quod
1078 2532 1263 2589 dedisti
1304 2531 1425 2583 mihi
1445 2566 1460 2597 ,
1486 2540 1538 2583 ut
1579 2531 1766 2601 faciam
1794 2528 1813 2600 (
1838 2527 1994 2583 Joun.
2027 2529 2112 2583 I7.
2139 2528 2174 2582 4
2198 2528 2237 2596 ).

651 2624 925 2695 Subjicere
980 2635 1157 2677 autem
1212 2622 1456 2677 inimicos
1513 2621 1611 2675 fuit
1666 2621 1857 2675 Patris.
1898 2620 2057 2689 Atqui
2108 2619 2237 2673 illud

643 2717 866 2788 quidem
920 2725 1001 2771 est
1067 2714 1168 2770 hoc
1215 2714 1403 2783 majus.
1442 2712 1625 2782 Neque
1667 2713 1809 2767 enim
1874 2721 1999 2767 sunt
2051 2712 2238 2782 paria,

650 2821 747 2863 eos
781 2806 870 2877 qui
911 2816 1127 2860 manent
1166 2804 1385 2869 inimici,
1418 2804 1625 2873 punire,
1667 2812 1723 2857 et
1751 2818 1845 2857 eos
1874 2803 1960 2872 qui
1989 2812 2113 2856 sunt
2140 2802 2240 2856 ini-

651 2896 797 2962 mici,
850 2896 1051 2950 amicos
1095 2893 1328 2950 efﬁcere.
1375 2894 1479 2949 Sed
1524 2908 1697 2963 neque
1724 2890 1891 2948 Filius
1922 2892 2044 2947 ideo
2066 2893 2240 2947 minor

650 2996 734 3045 est
763 2986 939 3051 Patre,
969 3001 1067 3042 nec
1096 2995 1379 3057 propterea
1420 2985 1580 3040 Pater
1622 2995 1706 3040 est
1753 2986 1929 3040 minor
1976 2974 2131 3040 Filio.
2170 2984 2241 3040 Ut

649 3091 830 3135 autem
872 3081 1012 3135 scias
1053 3076 1140 3133 illa
1184 3094 1397 3149 quoque
1441 3092 1560 3133 esse
1596 3077 1753 3143 Filii,
1788 3077 2235 3146 quemadmodum

650 3172 770 3228 hac
794 3170 987 3235 Putris,
1017 3170 1171 3224 audi:
1204 3168 1456 3223 Discedite
1474 3186 1506 3221 α
1536 3186 1635 3235 nte,
1674 3168 1964 3233 maledicti,
1996 3170 2048 3222 in
2072 3170 2239 3239 ignem

645 3272 915 3328 «ternum,
936 3263 1023 3332 qui
1038 3271 1245 3333 paratus
1272 3272 1345 3316 est
1371 3260 1573 3315 diabolo
1598 3270 1646 3315 et
1671 3262 1861 3332 angelis
1888 3262 1996 3332 ejus
2019 3261 2235 3329 (Matth.

648 3355 868 3426 25.“).
898 3354 967 3410 Et
994 3354 1321 3424 qui‘angelos
1347 3353 1529 3420 mittit,
1556 3364 1614 3408 ut
1638 3354 1889 3423 colligant
1909 3355 2131 3423 zizania,
2153 3365 2236 3411 est

654 3449 987 3521 Unigenitus,
1010 3454 1067 3501 et
1108 3447 1349 3503 videmus
1373 3461 1496 3504 eum
1528 3447 1725 3515 ubique
1751 3447 2020 3502 diabolum
2054 3450 2237 3517 punire

653 3540 869 3609 (Matth.
894 3533 979 3595 i3.
1000 3529 1114 3609 30).
1139 3539 1250 3595 lloc
1277 3540 1439 3594 etiam
1470 3539 1568 3607 ipsi
1596 3538 1869 3593 daemones
1892 3538 2235 3605 conﬁtentur,

648 3631 889 3687 dicentes
913 3621 1130 3684 :Venisti
1155 3630 1253 3684 huc
1279 3639 1397 3685 ante
1430 3640 1627 3699 tempus
1646 3638 1875 3699 torquere
1899 3646 1990 3684 nos
2021 3629 2233 3701 (Matth.

649 3720 706 3778 Ι.
750 3721 821 3777 39
848 3720 869 3793 )
892 3722 915 3774 ἲ
942 3720 1058 3790 Ipse
1096 3730 1179 3777 est
1218 3736 1348 3791 ergo
1391 3720 1483 3791 qui
1525 3737 1621 3776 eos
1660 3731 1743 3776 est
1790 3730 2047 3776 torturus.
2077 3717 2238 3777 Vides

646 3813 794 3883 quod
841 3814 1049 3868 etiamsi
1096 3828 1216 3883 qua
1257 3812 1389 3867 ﬁunt
1427 3813 1674 3868 dicantur
1698 3829 1728 3868 a
1758 3813 1913 3869 Patre
1942 3815 2087 3880 ﬁeri,
2115 3828 2239 3870 sunt

652 3914 830 3960 tamen
877 3919 1039 3974 opera
1079 3902 1218 3959 Filii.
1266 3904 1419 3971 Quod
1457 3914 1633 3959 autem
1680 3904 1797 3959 Filii
1838 3921 2049 3976 quoque
2074 3922 2238 3975 opera

615 4066 629 4080 .
647 3997 761 4061 sint
781 3995 973 4060 Patris,
1002 3995 1125 4051 audi
1147 4011 1330 4051 rursus
1348 4011 1471 4051 eum
1497 3997 1797 4052 dicentem:
1819 3996 1985 4053 Nemo
2014 4001 2147 4052 venit
2170 4003 2239 4054 ad

649 4104 751 4156 me,
782 4088 879 4142 nisi
922 4086 1079 4141 Pater
1118 4089 1212 4157 qui
1248 4105 1325 4141 me
1353 4090 1507 4153 misit,
1551 4091 1760 4143 traxerit
1800 4107 1913 4145 sunt
1944 4092 1965 4161 (
1995 4091 2151 4147 Joan.
2181 4093 2234 4148 6.

650 4176 765 4249 ιι).
795 4179 861 4233 Ει
890 4193 1108 4234 rursus:
1138 4177 1303 4233 Nemo
1347 4189 1505 4249 potest
1552 4182 1722 4235 venire
1760 4182 1829 4234 ad
1872 4181 2101 4249 Patrem,
2142 4186 2238 4238 nisi

652 4286 743 4341 per
756 4286 835 4325 me
857 4269 1035 4341 (Joan.
1055 4271 1141 4325 Η.
1158 4269 1239 4340 6).
1264 4271 1378 4325 Non
1399 4267 1523 4325 sunt
1541 4286 1670 4341 ergo
1694 4273 1807 4327 lucc
1830 4272 2065 4329 humano
2091 4290 2241 4344 more

651 4360 979 4432 accipienda.
1025 4361 1157 4416 Nam
1202 4361 1331 4416 illud
1364 4376 1596 4431 quoque,
1627 4361 1868 4418 Inimicos
1895 4374 2023 4431 tuos,
2058 4368 2128 4421 ita
2155 4377 2238 4421 est

650 4455 1043 4528 accipiendum,
1091 4470 1197 4510 non
1231 4461 1499 4525 tamquam
1545 4455 1663 4525 ejus
1700 4457 1865 4511 solius
1903 4457 2146 4513 inimicos
2168 4460 2241 4512 si-

650 4550 886 4620 gniﬁcet.
944 4550 1044 4617 Qui
1094 4551 1228 4604 enim
1264 4564 1367 4603 non
1407 4549 1622 4603 honorat
1655 4548 1871 4617 Filium,
1917 4550 2108 4622 inquit,
2150 4568 2241 4605 nec

654 4639 864 4696 Putrem
888 4640 1100 4695 honorat
1130 4638 1308 4712 (Jonn.
1331 4640 1383 4696 5.
1411 4640 1525 4712 23).

724 4773 779 4829 5.
818 4772 996 4840 Quare
1042 4770 1215 4828 Judaai
1258 4787 1363 4827 non
1404 4782 1528 4826 sunt
1575 4772 1693 4842 ejus
1736 4780 1938 4828 tantum
1998 4775 2236 4842 inimici,

652 4874 839 4919 verum
868 4863 1027 4917 etiam
1055 4862 1245 4917 Patris.
1294 4859 1554 4930 Quocirca
1600 4862 1681 4917 eis
1711 4863 1874 4917 etiam
1918 4864 2097 4919 attulit
2146 4882 2240 4919 ex-

653 4957 828 5023 itium,
860 4964 915 5011 et
958 4955 1223 5010 civitatem
1276 4970 1463 5011 eorum
1513 4954 1694 5021 diruit,
1724 4958 2017 5027 evertitque
2067 4959 2241 5013 fundi-

656 5057 747 5107 tus
772 5092 787 5116 ,
832 5052 937 5105 etsi
986 5065 1097 5104 non
1155 5046 1341 5102 statim
1375 5056 1494 5116 post
1536 5062 1749 5103 crucem
1774 5085 1789 5112 ,
1822 5057 1875 5103 et
1922 5049 2137 5120 longum
2162 5050 2241 5104 eis

656 5149 866 5207 tempus
890 5137 1037 5194 dedit
1074 5136 1139 5191 ad
1170 5139 1564 5206 paenitentiam,
1593 5139 1638 5192 si
1679 5139 1839 5193 modo
1866 5140 2066 5195 vellent
2100 5142 2237 5195 resi-

654 5230 895 5301 piscere,
922 5237 977 5283 et
1001 5228 1175 5283 emisit
1216 5228 1505 5297 apostolos,
1539 5237 1596 5282 ut
1648 5242 1769 5283 cum
1816 5244 1910 5297 per
1952 5231 2095 5300 ipsos
2124 5231 2241 5301 ejus

653 5321 966 5378 didicissent
991 5321 1301 5393 potentiam,
1332 5320 1416 5377 vel
1458 5336 1580 5377 sero
1618 5323 1830 5378 tandem
1861 5337 2235 5380 converteren-

718 5460 736 5492 ι
774 5458 830 5509 In
854 5457 970 5508 edit.
1000 5456 1166 5523 novel.
1196 5463 1379 5523 αωοβ
1408 5457 1687 5520 legebatur,
1709 5472 1770 5510 ιιι
1810 5470 1830 5510 δ
1859 5472 1980 5523 μαι,
2010 5473 2095 5523 ges,
2128 5473 2238 5511 αὑτὸν

655 5534 716 5584 ιδ,
742 5532 1035 5584 σωρὸν-Μῖνι
1068 5518 1231 5569 Vertit
1246 5518 1507 5569 Gentiamis
1528 5527 1767 5571 nervetus
1784 5559 1797 5580 ,
1824 5521 1870 5584 ei
1890 5518 2022 5584 apud
2041 5518 2237 5571 crucem

655 5582 845 5643 dicens;
867 5582 913 5630 id
935 5582 1067 5631 stare
1089 5594 1184 5631 non
1208 5588 1407 5644 potest;
1432 5594 1528 5630 non
1552 5584 1681 5631 enim
1713 5583 1838 5643 apud
1862 5582 2059 5631 crucem
2086 5584 2161 5631 vel
2189 5585 2236 5633 in

654 5655 804 5694 utare
826 5641 896 5693 ea
927 5654 1037 5705 quae
1059 5641 1331 5705 sequuntur
1354 5641 1573 5694 Christus
1592 5646 1714 5694 Patri
1738 5641 1947 5694 dicebat.
1976 5645 2141 5693 Melius
2165 5646 2234 5693 in-

654 5704 1029 5774 terpretaretur.
1055 5711 1101 5754 et
1131 5704 1361 5764 Saluator,
1386 5706 1540 5767 ipsam
1563 5718 1754 5774 crucem
1776 5707 1828 5774 in
1850 5706 2008 5774 annuo
2028 5706 2205 5774 liquens
2219 5741 2232 5763 .

654 5768 793 5817 dicit.
826 5768 984 5816 Lectio
1018 5775 1182 5817 autem
1213 5774 1500 5817 cancrorum
1527 5770 1879 5830 exemplarium
1914 5770 2043 5820 bene
2068 5768 2231 5828 habet,

652 5843 743 5895 ψς
759 5840 866 5880 me.
892 5842 952 5879 ut
973 5842 1116 5898 ηιςιμ
1137 5842 1271 5892 λέγων,
1297 5830 1360 5878 ad
1386 5836 1576 5882 Patrem
1599 5829 1755 5893 ipsum
1782 5830 1961 5882 (licens.

1354 416 1413 473 s.
1454 404 1734 473 JOANNIS
1756 395 2236 471 cnnvsostout
2289 398 2607 458 ARCHIEP.
2641 398 3178 460 consumtum.

3868 404 4016 463 27‘!

2357 527 2462 572 tur.
2490 516 2623 572 Cum
2649 526 2826 571 autem
2863 529 3009 572 esset
3032 529 3217 571 eorum
3261 515 3482 570 morbus
3521 516 4007 581 immedimliitis,

2351 608 2433 662 eis
2457 609 2813 678 colophonem
2845 608 3107 663 malorum
3137 608 3373 671 induxit;
3405 624 3465 662 ea
3494 624 3704 677 quoque
3746 614 4009 664 ratione

2350 713 2447 753 eos
2494 715 2677 753 rursus
2706 713 2901 754 vocans
2942 698 3012 753 ad
3048 699 3413 767 penitentiam
3438 738 3453 762 ,
3482 708 3541 752 ut
3574 715 3693 753 cum
3725 716 3756 752 a
3786 710 4004 755 νυιιΊΊ

2351 791 2521 847 forma
2568 791 2872 861 reipublicae
2909 793 3240 857 exciderint,
3270 791 3353 846 vel
3381 792 3453 846 ab
3497 792 3610 862 ipsa
3640 807 3829 845 rerum
3871 808 3999 847 ne-

2347 885 2595 938 cessitate
2614 882 2681 936 ad
2702 882 2980 937 veritatem
3008 881 3360 945 deducantur,
3393 897 3515 936 cum
3538 893 3591 937 et
3612 898 3759 946 eum,
3790 898 4011 952 qucnr

2350 975 2560 1045 probris
2584 982 2639 1027 et
2669 973 2880 1043 injuriis
2906 972 3220 1040 aﬂecerunt,
3249 974 3464 1029 videant
3494 975 3688 1045 ubique
3708 975 3993 1039 adorari.

2348 1070 2404 1120 et
2431 1080 2523 1119 sua
2546 1065 2723 1119 omnia
2758 1066 2954 1120 misere
2975 1065 3262 1121 corruisse.
3291 1064 3518 1132 Quando
3554 1075 3733 1120 autem
3772 1081 3850 1120 ne
3894 1068 4001 1121 sic

2341 1155 2562 1225 quidem
2606 1155 2857 1210 meliores
2884 1156 3189 1225 evaserint,
3222 1165 3350 1211 tunc
3388 1154 3602 1212 tandem
3630 1199 3643 1218 .
3667 1165 3728 1210 ut
3755 1156 3997 1227 quibus

2349 1242 2480 1299 niltil
2512 1245 2742 1315 supersit
2770 1246 2942 1301 venia:
2964 1288 2979 1313 ,
3010 1247 3063 1301 in
3104 1248 3408 1302 immortale
3441 1246 3799 1302 detrudentur
3831 1263 3993 1317 sup-

2347 1335 2583 1405 plicium.
2610 1335 2741 1391 Cum
2785 1344 2964 1393 autem
3006 1337 3159 1392 audis
3187 1335 3502 1403 Scoheltum,
3532 1353 3597 1391 ne
3640 1347 3797 1406 putes
3831 1354 3997 1393 eum

2344 1427 2526 1483 dicere
2575 1427 2772 1499 aliquid
2820 1428 3116 1495 sensibile,
3162 1428 3257 1483 sed
3308 1429 3476 1499 ipsam
3532 1427 3982 1498 subjectioncm.

2345 1518 2497 1586 Quod
2516 1528 2702 1599 autem
2727 1520 2777 1574 ei
2809 1519 3077 1589 subjiciat,
3098 1519 3303 1575 clarum
3342 1527 3426 1575 est
3463 1534 3530 1574 ex
3555 1533 3621 1574 eo
3645 1519 3790 1589 quod
3822 1519 3984 1572 sub-

2341 1612 2581 1682 jungitur
2605 1629 2620 1675 ;
2647 1611 2769 1683 quia
2798 1613 2943 1668 enim
2979 1622 3064 1669 est
3091 1627 3228 1667 unus
3256 1610 3513 1679 thronus,
3539 1626 3702 1665 unum
3730 1614 3982 1682 quoque

2345 1714 2429 1759 est
2454 1702 2766 1759 scabellttm.

2416 1793 2753 1866 'Prt'ttcipatus
2779 1791 3060 1866 Unigenitt'.
3099 1792 3290 1865 Pcrpes
3328 1803 3404 1848 est
3447 1791 3634 1848 Christi
3683 1792 3975 1862 principa-

2345 1892 2445 1940 tus.
2488 1914 2562 1926 -—-
2619 1886 2675 1939 5.
2733 1883 2923 1940 Tecum
2975 1886 3289 1956 principatus
3342 1886 3396 1939 in
3442 1884 3525 1939 die
3570 1885 3769 1938 virtutis
3823 1893 3966 1938 ωε.

2343 1976 2605 2044 Quoniam
2636 1976 2771 2032 dixit
2813 1978 3089 2047 superius,
3119 1975 3296 2031 Donec
3335 1992 3521 2047 ponam
3562 1975 3798 2029 inimicos
3838 1987 3977 2029 tuos

2342 2067 2617 2124 scabellum
2637 2068 2821 2139 pedum
2847 2078 3073 2135 tuorum,
3096 2085 3165 2124 ne
3192 2068 3313 2139 quis
3339 2068 3677 2123 existimaret
3700 2083 3826 2123 esse
3854 2068 3970 2122 im-

2346 2159 2596 2215 becillum
2622 2159 2838 2226 Filium,
2865 2170 2920 2216 et
2952 2174 3087 2230 opus
3112 2159 3309 2215 habere
3342 2159 3653 2230 operatione
3678 2200 3695 2225 ,
3727 2158 3875 2213 sicut
3900 2166 3971 2214 et

2345 2251 2651 2322 quempiam
2676 2266 2743 2307 ex
2773 2252 3031 2321 apostolis
3053 2291 3068 2316 ,
3096 2252 3216 2306 audi
3256 2250 3529 2323 quomodo
3566 2249 3723 2305 affert
3765 2266 3963 2305 reme-

2346 2345 2493 2401 dium
2527 2345 2651 2400 huic
2692 2344 3019 2415 suspicioni,
3047 2344 3231 2400 dicens
3262 2361 3274 2397 :
3306 2339 3492 2399 Tecum
3536 2344 3857 2413 principatus
3901 2343 3966 2396 in

2344 2436 2429 2491 die
2470 2437 2665 2490 virtutis
2696 2446 2813 2489 truc.
2841 2434 2979 2502 Quid
3002 2445 3123 2501 est,
3153 2433 3343 2489 Tecum
3386 2435 3745 2504 principatus?
3777 2434 3836 2488 lu
3872 2444 3957 2499 te,

2347 2527 2536 2598 inquit,
2560 2536 2643 2581 est
2661 2526 3005 2597 principatus,
3028 2526 3115 2596 qui
3145 2541 3250 2579 non
3277 2534 3461 2595 postea
3487 2526 3732 2589 accessit,
3762 2523 3861 2579 sed
3898 2524 3957 2578 in

2347 2627 2399 2674 te
2436 2630 2518 2674 est
2559 2628 2815 2689 perpetuo
2852 2634 2866 2671 :
2898 2617 3039 2688 quod
3074 2618 3233 2671 etiam
3270 2616 3431 2672 Isaias
3463 2616 3710 2671 similiter
3737 2616 3958 2686 signiﬁ-

2343 2726 2473 2767 cans
2497 2710 2709 2767 dicebat
2741 2728 2753 2764 :
2786 2709 2950 2779 Cujus
2986 2710 3300 2780 principatus
3343 2724 3495 2777 super
3529 2707 3793 2759 humerum
3835 2707 3962 2775 ejus

2346 2803 2498 2875 (Isai.
2528 2804 2584 2859 9.
2614 2802 2668 2873 6)
2698 2802 2840 2869 ;hoc
2865 2811 2948 2857 est
2970 2842 2986 2867 ,
3016 2801 3070 2856 in
3110 2802 3247 2870 ipso,
3280 2802 3331 2855 in
3362 2800 3657 2855 substantia
3704 2799 3822 2867 ejus
3842 2838 3859 2862 ,
3893 2799 3955 2853 in

2346 2906 2534 2952 natura
2559 2896 2676 2965 ejus
2708 2913 2722 2948 :
2752 2895 2894 2965 quod
2920 2884 3134 2965 quidem
3162 2908 3267 2948 non
3294 2894 3433 2947 inest
3460 2893 3511 2946 in
3540 2891 3772 2961 regibus.
3797 2890 3955 2945 Prin-

2346 2988 2555 3058 cipatus
2601 2983 2743 3042 enim
2785 3000 2970 3041 eorum
3020 2994 3104 3040 est
3141 2984 3193 3037 iu
3238 2983 3577 3037 multitudine
3628 2982 3949 3036 exercitus:

2345 3080 2488 3150 quod
2530 3094 2637 3132 non
2684 3085 2801 3132 erat
2843 3076 2894 3129 in
2941 3075 3215 3146 apostolis.
3259 3074 3392 3130 Nam
3435 3075 3671 3145 ipsorum
3727 3088 3951 3143 quoque

2346 3172 2671 3243 principatus
2695 3168 2961 3224 stabilitus
2987 3166 3081 3222 fuit
3112 3182 3209 3237 per
3233 3168 3601 3237 Operationem
3628 3166 3707 3220 eis
3733 3165 3947 3220 extrin-

2344 3279 2500 3320 secus
2549 3264 2855 3327 inductam;
2896 3263 3011 3332 ipse
3058 3273 3237 3317 autem
3279 3261 3464 3316 habuit
3503 3259 3854 3330 principatum
3889 3258 3947 3313 in

2345 3364 2555 3420 natura,
2587 3354 2638 3408 in
2666 3355 2985 3420 substantia,
3018 3360 3075 3407 ut
3096 3353 3184 3423 qui
3213 3368 3317 3406 non
3346 3367 3469 3407 eum
3501 3350 3767 3421 acceperit
3791 3358 3943 3419 post-

2344 3460 2503 3518 quam
2544 3448 2639 3502 l'uit
2661 3448 2902 3517 genitus,
2944 3461 3044 3501 nec
3068 3446 3431 3500 exstrinsecus
3472 3444 3813 3513 imperiatum
3848 3451 3947 3497 aut

2344 3538 2693 3593 adventitlum
2714 3537 3030 3607 possederit,
3055 3536 3149 3591 sed
3178 3537 3246 3590 ita
3276 3536 3346 3591 sit
3372 3534 3602 3607 genitus.
3626 3532 3696 3588 Et
3724 3532 3843 3588 ideo
3868 3533 3944 3590 de

2344 3646 2512 3701 rrgno
2537 3645 2749 3700 quoque
2778 3628 3156 3698 interrogatus,
3188 3628 3396 3683 dicebat
3428 3642 3441 3679 :
3476 3626 3587 3697 Ego
3616 3627 3684 3679 ad
3721 3627 3814 3679 hoc
3839 3641 3939 3678 na-

2346 3731 2425 3774 tus
2452 3738 2595 3785 sum,
2626 3730 2671 3774 et
2699 3719 2767 3772 ad
2792 3721 2887 3773 hoc
2916 3720 3047 3772 ueni.
3079 3717 3266 3771 Tecum
3302 3718 3617 3787 principatus
3654 3716 3708 3769 in
3733 3716 3813 3769 die
3839 3731 3940 3785 po-

2345 3811 2511 3865 tentia:
2530 3822 2631 3865 tua:
2659 3810 2835 3882 (Joan.
2859 3810 2945 3865 l8.
2969 3807 3083 3880 37).
3114 3808 3231 3863 Non
3262 3812 3376 3863 haec
3408 3818 3586 3882 autem
3612 3808 3784 3863 solum
3816 3821 3939 3876 qua:

2345 3903 2485 3956 dicta
2525 3911 2677 3965 sunt,
2721 3900 2986 3970 signiﬁcat
3035 3898 3196 3967 illud,
3235 3897 3426 3954 Tecum
3468 3900 3813 3969 principatus,
3838 3897 3937 3951 sed

2344 3994 2505 4046 etiam
2531 3992 2658 4057 alia,
2687 4007 2881 4060 nempe
2906 4006 3010 4046 non
3037 4004 3156 4045 esse
3184 3992 3297 4060 ejus
3324 3989 3677 4061 principatum
3702 3991 3755 4043 in
3792 3990 3896 4043 alio
3915 4030 3930 4053 ,

2345 4084 2441 4138 sed
2470 4098 2589 4138 esse
2615 4092 2927 4154 perpetuum
2952 4092 3004 4139 et
3036 4083 3413 4139 immortalem.
3440 4083 3696 4139 Homines
3720 4081 3855 4137 enim
3884 4082 3932 4136 is

2346 4176 2428 4229 vel
2460 4178 2695 4231 viventes
2722 4189 2871 4244 stepe
2901 4170 3104 4229 deserit
3136 4192 3149 4227 :
3182 4183 3235 4229 et
3269 4175 3315 4228 si
3346 4189 3454 4228 non
3486 4174 3724 4227 viventes
3747 4212 3762 4238 ,
3788 4180 3932 4229 certe

2344 4267 2563 4323 omnino
2588 4276 2859 4331 mortuos;
2891 4266 2998 4321 imo
3018 4280 3175 4331 vero,
3202 4267 3344 4338 quod
3378 4267 3549 4336 majus
3574 4273 3676 4331 est,
3704 4280 3771 4320 ne
3805 4263 3930 4320 dum

2345 4358 2529 4412 vivunt
2552 4358 2786 4427 quidem,
2813 4365 2898 4412 est
2920 4372 3043 4413 cum
3063 4359 3171 4425 eis;
3203 4360 3315 4424 sed,
3346 4369 3403 4413 ut
3418 4359 3529 4429 jam
3547 4358 3679 4426 dixi,
3703 4358 3754 4412 in
3779 4372 3930 4413 exer-

2345 4451 2556 4516 citibus,
2584 4460 2640 4505 et
2663 4450 3001 4517 satellitibus,
3030 4468 3093 4506 ac
3117 4452 3359 4521 corporis
3387 4450 3719 4517 custodibus,
3740 4450 3790 4505 in
3818 4465 3930 4504 ma-

2344 4559 2445 4613 gna
2468 4543 2513 4597 vi
2540 4542 2798 4613 pecunite,
2819 4542 2872 4598 in
2898 4558 3171 4599 murorum
3196 4543 3423 4609 ambitu,
3449 4550 3504 4597 et
3527 4540 3644 4595 aliis
3665 4539 3925 4596 omnibus:

2345 4636 2398 4689 in
2430 4635 2539 4691 Deo
2566 4643 2743 4690 autem
2772 4650 2878 4690 non
2919 4635 3080 4690 modo
3105 4650 3213 4689 non
3240 4635 3311 4689 ita
3338 4642 3449 4698 est,
3482 4633 3575 4689 sed
3607 4634 3659 4687 in
3690 4634 3801 4703 ipso
3824 4641 3924 4700 est,

2345 4736 2398 4783 et
2429 4738 2727 4798 perpetuo:
2757 4738 2810 4783 et
2855 4727 3306 4798 quemadmodum
3355 4727 3470 4781 ﬁeri
3510 4740 3617 4780 non
3664 4734 3830 4796 potest
3868 4734 3927 4780 ut

2344 4835 2450 4875 nou
2491 4820 2559 4875 sit
2583 4819 2701 4891 ejus
2731 4820 3051 4885 substantia,
3080 4820 3152 4874 ita
3179 4819 3341 4875 etiam
3369 4827 3429 4872 ut
3458 4832 3563 4871 non
3593 4816 3664 4870 sit
3688 4832 3922 4887 regnum.

2345 4911 2411 4965 In
2441 4913 2523 4967 die
2566 4914 2802 4981 potentia
2829 4920 2947 4966 tute.
2979 4911 3133 4967 Diem
3175 4912 3427 4981 potentiae
3470 4920 3623 4980 potes
3659 4910 3830 4964 dicere
3869 4910 3924 4964 εἰ

2344 5007 2485 5062 diem
2513 5006 2601 5077 qui
2623 5006 2735 5076 jam
2759 5004 2878 5069 fuit,
2903 5012 2959 5059 et
2981 5004 3122 5059 diem
3143 5003 3233 5074 qui
3267 5003 3476 5057 futurus
3495 5012 3594 5056 est.
3626 5003 3680 5056 ln
3710 5011 3923 5069 utroque

2344 5100 2485 5155 enim
2534 5098 2767 5154 maxima
2796 5096 3094 5151 ostenditur
3124 5096 3382 5166 potentia.
3414 5098 3603 5149 Annon
3644 5095 3738 5149 tibi
3788 5092 3924 5147 vide-

2346 5202 2433 5246 tur
2455 5205 2575 5246 esse
2601 5190 2889 5243 maximum
2918 5189 3167 5258 potentia:
3191 5197 3582 5258 argumentum.
3605 5184 3814 5256 quando
3835 5200 3920 5253 per

2346 5292 2569 5335 mortem
2603 5294 2748 5333 mors
2787 5279 3023 5341 deletur,
3057 5279 3269 5349 quando
3298 5287 3465 5347 porta:
3499 5294 3662 5333 aenea:
3698 5276 3915 5331 confrin-

2341 5384 2571 5441 guntur,
2600 5370 2813 5440 quando
2839 5382 3115 5440 peccatum
3160 5370 3405 5425 aboletur
3424 5411 3437 5435 ,
3471 5369 3685 5440 quando
3712 5367 3921 5423 maledi-

2341 5472 2482 5514 ctum
2511 5462 2755 5526 solvitur,
2782 5462 2996 5532 quando
3022 5470 3201 5516 vetera
3228 5462 3405 5516 omnia
3438 5460 3574 5514 mala
3606 5468 3915 5523 evertuntur,

2343 5565 2397 5607 et
2433 5553 2533 5607 alia
2570 5539 2704 5608 πιόντι
2746 5555 2881 5608 bona
2927 5554 3377 5608 introducuntur?
3402 5554 3538 5618 Quid
3578 5554 3720 5606 enim
3760 5560 3917 5620 potest

2342 5660 2459 5697 cum
2491 5644 2589 5699 hac
2617 5644 2848 5700 conferri
2878 5646 3132 5713 potentia,
3159 5646 3269 5698 sive
3298 5645 3606 5698 consideres
3638 5644 3871 5696 miracula
3893 5681 3908 5707 ,

2343 5735 2451 5789 sive
2479 5734 2833 5803 pulcherrima
2870 5735 3119 5790 .i‘acinora
3149 5737 3171 5787 ?
3199 5735 3387 5789 Morini
3417 5734 3779 5788 CXCllilbaillilr
3800 5774 3812 5795 ,
3844 5734 3911 5789 le-

2340 5823 2491 5893 prosi
2551 5826 2960 5895 mund-illabitur,
3002 5826 3269 5881 dwmones
3309 5825 3741 5893 expellebantur,
3783 5842 3911 5883 utare
