4154 6434
690 335 797 392 373

689 451 1013 521 ταπέτασμα
1046 450 1309 521 ἐσχίζετο,
1335 452 1551 514 ἀκτῖνες
1592 450 1741 522 ἡλίου
1780 451 2186 519 ἀπεστρέφοντο
2209 461 2260 510 ⁸,

693 535 788 590 καὶ
813 534 1001 596 σκότος
1024 534 1121 605 τὴν
1142 534 1463 605 οἰκουμένην
1486 533 1883 603 κατελάμϐανε,
1908 532 2133 603 σώματα
2157 530 2263 583 τῶν

690 622 1104 692 κεκοιμημένων
1126 622 1296 689 ἁγίων
1309 621 1584 692 ἠγείρετο,
1601 621 1803 691 λῃστὴς
1821 622 1898 682 είς
1917 622 2014 685 τὴν
2034 618 2264 690 ἀρχαίαν

691 710 917 779 ἐπανῄει
934 708 1180 779 πατρίδα,
1200 708 1430 780 οὐρανοῦ
1452 708 1633 777 άιίιίδες
1650 706 1802 779 [258]
1819 707 2258 767 ἀνεπετάννυντο,

692 798 725 865 ἡ
750 796 908 863 φύσις
928 798 961 864 ἡ
985 796 1491 866 καταπεπατημένη
1517 795 1655 864 ὐπέρ
1681 794 1773 847 τὸν
1800 794 2026 865 οὐρανὸν
2054 792 2147 845 τοῦ
2174 791 2265 845 οὐ-

696 882 853 953 ρανοῦ
890 884 1027 952 πρὸς
1058 885 1126 937 τά
1164 883 1433 954 ὑψώματα
1465 883 1717 953 ἀνήγετο,
1750 882 1845 933 καὶ
1886 882 1947 933 τὸ
1980 880 2043 949 δὴ
2072 878 2263 932 τούτου

694 968 896 1038 μεῖζον,
918 971 1010 1022 ἐπὶ
1037 970 1227 1040 θρόνου
1256 967 1541 1033 ἐκαθέζετο
1565 966 1867 1038 βασιλικοῦ,
1896 966 2263 1038 παρεστώτων

690 1056 937 1123 ἀγγέλων
971 1059 1105 1128 αὐτῇ
1145 1058 1239 1109 καὶ
1266 1057 1376 1109 τῶν
1401 1056 1680 1127 δυνάμεων
1698 1073 1711 1086 ο
1735 1056 1901 1109 κακία
1923 1057 2070 1108 πᾶσα
2097 1054 2264 1122 ἠλαύ-

692 1161 830 1204 νετο,
882 1146 1049 1215 ἀρετὴ
1093 1146 1422 1216 ἐπανήγετο,
1468 1145 1782 1216 Πνεύματος
1828 1143 1987 1215 χάρις
2038 1143 2255 1207 ἐδίδοτο,

690 1232 880 1295 ἁλιεῖς.
914 1233 1004 1284 καὶ
1034 1232 1279 1296 τελῶναι,
1306 1232 1399 1285 καί⁵
1430 1232 1744 1303 σκηνοποιοὶ
1768 1231 2071 1300 φιλοσόφων
2093 1230 2263 1301 ἀπέρο

692 1323 897 1390 ῥαπτον
937 1320 1200 1388 στόματα,
1236 1321 1481 1391 ρητόρων
1501 1321 1843 1391 ἀπέστρεφον
1864 1319 2129 1388 γλῶτταν,
2156 1319 2264 1371 δαι-

693 1404 869 1472 μόνων
916 1406 1174 1460 κατέλυον
1201 1407 1491 1477 τυραννίδα
1518 1424 1532 1439 ’
1588 1406 1799 1476 βωμοὶ,
1851 1408 1945 1460 καὶ
1978 1407 2127 1471 ναοὶ,
2168 1406 2261 1459 καὶ

688 1491 890 1560 ἐορταὶ.
925 1493 1018 1545 καὶ
1048 1494 1385 1564 πανηγύρεις
1429 1492 1735 1562 Ἐλληνικαί
1763 1491 2033 1547 διελύοντο
2053 1509 2066 1521 ·
2104 1495 2261 1545 κνῖσα

688 1578 781 1631 καὶ
804 1578 1024 1644 καπνὸς,
1052 1582 1145 1634 καὶ
1172 1580 1239 1635 τὰ
1262 1582 1429 1653 ἐναγῆ
1455 1580 1673 1652 θύματα
1698 1581 1877 1635 πάντα
1897 1580 2039 1635 κατά
2063 1582 2260 1651 κράτος

685 1663 970 1732 ἠλαύνετο,
996 1666 1216 1735 μάντεις
1254 1671 1348 1723 καὶ
1388 1668 1805 1742 μητραγύρται,
1850 1669 1944 1722 καὶ
1971 1670 2258 1723 οἰωνοσκόε-

687 1767 800 1817 ποι,
833 1752 926 1806 καὶ
967 1752 1111 1807 άπαν
1141 1752 1236 1807 τοῦ
1262 1755 1507 1809 διαϐόλου
1534 1756 1594 1810 τὸ
1632 1757 1990 1827 ἐργαστήριον
2027 1754 2254 1825 ἐδραπέ-

682 1852 861 1903 τευον,
900 1837 1216 1911 Ἐκκλησίαι
1263 1842 1538 1912 πανταχοῦ
1582 1842 1681 1911 τῆς
1727 1842 2053 1913 οἰκουμένης
2097 1841 2257 1895 ἐϐλά-

686 1942 912 1995 στανον,
969 1929 1253 2000 παρθένων
1304 1931 1453 2001 χοροὶ
1511 1930 1823 1984 συνίσταντο
1847 1970 1862 1993 ,
1916 1928 2257 2000 μοναζόντων

682 2014 958 2085 τάγματα,
1001 2015 1139 2086 μετά
1166 2016 1275 2070 τῶν
1306 2016 1514 2071 πόλεων
1544 2016 1639 2071 καὶ
1673 2018 1705 2088 ή
1741 2016 1946 2089 ἔρημος
1973 2016 2255 2082 εὐσεϐείας

683 2100 1007 2172 ἐπληροῦτο,
1037 2103 1127 2156 καί
1148 2102 1299 2175 χοροὶ
1319 2103 1541 2158 δικαίων
1566 2106 1661 2159 καὶ
1680 2104 1851 2172 ἁγίων
1878 2102 2086 2175 ἀνδρῶν
2108 2106 2249 2159 ἰστάα

686 2203 838 2257 μενοι
878 2190 997 2252 ταῖς
1020 2190 1132 2244 ἀνω
1172 2189 1433 2260 δυνάμεσι
1461 2191 1571 2244 τῶν
1618 2190 1867 2260 ἀγγέλων
1890 2190 2155 2261 άντήχουν
2196 2193 2255 2247 ἐν

681 2274 749 2344 τῇ
788 2273 1048 2347 μελῳδίᾳ,
1094 2276 1189 2330 καί
1222 2275 1517 2349 μαρτύρων
1564 2277 1745 2349 δῆμοι,
1787 2279 1882 2331 καὶ
1906 2278 2255 2349 όμολογητῶν

683 2358 863 2433 ⁴πλήθη
910 2361 1183 2433 πανταχοῦ
1216 2362 1317 2433 τῆς
1358 2364 1679 2435 οἰκουμένης
1732 2365 2041 2434 ἐφυτεύετο,
2086 2367 2254 2439 ἀρετὴ

684 2446 826 2517 μετὰ
860 2447 1060 2519 πολλῆς
1108 2449 1455 2521 κατωρθοῦτο
1506 2450 1606 2520 τῆς
1646 2451 1930 2517 εὐκολίας,
1964 2453 2255 2524 βαρϐάρων

684 2534 811 2605 ἔθνη
845 2534 1151 2605 φιλοσοφεῖν
1175 2537 1508 2601 ἐπαιδεύετο,
1539 2539 1633 2591 καὶ
1664 2540 1712 2591 οἱ
1744 2539 1945 2610 θηρίων
1984 2540 2253 2611 ἀγριώτε-

687 2639 769 2693 ροι
820 2623 957 2693 πρὸς
997 2624 1096 2695 τήν
1126 2623 1233 2677 τῶν
1278 2624 1523 2694 ἀγγέλων
1574 2625 1844 2680 πολιτείαν
1874 2626 1971 2699 τήν
2020 2628 2253 2698 ἅμιλλαν

682 2708 1081 2776 ἐπεδείκνυντο,
1115 2710 1210 2764 καὶ
1236 2710 1367 2781 ὅσην
1402 2710 1553 2782 ἡλιος
1584 2714 1755 2785 ἐφορᾷ
1778 2714 1901 2785 γῆν,
1928 2717 2197 2786 τοσαύτην
2224 2717 2253 2770 ό

680 2794 838 2864 λόγος
863 2798 1121 2868 ἐπέτρεχε
1154 2798 1291 2867 μετά
1316 2800 1404 2855 τὸν
1431 2800 1663 2871 σταυρὸν
1684 2802 1778 2854 καὶ
1803 2802 1901 2873 τὴν
1933 2802 2248 2859 ἀνάστασιν.

682 2880 862 2954 Ἀπερ
891 2883 1106 2939 ᾶπαντα
1136 2884 1389 2959 ἐννῴχῤ
1418 2888 1703 2958 Προφήτης
1731 2886 1882 2955 ἔλεγε
1902 2904 1915 2918 ’
1950 2890 2108 2944 Μετὰ
2135 2889 2252 2944 σοῦ

681 2970 720 3039 ἡ
752 2970 909 3041 ἀρχὴ
937 2971 1007 3027 ἐν
1028 2971 1218 3044 ἡμέρᾳ
1250 2972 1357 3042 τῆς
1387 2973 1693 3045 δυνάμεώς
1718 2990 1855 3030 σου·

752 3141 832 3208 ς’.
856 3142 919 3196 Εἰ
936 3142 992 3196 δέ
1015 3140 1193 3212 βούλει
1218 3142 1313 3197 καὶ
1328 3144 1427 3216 τήν
1446 3143 1744 3215 μέλλουσαν
1762 3145 1972 3218 ἡμέραν
1997 3146 2252 3213 ίδεῖν,καὶ

682 3228 874 3299 μαθεῖν
905 3228 1022 3295 πῶς
1052 3232 1144 3285 καὶ
1168 3230 1353 3301 ἐκείνη
1377 3230 1557 3305 ἡμέρα
1581 3232 1865 3304 δυνάμεως
1893 3234 2057 3288 αὐτοῦ
2081 3236 2249 3299 ἐστιν,

679 3315 932 3387 ἐννόησον
957 3316 1143 3388 ἡλίκον
1177 3316 1325 3373 ἐστὶν
1357 3318 1483 3372 ἰδεῖν
1515 3319 1608 3373 τὸν
1636 3306 1864 3393 οὐρανὸν
1896 3321 2251 3394 συστελλόμε-

678 3420 795 3471 νον,
841 3404 936 3458 καὶ
964 3403 1184 3462 ἃπασαν
1219 3406 1317 3477 τὴν
1346 3405 1507 3477 φύσιν
1539 3407 1637 3478 τὴν
1668 3408 2114 3479 καταφθαρείσαν
2154 3411 2252 3463 ἀν-

681 3492 996 3567 ισταμένην,
1028 3495 1123 3551 καὶ
1160 3495 1238 3568 τῷ
1265 3495 1493 3566 νεύματι
1523 3498 1960 3569 παρισταμένους
1981 3499 2248 3567 ἅπαντας,

677 3580 922 3635 διάϐολον
947 3583 1458 3656 καταισχυνόμενον,
1478 3584 1736 3656 δαίμονας
1755 3586 1904 3640 κάτω
1924 3584 2249 3654 κύπτοντας,

675 3668 919 3734 δικαίους
967 3673 1470 3744 στεφανουμένους,
1520 3673 1751 3727 ἕκαστον
1786 3673 2016 3738 εὐθύνας
2046 3673 2254 3728 διδόντα

674 3755 785 3810 τῶν
810 3758 1383 3831 πεπλημμελημένων,
1411 3760 1480 3813 τὰ
1512 3759 1740 3832 βραϐεῖα
1775 3759 2120 3833 λαμϐάνοντα
2143 3762 2253 3817 τῶν

676 3844 1138 3919 κατορθωμάτων,
1178 3848 1370 3921 ἐτέρας
1407 3847 1554 3919 ζωῆς
1586 3850 1918 3904 κατάστασιν
1936 3849 2249 3923 γινομένην.

677 3932 875 3987 Οὐκέτι
900 3934 1009 4004 7&9
1034 3934 1291 4002 θάνατος,
1328 3934 1425 3988 καί⁵
1451 3936 1633 4000 νόσος,
1678 3936 1773 3989 καὶ
1806 3936 1983 4007 γῆρας
2003 3978 2019 4004 ,
2066 3938 2251 3993 οὐκέτι

675 4018 857 4085 πενία,
881 4019 977 4074 καὶ
996 4020 1272 4092 ἐπήρειαι,
1294 4021 1385 4076 καί
1412 4022 1715 4089 ἐπιϐουλαὶ,
1738 4023 1920 4079 οὐκέτι
1952 4025 2249 4099 οἰκήματα,

674 4106 769 4161 καὶ
794 4106 994 4173 πόλεις,
1023 4106 1119 4162 καὶ
1146 4108 1353 4179 τέχναι.
1377 4108 1471 4163 καί⁵
1492 4108 1780 4177 ναυτιλίαι,
1806 4110 1989 4166 οὐκέτι
2020 4113 2250 4183 ἱματίων

675 4193 960 4266 περιϐολὴ,
988 4196 1079 4249 καὶ
1108 4198 1251 4261 σῖτα,
1278 4197 1373 4251 καὶ
1395 4196 1555 4263 ποτά,
1580 4197 1675 4252 καὶ
1693 4197 1903 4270 δροφοι,
1927 4200 2022 4265 καὶ
2048 4200 2246 4267 κλῖναι,

675 4281 772 4334 καὶ
802 4281 1109 4352 τράπεζαι,
1138 4282 1234 4335 καὶ
1285 4282 1497 4353 λυχνίαι
1516 4322 1533 4348 ,
1578 4284 1763 4339 οὐκέτι
1807 4286 2122 4353 ἐπιϐουλαὶ,
2155 4288 2252 4342 καὶ

679 4369 881 4440 μάχαι,
915 4370 1010 4424 καὶ
1059 4370 1418 4443 δικαστήρια,
1451 4371 1636 4425 οὐκέτι
1662 4372 1867 4443 γάμοι,
1899 4374 1992 4427 καὶ
2042 4375 2249 4440 ὠδῖνες,

676 4458 773 4512 καὶ
789 4458 939 4513 τόκοι
960 4476 974 4491 ο
1003 4458 1140 4513 ἀλλὰ
1164 4458 1338 4514 ταῦτα
1360 4460 1539 4515 πάντα
1564 4460 1754 4533 ῶσπερ
1784 4461 1929 4526 κόνις
1961 4462 2252 4517 ἀποσοϐου-

680 4546 815 4617 μένη
850 4545 1200 4612 καταλύεται,
1232 4547 1326 4599 καί
1355 4546 1516 4619 ἐτέρα
1538 4565 1622 4612 τις
1644 4548 1883 4619 ἀμείνων
1908 4549 2053 4619 ζωῆς
2077 4550 2249 4605 κατά-

680 4648 869 4697 στασις
915 4632 1153 4699 δίδοται,
1211 4632 1558 4703 ἀφθαρσίας,
1605 4633 1922 4700 ἀθανασίας,
1968 4634 2249 4708 δυνάμεως

677 4717 880 4789 πολλῆς
906 4720 985 4790 τῷ
1009 4719 1219 4792 σώματι
1248 4718 1629 4791 χαριζομένης.
1659 4722 1834 4793 "Amp
1862 4723 1955 4777 καὶ
1979 4724 2008 4776 ό
2034 4723 2247 4789 Παῦλος

673 4806 873 4878 δηλῶν,
903 4807 1056 4877 ἔλεγε
1079 4825 1092 4838 ·
1129 4808 1383 4879 Παράγει
1412 4807 1521 4880 7&9
1551 4807 1617 4861 τὸ
1648 4807 1857 4878 σχῆμα
1883 4811 1989 4864 τοῦ
2015 4813 2245 4881 κόσμου

676 4894 911 4949 τούτου.
954 4896 1018 4949 Εἰ
1056 4896 1113 4949 δέ
1141 4896 1391 4959 ἀπιστεῖς
1412 4898 1525 4959 τοῖς
1559 4895 1869 4967 εἰρημένοις
1889 4935 1907 4962 ,
1953 4898 2139 4969 ἐπειδὴ
2172 4899 2247 4972 μή

676 4982 809 5052 ὁρᾷς
845 4982 984 5036 αὐτὰ
1015 4982 1279 5055 παρόντα,
1315 4982 1424 5037 ἀπὸ
1452 4982 1561 5037 τῶν
1590 4982 1875 5053 παρόντων
1906 4985 1986 5048 εἰς
2021 4984 2093 5039 τὰ
2118 4987 2248 5058 περί

677 5068 787 5124 τῶν
818 5068 1118 5141 μελλόντων
1155 5070 1398 5141 λάμϐανε
1434 5070 1535 5140 τὴν
1567 5069 1858 5135 ἀπόδειξιν.
1900 5071 2135 5127 Ἔπελθε
2168 5074 2248 5147 τῷ

676 5158 821 5230 λόγῳ
851 5158 951 5232 τὴν
995 5160 1315 5231 οἰκουμένην
1341 5159 1581 5225 ἃπασαν,
1624 5160 1725 5230 τὴν
1764 5162 1888 5233 γῆν,
1918 5161 2017 5231 τὴν
2043 5160 2245 5218 θάλασ-

679 5263 810 5311 σαν,
849 5246 946 5317 τὴν
983 5247 1239 5316 Ἑλλάδα,
1280 5248 1379 5320 τὴν
1418 5248 1714 5321 βάρϐαρον,
1758 5249 1857 5320 τὴν
1897 5251 2245 5321 οἰκουμένην,

678 5334 774 5403 τὴν
802 5336 1075 5407 ἀοίκητον,
1114 5336 1213 5401 τάς
1252 5337 1311 5391 ἐν
1340 5340 1406 5409 τῇ
1439 5340 1509 5409 γῇ
1536 5338 1739 5404 πόλεις,
1769 5337 1869 5403 τὰς
1901 5339 1961 5392 ἐν
1993 5342 2058 5411 τῇ
2094 5338 2244 5415 [259]

680 5422 922 5495 θαλάσσῃ
962 5425 1178 5495 νήσους,
1216 5424 1286 5478 τά
1318 5425 1441 5496 δρη,
1493 5426 1585 5479 καὶ
1620 5426 1719 5490 τάς
1759 5425 1958 5491 νάπας,
1986 5429 2080 5482 καὶ
2125 5429 2247 5485 ἰδὼν

679 5509 951 5580 πανταχοῦ
984 5512 1083 5582 τήν
1125 5511 1357 5582 δύναμιν
1402 5511 1496 5568 τοῦ
1540 5513 1775 5583 Χριστοῦ
1811 5514 2243 5588 διαλάμπουσαν,

742 5705 767 5732 ⁸
790 5703 911 5769 Reg.
936 5706 1072 5765 ἡλίου
1090 5707 1407 5763 ἐσκοτίζοντο.

1342 334 1400 389 S.
1437 332 1721 390 JOANNIS
1756 332 2245 391 CHRYSOSTOMI
2283 331 2607 388 ARCHIEP.
2648 328 3195 387 CONSTANTINOP.

3840 329 3958 383 9.7a}

2372 449 2461 499 καὶ
2489 449 2698 509 πάντας
2726 448 2788 499 τὸ
2812 445 2989 515 τίμιον
3021 446 3193 515 ὄνομα
3238 440 3726 511 άνακηρύττοντας.
3752 440 3949 493 άναλος

2369 537 2519 604 γίζου
2542 537 2677 607 πρὸς
2707 534 2919 599 ἐαυτὸν,
2952 535 3034 587 ὄτι
3062 537 3089 587 ό
3118 531 3353 586 τοσαῦτα
3373 531 3639 601 δυνηθεὶς,
3664 522 3818 594 οὗτος
3849 530 3957 584 καὶ

2368 625 2436 679 τὰ
2474 624 2735 695 μέλλοντα
2761 622 3145 693 ἐπηγγείλατο.

2438 804 2501 857 Εἰ
2533 801 2589 855 δέ
2620 801 2710 855 καὶ
2736 800 2843 855 ἀπὸ
2868 799 3067 871 μέρους
3092 796 3297 860 ἐθέλοις
3322 795 3621 865 λαμϐάνειν
3645 793 3950 858 ἀπόδειξιν,

2366 891 2617 961 ἐννόησον
2647 889 2791 951 τίνος
2834 882 3018 940 ἐνεκεν
3038 887 3072 956 ἡ
3104 884 3399 953 οἰκουμένη
3439 882 3719 952 συντρέχει
3755 882 3956 935 ἅπασα

2364 976 2534 1046 τάφον
2563 976 2687 1029 ἰδεῖν
2712 974 2869 1044 σῶμα
2883 974 2983 1026 οὐκ
3003 973 3197 1042 ἔχοντα
3216 988 3229 999 ’
3254 971 3383 1023 ποία
3402 969 3631 1039 δύναμις
3654 970 3800 1022 ἕλκει
3816 970 3955 1031 τοὺς

2365 1064 2473 1117 ἀπὸ
2492 1061 2603 1115 τῶν
2626 1060 2877 1131 περάτων
2891 1059 2990 1128 τῆς
3012 1059 3137 1129 γῆς,
3158 1057 3296 1109 ὥστε
3324 1057 3452 1109 ίδεῖν
3478 1055 3581 1108 ποῦ
3604 1057 3701 1125 μὲν
3722 1055 3951 1125 ἐτέχθη,

2366 1151 2470 1204 ποῦ
2493 1150 2549 1204 δέ
2575 1149 2772 1219 ἐτάφη,
2793 1145 2896 1200 ποῦ
2919 1146 2974 1200 δέ
3000 1145 3321 1216 ἐσταυρώθη
3343 1160 3357 1175 ⁸
3382 1144 3633 1215 ἐννόησον
3659 1144 3820 1197 αὐτὸν
3848 1143 3954 1198 τὸν

2368 1239 2622 1309 σταυρὸν,
2652 1238 2784 1307 ὅσης
2810 1234 3095 1305 δυνάμεώς
3125 1235 3244 1287 ἐστι
3275 1235 3520 1304 σημεῖον.
3551 1233 3611 1285 '0
3640 1232 3748 1302 7&9
3778 1248 3955 1285 σταυ-

2371 1326 2464 1397 ρὸς
2489 1318 2643 1387 οὗτος
2676 1323 2783 1393 πρὸ
2811 1322 3000 1375 τούτου
3035 1322 3263 1384 θάνατος
3293 1316 3361 1391 ἦν
3386 1320 3675 1391 ἐπάρατος,
3710 1320 3953 1382 θάνατος

2364 1411 2751 1473 ἐπονείδιστος,
2784 1408 3011 1471 θάνατος
3041 1410 3071 1462 ό
3092 1407 3311 1460 πάντων
3332 1407 3629 1476 αἴσχιστος.
3662 1405 3799 1459 Ἀλλ’
3825 1404 3949 1459 ἰδοὺ

2361 1498 2459 1553 νῦν
2489 1498 2589 1568 τῆς
2616 1497 2762 1567 ζωῆς
2785 1495 2955 1567 αὐτῆς
2976 1494 3300 1565 τιμιώτερος
3326 1493 3537 1561 γέγονε,
3566 1491 3951 1563 καὶδιαδημά-

2361 1602 2472 1639 των
2521 1584 2934 1655 λαμπρότερος,
2970 1582 3065 1635 καὶ⁵
3110 1581 3315 1643 πάντες
3353 1580 3446 1632 ἐπὶ
3486 1577 3739 1646 μετώπου
3773 1578 3951 1632 αὐτὸν

2362 1671 2752 1744 περιφέρομεν,
2796 1669 2859 1723 οὐ
2892 1668 3053 1740 μόνον
3080 1668 3182 1721 οὐκ
3230 1666 3643 1737 αἰσχυνόμενοι,
3678 1666 3813 1720 ἀλλά
3841 1668 3949 1720 καὶ

2364 1756 2897 1827 ἐγκαλλωπιζόμενοι
2918 1754 3113 1826 τούτῳ.
3135 1753 3209 1807 Οὐ
3236 1752 3335 1825 μὲν
3361 1752 3567 1806 ἰδιῶται
3598 1752 3779 1823 μόνον,
3802 1752 3950 1807 ἀλλὰ

2362 1848 2458 1900 καὶ
2487 1845 2642 1898 αὐτοί
2662 1845 2711 1898 οἰ
2737 1843 2809 1899 τά
2834 1841 3143 1913 διαδήματα
3168 1839 3657 1912 περικείμενοιέπί
3686 1837 3781 1892 τοῦ
3811 1855 3948 1909 μετ-

2359 1931 2513 1985 ὡπου
2566 1932 2708 2003 ὑπὲρ
2762 1930 2834 1985 τά
2885 1928 3195 2001 διαδήματα
3227 1925 3389 1980 αὐτὸν
3435 1925 3796 1996 βαστάζουσι,
3840 1925 3948 1978 καὶ

2361 2018 2508 2091 μάλα
2541 2018 2770 2082 εἰκότως
2790 2031 2805 2046 ’
2840 2015 3051 2089 μυρίων
3075 2014 3184 2086 7&9
3209 2012 3557 2084 διαδημάτων
3579 2011 3837 2081 ἀμείνων.
3862 2011 3947 2065 Τὸ

2362 2104 2463 2176 μὲν
2487 2104 2596 2177 7&9
2630 2104 2871 2174 διάδημα
2902 2100 3235 2167 καλλωπίζει
3273 2099 3539 2170 κεφαλὴν,
3565 2101 3596 2153 δ
3618 2098 3674 2153 δέ
3705 2096 3947 2170 σταυρὸς

2358 2190 2715 2262 ἀσφαλίζεται
2755 2190 3014 2246 διάνοιαν.
3060 2188 3233 2243 Τοῦτο
3265 2187 3537 2258 δαιμόνων
3577 2186 3941 2257 ἀμυντήριον,

2354 2280 2512 2334 τοῦτο
2550 2280 2613 2334 τὸ
2656 2280 2893 2351 διάδημα
2949 2277 3273 2348 νοσημάτων
3320 2275 3499 2345 ψυχῆς
3551 2273 3938 2345 ἀναιρετικὸν·

2354 2367 2511 2422 τοῦτο
2539 2369 2701 2421 ὅπλον
2730 2367 3047 2437 άχείρωτον,
3089 2364 3244 2417 τοῦτο
3284 2365 3458 2432 τεῖχος
3493 2362 3703 2431 ἄμαχον
3725 2378 3739 2392 ο
3776 2359 3945 2415 τοῦτο

2354 2456 2623 2525 ἀσφάλεια
2652 2454 3091 2522 άκαταγώνιστος
3112 2467 3126 2480 ·
3169 2451 3230 2503 οὐ
3268 2448 3558 2520 βαρϐάρων
3598 2449 3837 2517 ἐφόδους,
3871 2449 3944 2502 οὐ

2354 2542 2627 2612 πολεμίων
2688 2542 2847 2611 μόνον
2886 2538 3259 2611 καταδρομάς,
3303 2537 3441 2591 ἀλλὰ
3471 2536 3569 2589 καὶ
3605 2535 3783 2589 αὐτῶν
3823 2535 3945 2592 τῶν

2347 2626 2558 2696 ἀγρίων
2600 2623 2871 2694 δαιμόνων
2913 2621 3128 2675 διαλύον
3166 2621 3265 2684 τάς
3308 2621 3613 2690 φάλαγγας.
3666 2621 3765 2673 Ἐν
3806 2622 3943 2689 ταῖς

2346 2718 2731 2787 λαμπρότησι
2752 2712 2871 2767 τῶν
2893 2713 3097 2782 ἁγίων.
3119 2713 3364 2785 Ἕτερος.
3401 2713 3497 2766 Ἑν
3520 2713 3693 2783 ἁγίου
3718 2699 3942 2782 εὐπρε-

2350 2806 2505 2871 πείςι.
2530 2803 2744 2865 Ἀλλος,
2779 2803 2880 2855 Ἐν
2900 2800 3050 2867 δόξῃ
3079 2798 3281 2868 ἀπίων.
3306 2796 3425 2849 Ἔτι
3447 2795 3693 2866 περὶτῆς
3720 2794 3943 2865 ἡμέρας

2350 2890 2658 2958 διαλέγεται
2684 2890 2783 2959 τῆς
2808 2903 2866 2941 τε
2902 2885 3183 2955 παρούσης
3208 2884 3305 2955 τῆς
3333 2900 3392 2936 τε
3423 2881 3741 2952 μελλούσης.
3772 2884 3942 2952 Λαμ-

2352 2978 2595 3048 πρότητα
2631 2976 2687 3029 δὲ
2729 2973 2966 3027 ἐνταῦθα
3003 2972 3064 3025 τὺ
3102 2971 3296 3032 κάλλος
3338 2971 3472 3038 φησί
3511 2968 3616 3053 τῶν
3643 2968 3831 3033 ἁγίων.
3869 2971 3944 3023 Τί

2353 3064 2451 3135 μὲν
2474 3061 2849 3134 λαμπρότερον
2877 3058 3129 3125 Παύλου;
3178 3057 3231 3111 τί
3256 3057 3314 3111 δὲ
3344 3057 3804 3126 περιφανέστερον
3830 3057 3913 3109 Πέ

2350 3168 2516 3222 τρου;
2549 3150 2597 3203 οἰ
2624 3150 2723 3220 τὴν
2748 3147 3075 3217 οἰκουμένην
3103 3146 3474 3217 περιέτρεχον,
3503 3144 3641 3215 ὑπὲρ
3662 3145 3752 3195 τὸν
3777 3143 3943 3212 ἡλιον

2350 3239 2679 3311 λάμποντες,
2710 3235 2779 3290 τά
2815 3236 3106 3307 σπέρματα
3126 3233 3227 3302 τῆς
3259 3232 3539 3293 εὐσεϐείας
3574 3230 3945 3285 καταϐάλλον-

2350 3342 2476 3390 τεςς
2519 3326 2607 3389 Ὠς
2629 3323 2741 3395 7&9
2770 3323 2829 3390 ἐξ
2858 3320 3101 3393 οὐρανῶν
3124 3319 3341 3388 ἄγγελοι
3368 3317 3724 3380 καταϐάντες,
3756 3316 3943 3381 οὕτως

2346 3407 2484 3484 ἦσαν
2520 3413 2687 3467 πᾶσιν
2718 3409 3000 3481 ἀπρόσιτοι
3024 3408 3074 3463 δ.
3104 3406 3273 3461 Τοῦτο
3310 3406 3521 3467 δεικνὺς
3562 3406 3589 3457 ὁ
3630 3404 3693 3457 τὸ
3728 3403 3941 3474 βιϐλίον

2348 3500 2457 3553 τῶν
2498 3496 2757 3570 Πράξεων
2802 3494 3049 3561 συνθεὶς,
3080 3494 3283 3563 ἔλεγεν,
3320 3493 3401 3547 ὅτι
3456 3491 3665 3558 Οὐδείς
3705 3492 3943 3559 ἐτόλμα

2350 3585 2689 3642 κολλᾶσθαι
2716 3583 2941 3649 αὐτοῖς.
2970 3581 3074 3636 Καὶ
3089 3582 3197 3653 γάρ
3218 3579 3287 3633 τά
3309 3578 3501 3649 ἰμάτια
3522 3578 3698 3631 αὐτῶν
3727 3576 3940 3648 πολλῆς

2350 3677 2516 3747 ἔγεμε
2560 3676 2801 3747 χάριτος,
2838 3673 2933 3728 καὶ
2983 3672 3041 3727 αἰ
3090 3672 3240 3725 σκιαί
3275 3669 3384 3722 τῶν
3424 3668 3693 3739 σωμάτων
3730 3667 3945 3738 πολλὴν

2351 3764 2723 3819 ἐπεδείκνυντο
2755 3761 3005 3833 δύναμιν.
3028 3760 3090 3814 Εἰ
3122 3759 3179 3813 δὲ
3197 3756 3441 3811 ἐνταῦθα
3461 3755 3709 3818 τοιοῦτοι,
3742 3755 3943 3827 ἐννόη-

2351 3853 2444 3907 σόν
2491 3869 2580 3924 μοι
2628 3849 2769 3906 κατά
2807 3849 2905 3921 τὴν
2960 3847 3177 3920 ἡμέραν
3216 3844 3465 3915 ἐκείνην,
3510 3844 3639 3897 ὅταν
3676 3841 3939 3913 ἄφθαρτα

2351 3940 2580 4011 σώματα
2619 3936 2855 3993 λάϐωσιν
2879 3974 2894 3996 .
2923 3936 3053 3990 ὅταν
3090 3932 3369 3997 ἀθάνατα,
3402 3931 3531 3985 ὅταν
3566 3930 3703 4001 ὑπὲρ
3746 3930 3940 3985 πᾶσαν

2346 4026 2631 4097 ὁρωμένην
2672 4023 3035 4095 λαμπρότητα
3076 4018 3506 4083 ἀποστίλϐοντα,
3534 4018 3680 4082 τίνες
3708 4017 3933 4072 ἔσονται

2346 4110 2491 4170 οὗτοί
2516 4130 2578 4167 τε
2598 4112 2693 4167 καὶ
2714 4113 2765 4167 οἱ
2790 4110 2999 4175 τούτοις
3025 4107 3264 4171 ἐοικότες
3283 4105 3559 4180 προφῆται
3584 4107 3680 4160 καὶ
3701 4105 3939 4159 ἀπόστο-

2348 4203 2453 4266 λοι.
2484 4200 2580 4255 καὶ
2616 4199 2945 4266 δίκαιοι,καὶ
2968 4196 3267 4269 μάρτυρες,
3302 4193 3396 4247 καί
3419 4192 3752 4265 όμολογηταὶ
3772 4230 3787 4256 ,
3825 4193 3937 4247 καὶ

2349 4289 2552 4352 πάντες
2573 4287 2624 4340 οἰ
2660 4285 2803 4339 κατά
2830 4288 2931 4355 τὴν
2960 4282 3189 4355 ἀρίστην
3226 4279 3501 4335 πολιτείαν
3529 4278 3939 4352 διαπρέψαντες

2349 4378 2407 4431 ἐν
2437 4379 2505 4447 τῇ
2530 4376 2710 4430 πίστει
2741 4376 2808 4445 τῇ
2837 4375 2917 4437 εἰς
2939 4372 3033 4426 τὸν
3060 4370 3315 4443 Χριστόν.
3361 4362 3643 4441 Ἐννόησόν
3674 4387 3764 4441 μοι
3791 4369 3934 4435 τοὺς

2346 4464 2558 4536 δήμους
2595 4463 2868 4526 ἐκείνους,
2897 4459 2997 4525 τάς
3023 4458 3347 4529 λαμπάδας,
3390 4457 3491 4521 τὰς
3521 4457 3746 4520 ἀκτῖνας
3770 4499 3786 4523 ,
3814 4455 3928 4527 τὴν

2345 4555 2523 4621 δόξαν,
2561 4554 2661 4625 τὴν
2703 4552 3063 4622 εὐπρέπειαν,
3102 4549 3203 4619 τήν
3239 4547 3607 4620 φαιδρότητα,
3651 4546 3749 4617 τὴν
3788 4564 3936 4600 παν-

2346 4644 2565 4715 ήγυριν.
2594 4643 2693 4707 Τίς
2722 4639 2897 4695 ταῦτα
2930 4638 3271 4710 παραστήσει
3293 4652 3309 4702 ;
3332 4637 3505 4706 Λόγος
3525 4636 3625 4707 μὲν
3646 4635 3822 4699 οὐδείς
3840 4651 3854 4666 ·
3891 4635 3935 4708 ἡ

2345 4733 2403 4786 δέ
2446 4733 2611 4803 πεῖρα
2659 4730 2794 4801 μόνη
2854 4727 3041 4797 σαφῶς
3077 4724 3280 4791 διδάξει
3340 4725 3468 4788 τοὺς
3496 4724 3679 4791 ἀξίους
3720 4723 3935 4795 ταύτης

2346 4818 2600 4889 γενέσθαι
2620 4817 2721 4887 τῆς
2748 4815 3001 4887 θεωρίας,
3021 4813 3118 4884 τὴν
3137 4811 3499 4883 λαμπρότητα
3524 4812 3759 4880 ἐκείνην.
3782 4812 3936 4865 Ταυ-

2345 4908 2439 4963 τὸν
2464 4907 2573 4978 7&9
2605 4901 2762 4975 οἶμαι
2792 4902 3131 4973 συμϐαίνειν,
3162 4893 3273 4954 οἷον
3312 4901 3363 4952 εἰ
3392 4898 3578 4952 πολλοὶ
3614 4899 3753 4969 ἡλιοι
3786 4897 3933 4970 ὑπὲρ

2345 4996 2438 5051 τὸν
2466 4993 2692 5067 οὐρανὸν
2725 4990 2995 5063 ἔλαμψαν,
3026 4990 3061 5062 ἡ
3091 4990 3142 5042 εἰ
3174 4990 3418 5058 συνεχεῖς
3442 4987 3719 5058 ἀστραπαί
3738 5002 3751 5016 °
3785 4986 3931 5058 μᾶλ-

2347 5083 2438 5137 λον
2458 5082 2672 5152 δὲιὸπερ
2698 5078 2764 5133 ἂν
2794 5078 2955 5145 είπω,
2986 5074 3299 5146 φιλονεικῶν
3325 5077 3675 5147 παραστῆσαι
3703 5076 3765 5127 τὸ
3796 5074 3931 5128 κάλ-

2346 5173 2437 5236 λος
2653 5170 2850 5234 ἐκεῖνο,
2872 5166 2934 5219 οὐ
2960 5164 3259 5236 δυνήσομαι
3289 5164 3409 5217 κατ’
3436 5163 3595 5230 ἀξίαν
3623 5165 3818 5218 εἰπεῖν.
3843 5163 3930 5215 Τὰ

2348 5260 2459 5329 7&9
2500 5255 2919 5329 παραδείγματα
2954 5252 3170 5306 ἅπαντα
3214 5251 3389 5306 ταῦτα
3432 5251 3757 5323 σωματικάσ
3794 5253 3826 5321 ἡ
3867 5250 3930 5304 δέ

2346 5345 2687 5418 λαμπρότης,
2718 5342 2811 5395 καὶ
2837 5343 2871 5413 ἡ
2905 5340 3062 5406 δόξα,
3101 5342 3134 5412 ἡ
3173 5339 3293 5393 τότε
3324 5339 3591 5410 μέλλουσα
3621 5338 3926 5409 ἐκλάμπειν

2348 5436 2485 5501 ἐκεῖ,
2517 5432 2659 5502 ὑπὲρ
2689 5430 2833 5484 διπαν
2862 5427 3103 5482 τοιοῦτον
3136 5426 3331 5491 κάλλος
3363 5426 3676 5497 διαλάμψει.
3709 5427 3785 5479 Οὐ
3813 5424 3925 5496 7&9

2348 5520 2597 5591 ἄφθαρτα
2628 5517 2776 5571 ἔσται
2800 5515 2871 5570 τά
2899 5516 3125 5586 σώματα
3159 5516 3341 5586 μόνον,
3364 5517 3483 5573 οὐδέ
3502 5515 3767 5581 ἀθάνατα,
3789 5512 3925 5569 ἀλλὰ

2409 5713 2439 5755 1ο
2467 5711 2723 5777 Βεσῆσαν
2741 5710 2892 5759 ἅπασι
2913 5707 3240 5772 περιμάχητοι.
