4154 6442
162 358 264 421 ω

166 436 583 537 vde-abutar,
608 468 834 539 peccata
863 453 1230 518 solvebantur,
1254 442 1532 519 paralytiei
1560 436 1785 539 robeu-

169 568 378 629 ιιι-επ.
759 551 1102 626 aperiebatur
1124 587 1140 614 ,
1172 552 1349 634 petrae
1376 534 1784 634 rumpebantur,

175 660 347 717 rebus
363 627 815 715 discindebatur,
837 644 971 701 radii
1002 641 1133 697 solis
1156 633 1534 693 avertebantur
1562 627 1603 691 ι,
1622 635 1673 680 ει
1705 632 1787 678 te-

178 752 347 809 nebrat
371 750 694 805 universum
740 741 929 798 orbem
968 746 1126 792 teme
1160 727 1526 799 occupabant,
1556 731 1785 789 corpora

179 854 509 907 sanctorum,
528 838 623 910 qui
645 834 998 894 dormierant.
1025 823 1393 884 excitabantur
1410 860 1427 885 ,
1454 817 1593 871 latro
1621 813 1674 866 in
1697 825 1790 865 ve-

181 950 337 993 tus-em
364 903 607 1006 patriam
636 924 1032 987 revertebatur,
1061 917 1178 975 caeli
1206 912 1441 971 fornices
1465 903 1788 1006 aperiebant:

183 1038 291 1097 Iw,
473 1022 799 1081 conculcata
825 1016 999 1072 fuerat
1036 1019 1231 1067 natura
1261 1019 1424 1076 supra
1451 1001 1642 1057 caelum
1672 994 1789 1052 caeli

184 1089 567 1180 sustuliebatnr
585 1158 603 1184 ,
634 1122 691 1171 et
713 1110 855 1184 quod
882 1116 966 1163 est
990 1106 1072 1161 his
1099 1101 1294 1172 majus,
1324 1099 1377 1154 in
1406 1096 1602 1152 throno
1632 1089 1789 1146 sede-

184 1217 264 1271 bat
280 1216 435 1284 regio
459 1204 845 1266 assistentibus
862 1203 912 1259 ei
937 1198 1140 1271 angelis
1166 1205 1221 1251 et
1246 1194 1367 1249 aliis
1395 1185 1787 1261 potestatibus;

184 1279 556 1360 samnitium
581 1298 874 1370 fugabatur
892 1336 907 1360 ,
938 1292 1108 1347 virtus
1134 1285 1493 1344 redueebatur
1513 1323 1528 1348 ,
1558 1279 1791 1350 Spiritus

184 1400 340 1471 gratia
364 1397 631 1461 dabatur,
676 1390 992 1461 piscatores,
1016 1379 1315 1457 publicani,
1341 1386 1400 1434 et
1441 1374 1661 1445 epillces
1705 1380 1793 1425 ta-

187 1469 605 1548 bernaculorum
630 1472 726 1539 cra
754 1476 1088 1551 philosophis
1114 1469 1489 1533 obstruebant,
1514 1473 1789 1521 oratorum

184 1583 415 1653 linguam
444 1575 823 1638 confutabant,
855 1571 1159 1625 daemonum
1195 1554 1509 1619 evertebant
1551 1554 1790 1628 tyranni-

187 1649 334 1738 dem;
360 1670 656 1742 gentilium
678 1664 887 1729 altaria,
914 1660 1132 1731 templa,
1165 1655 1319 1721 festa,
1352 1661 1409 1709 ct
1436 1649 1633 1723 publici
1662 1662 1793 1702 eon-

188 1737 389 1820 ναιιιιε⁷
422 1760 792 1817 abolebantur
830 1771 846 1821 ;
904 1751 1099 1817 nidor,
1144 1757 1200 1804 et
1247 1745 1465 1808 fumus,
1521 1750 1577 1798 et
1628 1737 1792 1811 impia

187 1854 443 1914 sauiiicia
489 1851 676 1908 omnia
704 1863 802 1919 per
836 1845 947 1900 vim
980 1841 1360 1913 exigebantur;
1383 1843 1566 1899 vates,
1596 1840 1793 1887 metra-

190 1959 348 2022 gyrta
377 1948 487 2019 (is),
518 1954 752 2014 augures
778 1946 837 1994 et
876 1935 1125 1991 universa
1154 1928 1352 1987 diaboli
1379 1924 1597 1984 ofﬁcina
1624 1922 1793 1993 fugie-

192 2014 306 2099 bant
330 2084 351 2111 ,
382 2014 655 2095 Ecclesia:
679 2033 878 2105 ubique
902 2039 1166 2087 terrarum
1206 2018 1579 2095 germinabant
1596 2058 1613 2085 ,
1639 2014 1793 2071 chori

190 2134 450 2205 virginum
476 2125 875 2189 consistebant,
906 2128 966 2178 et
984 2115 1369 2175 monachorum
1392 2110 1641 2177 ordines,
1670 2122 1794 2164 cum

184 2198 497 2281 civitatibus
525 2220 799 2277 desertum
840 2226 1057 2287 quoque
1102 2205 1423 2280 implebatur
1448 2203 1680 2272 pietate,
1706 2198 1796 2271 ju-

189 2329 510 2389 storumque
535 2323 591 2370 et
607 2318 917 2369 sanctorum
941 2307 1180 2361 virorum
1204 2308 1411 2358 stantes
1437 2296 1585 2355 ebori
1607 2309 1799 2364 super-

192 2412 271 2467 nia
309 2407 638 2479 angelorum
694 2398 1047 2474 potestatibus
1101 2396 1156 2452 in
1206 2391 1483 2449 modulato
1529 2394 1796 2445 concentu

188 2499 630 2577 respondebant,
659 2504 715 2552 et
757 2493 927 2550 turba
955 2498 1247 2562 martyrum
1268 2528 1285 2553 ,
1315 2494 1372 2541 et
1396 2492 1633 2540 caterva:
1666 2494 1799 2536 con-

198 2575 453 2652 iessorum
486 2590 687 2660 ubique
717 2596 980 2643 terrarum
1010 2579 1403 2653 plantabantur,
1435 2575 1646 2630 virtutis
1682 2579 1799 2628 erat

197 2686 393 2742 lausttts
430 2698 563 2740 eum
589 2680 845 2735 facilitate
885 2687 1203 2739 successus,
1231 2672 1579 2727 barbarorum
1609 2673 1799 2736 gentes

198 2777 531 2833 ducebantur
558 2769 954 2844 philosophiam
973 2807 991 2832 ,
1017 2775 1073 2821 et
1098 2765 1187 2837 qui
1235 2771 1390 2818 erant
1420 2760 1501 2827 vel
1548 2758 1673 2814 leris
1699 2758 1800 2811 im-

192 2870 501 2933 maniores,
533 2866 619 2921 vel
662 2879 783 2919 eum
816 2862 946 2933 ipsis
980 2855 1186 2929 angelis
1234 2855 1479 2911 instituto
1525 2851 1646 2906 vitae
1687 2864 1799 2905 sua:

191 2958 619 3024 contendebant,
644 2966 697 3012 et
723 2962 983 3026 quantum
1008 2958 1166 3006 terrae
1203 2948 1286 3003 sol
1327 2944 1564 3015 respicit,
1590 2951 1797 2999 tantum

192 3054 414 3110 verbum
442 3049 682 3121 pervasit
709 3048 830 3118 post
850 3058 1065 3101 crucem
1087 3050 1142 3097 et
1167 3037 1636 3097 resurrectionem.
1665 3032 1799 3103 Qum

193 3146 369 3201 muttis
416 3140 563 3213 apud
607 3152 672 3194 se
718 3136 958 3209 cogitans
1001 3132 1299 3205 propheta,
1327 3129 1542 3187 dicebat
1569 3147 1584 3183 :
1614 3126 1801 3183 Tecum

190 3231 591 3307 principalitatis
612 3230 696 3285 die
722 3229 959 3300 polentia:
984 3236 1103 3282 tum.

254 3329 317 3385 ὃ.
352 3327 521 3398 Quod
546 3324 596 3381 si
625 3323 758 3379 velis
788 3322 1026 3377 futurum
1055 3332 1270 3391 quoque
1303 3315 1445 3372 diem
1484 3313 1672 3371 videre
1692 3352 1710 3380 ,
1746 3319 1805 3369 ct

191 3422 327 3480 mire
350 3416 635 3492 quomodo
661 3416 753 3473 ille
778 3415 942 3472 etiam
970 3412 1085 3468 dies
1112 3419 1198 3467 at
1231 3408 1349 3480 ejus
1376 3406 1631 3479 potentia:
1654 3447 1672 3473 ,
1702 3418 1806 3460 co-

191 3517 295 3588 gita
321 3512 475 3585 apud
503 3520 557 3568 te
579 3554 597 3578 ,
623 3516 881 3581 quantum
915 3508 986 3563 sit
1008 3504 1193 3561 videre
1215 3502 1407 3559 caelum
1432 3495 1677 3556 contrahi
1702 3537 1721 3565 ,
1749 3504 1805 3553 et

194 3606 508 3663 uiversam
559 3612 802 3657 naturam
850 3605 1159 3668 corruptam
1204 3606 1488 3665 resurgere
1510 3632 1525 3658 ,
1571 3598 1629 3647 et
1668 3595 1806 3645 nutu

193 3712 383 3755 omnes
409 3696 611 3753 adesse
633 3735 650 3760 ,
680 3691 952 3749 diabolum
991 3687 1201 3761 pudore
1225 3683 1460 3742 suﬂ’undi
1482 3724 1499 3750 ,
1527 3682 1806 3738 daemones

192 3791 429 3849 amisso
454 3788 641 3859 capite
665 3799 789 3842 esse
805 3826 823 3853 ,
849 3783 1027 3855 justus
1052 3778 1338 3847 coronari,
1369 3784 1834 3846 unutnquemque'

195 3886 324 3944 thro
346 3883 623 3941 rationem
646 3893 867 3955 suorum
892 3877 1210 3933 delictorum
1227 3916 1245 3944 ,
1271 3882 1331 3931 et
1355 3886 1453 3944 pro
1477 3878 1625 3926 recte
1649 3868 1806 3924 factis

194 3981 450 4051 accipere
468 3973 774 4049 premium,
796 3985 919 4030 esse
938 3970 1160 4028 alterius
1179 3968 1305 4025 vitae
1326 3964 1763 4023 constitutionem
1788 3980 1803 4019 :

194 4089 301 4131 Ian
326 4072 481 4131 anim
509 4068 739 4140 amplius
765 4080 914 4123 mors
930 4106 949 4134 ,
980 4065 1200 4121 morbus
1227 4069 1284 4120 et
1305 4061 1537 4126 senium,
1563 4075 1670 4117 non
1692 4072 1810 4114 am-

197 4166 337 4240 pius
354 4170 675 4237 paupertas,
696 4158 893 4217 damna
915 4167 973 4215 et
995 4155 1234 4224 insidiae,
1263 4167 1369 4211 non
1390 4152 1619 4225 amplius
1636 4150 1813 4207 domi-

196 4260 318 4316 cilia
344 4265 405 4314 et
424 4254 681 4313 civitates
702 4293 719 4320 ,
743 4262 889 4309 artes
923 4259 980 4307 et
1010 4248 1410 4320 navigationes,
1442 4260 1548 4301 non
1577 4242 1812 4315 amplius

199 4348 429 4407 vestium
454 4347 712 4413 amictus,
741 4344 847 4401 cibi
873 4351 930 4401 et
954 4350 1134 4414 potus,
1166 4347 1306 4397 tecta
1334 4333 1392 4395 et
1415 4336 1632 4403 cubilia,
1658 4350 1816 4392 men-

198 4459 273 4501 sa
294 4452 356 4500 et
379 4441 657 4505 lucem;
685 4452 790 4494 non
813 4435 1041 4506 amplius
1060 4432 1289 4499 insidiae,
1311 4445 1503 4503 pugnae
1523 4436 1578 4486 et
1590 4426 1812 4500 judicia,

201 4550 308 4590 non
352 4531 597 4605 amplius
643 4526 981 4585 matrimonia
1003 4566 1020 4593 ,
1067 4523 1393 4594 doloresque
1436 4517 1717 4591 pariendi,
1761 4524 1819 4574 et

201 4638 421 4701 partus;
455 4625 556 4682 sed
585 4622 701 4678 hac
724 4619 902 4677 omnia
926 4628 1197 4689 tamquam
1225 4614 1397 4686 pulvis
1423 4614 1663 4683 iactatus
1693 4625 1821 4666 eva-

202 4728 437 4777 nescunt
460 4759 477 4783 ,
508 4724 565 4772 et
598 4715 738 4770 alius
777 4708 1117 4784 prastantior
1161 4708 1287 4763 vitae
1324 4715 1497 4761 status
1534 4702 1776 4760 redditur
1799 4742 1817 4771 ,

202 4826 326 4866 eum
368 4807 706 4865 concedatur
730 4803 943 4876 corpori
965 4843 984 4869 ,
1016 4809 1075 4857 ut
1104 4801 1175 4857 sit
1199 4798 1268 4856 ab
1297 4797 1511 4855 interitu
1540 4796 1774 4851 alienum
1800 4834 1817 4862 ,

204 4902 541 4968 immortale,
589 4911 645 4956 et
683 4912 874 4972 magna
922 4897 994 4953 sit
1033 4901 1302 4967 potestate
1338 4889 1648 4962 praeditum.
1690 4886 1824 4956 Quae

206 4998 414 5057 Paulus
457 4992 767 5067 signiﬁcans
788 5033 807 5059 ,
853 4989 1067 5048 dicebat
1104 5004 1121 5045 ε
1168 4985 1405 5042 Premit
1443 4984 1610 5053 ﬁgura
1646 4979 1825 5035 mundi

205 5094 364 5165 Ιιιῂιι
381 5090 465 5160 (1.
488 5089 613 5147 Car.
636 5089 689 5144 7.
713 5086 829 5157 3|).
858 5083 1015 5152 Quod
1038 5082 1084 5138 si
1108 5095 1216 5138 non
1240 5079 1409 5136 habes
1435 5076 1593 5133 ﬁdem
1616 5075 1682 5131 iis
1704 5088 1826 5147 qua

207 5189 351 5244 dicta
382 5189 536 5253 sunt,
567 5181 821 5255 quoniam
848 5194 911 5235 ea
942 5192 1050 5233 non
1077 5174 1229 5233 vides
1255 5172 1561 5246 praesentia,
1588 5185 1657 5226 ex
1684 5184 1826 5240 prae-

210 5279 467 5337 sentibus
491 5291 646 5333 sume
666 5282 1045 5347 argumentum
1071 5270 1139 5325 de
1165 5267 1379 5324 futuris.
1407 5264 1648 5323 Pervadc
1675 5263 1831 5320 ratio-

213 5388 279 5430 ne
306 5373 626 5428 universum
650 5367 859 5434 orbem,
890 5373 1111 5430 terram,
1133 5376 1305 5427 mare,
1327 5358 1612 5425 Grzeeiam,
1640 5356 1832 5413 barba-

211 5482 407 5525 rarum
446 5464 645 5531 sedes,
687 5472 887 5518 terram
932 5457 1277 5515 habitabilem
1306 5462 1362 5511 et
1385 5451 1786 5509 inhabitabilem
1811 5490 1828 5518 ,

276 5604 305 5638 ι
339 5607 466 5666 leg.
483 5634 503 5660 ,
523 5597 927 5666 obscaenitatem

275 5650 362 5728 (ej
394 5650 739 5787 iam;
765 5661 799 5709 ii
823 5663 967 5709 erant
1247 5666 1425 5718 magna
1457 5659 1615 5703 matre
1647 5650 1836 5716 Cybele

215 5736 407 5791 apem
714 5758 729 5771 .
756 5721 975 5791 ideoque
1010 5734 1037 5791 γ
1196 5724 1316 5791 (illa:
1346 5723 1699 5791 ntet_ragyrt:e_:
1729 5727 1836 5791 me:

217 5777 700 5923 πὼὴέι
714 5777 1115 5849 appellabantur,
1140 5780 1255 5843 quia
1278 5778 1486 5845 singulis
1506 5777 1760 5829 mensibus
1792 5777 1837 5826 id

1308 322 1677 391 EXPOSlTlO
1713 318 1781 378 lN
1818 312 2146 375 PSALMUM
2180 310 2318 370 etx.

3393 286 3500 345 ΞΜ

1897 429 2060 486 urbes
2085 441 2206 500 qua:
2228 423 2436 481 suntin
2462 430 2628 488 terra,
2656 417 2861 477 insulas
2881 431 3003 491 quae
3028 416 3081 474 in
3109 413 3268 479 mari,
3293 418 3509 471 montes

1896 522 2129 592 denique
2168 526 2225 575 et
2259 517 2428 573 saltus
2457 534 2471 571 :
2502 523 2559 571 et
2586 528 2709 571 cum
2738 510 2938 567 videris
2965 508 3163 579 ubique
3186 503 3387 563 Christi
3416 519 3507 560 re-

1896 612 2079 669 lueere
2119 610 2412 682 potentiam
2436 650 2452 675 ,
2498 618 2796 675 omnesque
2842 597 3349 672 praestantissimum
3391 595 3511 665 ejus

1895 720 2092 761 nomen
2118 701 2434 774 przedicare,
2461 707 2649 769 reputa
2673 694 2817 767 apud
2847 700 2921 759 te,
2950 706 3075 749 eum
3096 688 3189 762 qui
3211 696 3293 745 tot
3316 694 3374 743 et
3392 696 3479 741 tar.
3494 713 3513 726 »ι

1896 808 1949 855 ta
1978 799 2170 870 potuit,
2202 796 2365 853 etiam
2398 793 2573 850 futura
2602 789 2899 862 pollicitum
2931 799 3074 841 esse.

1969 868 2412 963 Peregrinationes
2436 884 2506 940 ad
2532 884 2646 938 loca
2668 890 2869 937 amicta.
2889 878 3028 931 Laus
3053 873 3241 929 crucis.
3264 902 3336 913 —
3354 868 3510 941 Quod

1895 985 1943 1041 si
1972 999 2037 1039 ex
2069 989 2219 1053 parte
2246 993 2461 1051 quoque
2492 975 2625 1031 velis
2649 978 3027 1044 argumentum
3055 979 3274 1022 sumere
3293 1006 3309 1029 ,
3336 963 3511 1032 cogita

1896 1091 2127 1150 quanam
2154 1062 2223 1131 de
2247 1086 2410 1129 causa
2444 1069 2730 1126 universus
2758 1063 2907 1119 orbis
2946 1070 3107 1117 terra:
3142 1054 3419 1114 concurrit
3442 1053 3509 1108 ad

1897 1170 2186 1227 videndum
2224 1166 2529 1237 sepulcrum
2566 1159 2709 1232 quod
2753 1164 2900 1212 caret
2945 1166 3173 1225 corpore
3213 1160 3508 1220 :qumnam

1897 1271 2139 1337 potestas
2177 1257 2343 1317 trahit
2373 1270 2467 1313 eos
2510 1254 2599 1324 qui
2635 1250 2879 1306 habitant
2919 1247 2974 1302 in
3014 1241 3275 1301 extremis
3313 1240 3511 1295 ﬁnibus

1898 1333 2078 1422 terrae,
2110 1363 2167 1410 ut
2196 1351 2413 1408 videant
2441 1348 2530 1405 ubi
2556 1354 2714 1402 natus
2740 1352 2857 1410 est,
2889 1342 2981 1396 ubi
3008 1338 3250 1409 sepultus
3274 1343 3390 1403 est,
3420 1333 3512 1388 ubi

1898 1449 2206 1505 cruciﬁxus.
2230 1443 2526 1502 Considera
2549 1447 2767 1512 quantae
2792 1437 2862 1491 sit
2884 1434 3135 1506 potentia:
3158 1430 3369 1501 signum
3398 1427 3513 1496 ipsa

1897 1556 2051 1607 crux.
2104 1539 2231 1594 Haec
2256 1536 2401 1593 enim
2432 1549 2564 1591 crux
2596 1542 2753 1586 antea
2793 1535 3101 1599 eratrmors
3141 1519 3469 1579 exsecranda
3493 1559 3509 1584 ,

1898 1647 2046 1688 mors
2086 1627 2361 1701 opprobrii
2399 1634 2455 1681 et
2492 1620 2801 1695 ignominiae
2839 1618 3002 1689 plena
3027 1656 3044 1683 ,
3086 1628 3233 1670 mors
3271 1609 3514 1667 omnium

1900 1700 2229 1793 turpissima.
2258 1716 2366 1775 Sed
2391 1731 2519 1773 ecce
2546 1727 2690 1770 nunc
2727 1712 2845 1783 ipsa
2873 1710 2982 1764 vita
3018 1704 3189 1763 evasit
3217 1700 3512 1759 honorabi-

1899 1815 2002 1870 lior
2019 1855 2036 1881 ,
2064 1822 2119 1870 et
2145 1807 2507 1883 splendidior,
2534 1814 2591 1863 et
2620 1818 2810 1861 omnes
2839 1814 2959 1857 eam
2989 1798 3043 1853 in
3071 1795 3248 1852 fronte
3276 1794 3515 1849 circum-

1900 1907 2123 1963 ferimus
2142 1947 2157 1972 ,
2187 1902 2502 1966 non,solum
2533 1914 2640 1955 non
2681 1895 3065 1953 erubescentes
3088 1931 3104 1956 ,
3132 1887 3229 1945 sed
3257 1901 3322 1944 ea
3350 1885 3515 1941 etiam

1899 1998 2210 2070 gloriantes.
2236 1994 2355 2051 Non
2381 1993 2526 2050 enim
2552 1988 2727 2046 solum
2758 1984 2972 2058 privati,
3003 1982 3099 2039 sed
3130 1990 3186 2037 et
3211 1981 3245 2036 ii
3271 1979 3362 2050 qui
3388 1986 3517 2033 sunt

1900 2066 2202 2145 diademate
2232 2082 2467 2142 redimiti
2488 2124 2504 2148 ,
2530 2095 2651 2138 eam
2678 2079 2859 2150 potius
2882 2076 2939 2131 in
2968 2072 3145 2130 fronte
3169 2080 3378 2143 gestant
3412 2066 3514 2139 (ο).

1901 2196 2064 2254 quam
2109 2177 2393 2242 diadema;
2435 2183 2493 2231 et
2518 2170 2715 2229 merito
2755 2167 2973 2241 quidem
3010 2184 3024 2221 :
3055 2171 3143 2221 est
3168 2162 3313 2220 enim
3352 2161 3515 2216 innu-

1903 2275 2068 2332 meris
2096 2268 2489 2330 diadematibus
2520 2264 2733 2323 melior.
2771 2260 3024 2318 Diadema
3058 2256 3205 2313 enim
3241 2264 3398 2311 ornat
3419 2266 3516 2308 ca-

1903 2376 1994 2439 put
2028 2385 2042 2421 :
2073 2380 2204 2421 crux
2233 2371 2415 2418 autem
2456 2357 2634 2416 munit
2660 2362 2920 2411 mentem.
2970 2349 3051 2406 Ea
3078 2347 3355 2405 dmmones
3377 2343 3517 2400 ulci-

1902 2447 2088 2525 scitur,
2117 2472 2182 2515 ea
2204 2454 2454 2513 diadema
2478 2458 2583 2517 est,
2607 2447 2751 2522 quod
2781 2445 2920 2503 tollit
2945 2443 3166 2500 morbos
3189 2440 3422 2505 animae;
3451 2452 3517 2495 ea

1902 2561 1987 2610 est
2011 2557 2282 2607 armatura
2309 2547 2526 2612 invicta,
2551 2559 2615 2601 ea
2640 2555 2829 2598 murus
2856 2532 3317 2609 inexpugnabilis;
3341 2546 3406 2589 ea
3431 2541 3517 2587 est

1902 2644 2297 2702 munimentum
2326 2635 2687 2710 insuperabile
2713 2652 2727 2691 :
2759 2647 2880 2705 quze
2910 2644 3017 2686 non
3048 2625 3223 2684 solum
3254 2624 3516 2682 barbaro-

1903 2751 2023 2795 rum
2049 2735 2375 2805 irruptiones
2400 2742 2456 2789 et
2480 2728 2816 2787 incursiones
2845 2720 3129 2789 hostium,“
3153 2717 3249 2777 sed
3276 2719 3516 2792 ipsorum

1904 2829 2066 2885 etiam
2096 2824 2409 2882 immanium
2437 2820 2742 2878 daemonum
2773 2814 3071 2889 phalanges
3097 2807 3416 2885 perrumpit.
3446 2805 3518 2863 In

1904 2920 2258 2993 splendoribus
2281 2927 2594 2972 sanctorum.
2628 2912 2799 2978 Alius,
2830 2907 2898 2963 In
2924 2908 3105 2962 decore
3130 2903 3318 2959 sancti.
3338 2900 3514 2963 Alius.

1904 2992 1973 3070 In
2003 3014 2171 3087 gloria
2197 3020 2511 3066 sanctorum.
2540 3004 2732 3062 Adhuc
2752 3001 2988 3073 loquitur
3010 2998 3079 3055 de
3102 2996 3197 3053 die
3215 2992 3470 3066 prmseuti
3496 3033 3515 3058 ,

1905 3117 1960 3166 et
1988 3106 2054 3162 de
2081 3104 2281 3160 futuro.
2316 3090 2688 3172 ‘Splendorem
2713 3104 2893 3151 autem
2924 3092 3013 3147 hic
3039 3089 3174 3146 dicit
3199 3095 3513 3144 sanctorum

1905 3194 2383 3273 pulchritudinem.
2431 3188 2570 3260 Quid
2618 3196 2704 3245 est
2746 3185 2892 3243 enim
2932 3180 3103 3239 Paulo
3140 3175 3521 3251 splendidius?

1906 3271 2037 3365 quid
2064 3288 2225 3347 Petro
2250 3281 2557 3357 insignius?
2581 3280 2671 3352 qui
2701 3278 3012 3335 universum
3034 3271 3221 3330 orbem
3252 3278 3521 3327 terrarum

1905 3362 2284 3461 pervaserunt,
2312 3379 2397 3435 vel
2424 3376 2539 3435 sole
2565 3374 2826 3433 clariores
2848 3413 2865 3439 ,
2894 3367 3114 3443 pietatis
3139 3366 3346 3424 semina
3373 3362 3519 3434 deji-
3628 3434 3633 3437 1

1908 3454 2157 3536 cientes?
2183 3471 2417 3531 Perinde
2441 3469 2586 3527 enim
2610 3482 2675 3524 ac
2702 3466 2749 3522 si
2779 3464 3006 3521 ﬁnissent
3026 3458 3202 3534 angeli
3221 3458 3314 3532 qui
3334 3473 3367 3515 e
3385 3454 3524 3513 caelo

1907 3571 2337 3637 descendissent,
2360 3567 2430 3623 ita
2452 3572 2609 3622 erant
2623 3562 2876 3619 omnibus
2895 3556 3179 3615 inaeeessi.
3204 3554 3317 3610 lloc
3337 3560 3523 3609 osten-
3632 3597 3635 3602 .

1908 3668 2042 3725 deus
2055 3665 2147 3739 qui
2166 3663 2362 3721 librum
2373 3662 2602 3718 Actuum
2622 3653 2950 3726 composuit,
2968 3649 3182 3707 dicebat
3199 3667 3215 3705 :
3233 3646 3401 3704 Nemo
3416 3661 3516 3700 au-

1910 3760 2061 3818 debat
2082 3757 2144 3815 se"
2161 3756 2473 3829 conjungere
2490 3751 2563 3808 eis
2583 3750 2725 3823 (Act.
2748 3748 2804 3805 5.
2827 3746 2939 3818 13).
2955 3742 3420 3813 Etenimipsorum
3434 3753 3530 3794 ve-

1910 3865 2026 3914 stes
2038 3860 2193 3911 erant
2207 3849 2385 3923 plena:
2398 3860 2588 3918 magna
2603 3842 2795 3917 gratia,
2808 3849 2865 3896 et
2877 3838 3083 3896 umbra:
3104 3848 3395 3906 corporum
3422 3847 3530 3888 tua.

1910 3962 2072 4022 gnam
2083 3942 2442 4003 ostendebant
2458 3938 2748 4013 potentiam
2764 3933 3081 4008 (lb.v.i5,et
3093 3947 3140 3985 c.
3157 3927 3242 4022 i9.
3258 3923 3531 3998 ΕΜ)υαί

1912 4018 1961 4099 ἐξ
1987 4040 2076 4097 hic
2097 4036 2235 4095 tales
2257 4041 2433 4100 erant,
2449 4030 2622 4104 cogita
2635 4027 2767 4089 mihi
2784 4042 2851 4084 eo
2865 4025 2976 4091 die,
2992 4020 3210 4095 quando
3224 4019 3294 4077 ab
3311 4018 3528 4075 interitu

1914 4133 2091 4191 aliena
2109 4142 2337 4202 corpora
2357 4123 2696 4197 acceperint,
2712 4119 2929 4194 quando
2948 4113 3296 4182 immortalia,
3316 4109 3534 4186 quando

1915 4241 2133 4285 omnem
2160 4223 2254 4297 qui
2290 4220 2504 4278 videtur
2542 4214 2888 4288 splendorem
2922 4206 3229 4283 superantia
3250 4248 3267 4274 ,
3307 4204 3530 4278 quinam

1917 4327 2077 4378 erunt
2092 4318 2127 4375 ii
2145 4360 2163 4385 ,
2181 4296 2237 4374 et
2250 4313 2342 4387 qui
2358 4311 2560 4369 fuerint
2572 4310 2652 4368 eis
2663 4306 2891 4371 similes,
2910 4301 3190 4377 prephetze
3204 4309 3257 4357 et
3273 4296 3531 4371 apostoli,

1919 4422 1974 4470 et
1998 4410 2131 4483 justi
2158 4416 2215 4466 et
2237 4413 2523 4478 martyres,
2551 4410 2605 4459 et
2630 4398 2990 4463 eonfessores,
3021 4403 3077 4451 et
3100 4405 3292 4448 omnes
3315 4388 3407 4461 qui
3439 4402 3539 4460 per

1921 4479 2181 4574 optimam
2210 4498 2335 4553 vitae
2361 4492 2755 4552 institutionem
2785 4488 2840 4544 in
2868 4486 2973 4543 llde
2997 4482 3199 4541 Christi
3229 4480 3429 4538 fuerint
3454 4479 3539 4535 in-

1923 4570 2125 4669 signes.
2153 4590 2339 4664 cogita
2370 4587 2503 4645 mihi
2531 4586 2653 4642 illos
2683 4581 2912 4655 populos
2931 4621 2947 4649 ,
2978 4576 3291 4651 lampades,
3321 4570 3533 4641 radios,

1924 4666 2150 4760 gloriam
2176 4726 2192 4751 ,
2223 4683 2479 4739 decorem
2504 4719 2521 4746 ,
2554 4674 2798 4733 laetitiam
2823 4714 2840 4740 ,
2876 4670 3073 4729 festum
3100 4666 3538 4725 celeberrimum.

1926 4755 2187 4846 Quisnam
2224 4771 2344 4829 haec
2380 4766 2708 4841 explicabit?
2748 4761 2905 4820 Nulla
2944 4760 3163 4834 quidem
3192 4758 3400 4825 oratio;
3444 4755 3542 4813 sed

1926 4867 2041 4927 sola
2062 4863 2393 4939 experientia
2410 4867 2597 4933 aperte
2615 4855 2833 4915 docebit
2854 4869 2969 4921 eos,
2988 4854 3079 4926 qui
3106 4852 3211 4909 hoc
3230 4849 3544 4922 spectaculo

1929 4958 2077 5033 digni
2098 4958 2317 5024 iuerint,
2340 4963 2546 5012 tantum
2568 4950 2935 5025 splendorem.
2959 4946 3189 5005 Perinde
3214 4944 3360 5002 enim
3381 4959 3547 5000 even-

1931 5064 2110 5112 turum
2152 5050 2404 5108 existimo
2427 5088 2443 5114 ,
2482 5060 2549 5103 ac
2576 5046 2622 5103 si
2650 5043 2805 5102 multi
2833 5041 2980 5098 soles
3003 5041 3057 5096 in
3086 5038 3223 5097 caelo
3251 5036 3501 5094 fulserint
3524 5077 3543 5104 ,

1932 5146 2022 5203 vel
2053 5146 2098 5202 si
2124 5142 2427 5216 frequentia
2458 5138 2665 5212 fulgura
2697 5155 2712 5193 :
2738 5135 2825 5193 vel
2855 5134 3032 5206 potius
3048 5131 3434 5209 quodcumque
3458 5128 3547 5185 di-

1934 5254 2090 5305 xero,
2111 5234 2443 5295 contendens
2459 5229 2746 5288 ostendere
2764 5227 2911 5283 illam
2941 5222 3418 5297 pulchritudinem,
3446 5221 3553 5279 mi-

1936 5332 2083 5388 nime
2108 5339 2294 5402 potero
2322 5326 2505 5383 dicere
2546 5338 2646 5395 pro
2675 5322 2756 5378 rei
2783 5320 3063 5391 dignitate.
3093 5315 3233 5373 Sunt
3259 5316 3404 5371 enim
3432 5316 3552 5372 hate

1938 5422 2119 5480 omnia
2148 5419 2393 5490 exempla
2422 5415 2727 5487 corporalia
2756 5431 2771 5468 :
2805 5410 3060 5482 splendor
3086 5416 3267 5464 autem
3293 5450 3309 5473 ,
3339 5416 3390 5463 et
3430 5422 3554 5479 qum

1941 5524 2069 5572 tunc
2091 5512 2200 5569 illic
2225 5510 2401 5567 futura
2426 5514 2512 5565 est
2533 5506 2707 5571 gloria
2725 5544 2740 5569 ,
2771 5516 2988 5559 omnem
3015 5498 3279 5572 ejusmodi
3308 5497 3552 5570 pulchri-

2004 5647 2081 5713 (ιι)
2126 5642 2382 5713 singulare
2426 5645 2508 5691 est
2544 5636 2678 5713 ςιιιοα
2721 5636 2930 5713 meai:
2944 5632 3358 5713 Fumus;
3381 5642 3561 5713 Ἢε·

1944 5693 2149 5763 inuicem
2158 5693 2404 5758 iiboiroute
2427 5716 2517 5755 suo
2540 5693 2767 5762 tempore
2789 5696 2986 5756 tulisse,
3003 5693 3255 5757 etiamque
3275 5693 3561 5763 _lr_nperatn-

1947 5755 2227 5837 FéEE‘ééi‘t;
2246 5755 2488 5837 helenam
2520 5755 2791 5837 Augustam
2823 5755 3021 5837 crucem
3054 5755 3202 5837 supra
3239 5755 3441 5819 globum
3472 5769 3565 5820 ge.

1950 5788 2062 5837 res;
2087 5779 2227 5844 certe
2250 5770 2488 5840 Helenam
2521 5770 2791 5836 Augustam
2823 5770 3021 5813 crucem
3054 5770 3171 5867 supr

1950 5844 2162 5889 stantem
2184 5832 2408 5884 ridemus
2430 5842 2480 5879 tn
2507 5827 2746 5891 Anttqutt.
2773 5828 2937 5873 nostra
2956 5828 3089 5869 Tom.
3145 5853 3158 5867 .
