4156 6412
682 338 793 395 275

690 456 923 510 tudinem
953 452 1115 524 longo
1140 450 1421 506 intervallo
1448 449 1739 518 superabit.
1784 448 1902 503 Non
1935 448 2107 502 solum
2137 446 2279 500 enim

684 554 843 599 erunt
871 544 939 599 ah
970 542 1188 597 interitu
1214 541 1382 595 aliena
1404 582 1417 604 ,
1450 549 1504 594 et
1542 539 1861 593 immortalia
1890 552 2115 607 corpora
2140 579 2156 605 ,
2186 536 2280 591 sed

687 643 814 689 tunc
839 635 999 690 etiam
1030 633 1315 689 induentur
1340 633 1505 703 gloria
1534 628 1805 686 ineffabili.
1839 630 1903 683 In
1928 630 2282 701 splendoribns

686 736 996 780 sanctorum.
1027 723 1097 780 Ut
1135 724 1383 779 ostendat
1420 738 1540 777 eum
1578 737 1681 775 non
1714 721 2007 777 terribilem
2033 736 2156 775 esse
2186 735 2279 775 so.

687 817 795 872 lum
817 860 832 883 ,
859 816 1095 871 ostendit
1120 817 1239 885 ejus
1266 814 1723 871 mansuetudinem
1754 821 1809 867 et
1835 811 2237 867 beneﬁcentiam
2260 852 2275 877 ,

683 916 911 970 dicens:
943 913 1009 968 In
1044 911 1394 983 splendoribus
1431 920 1741 964 sanctorum.
1776 907 1845 963 Et
1882 908 1983 963 hoc
2020 917 2104 962 est
2138 906 2279 960 illius

686 1007 960 1077 potentiae,
983 1021 1077 1061 eos
1104 1006 1241 1061 adeo
1265 1006 1440 1065 claros
1462 1004 1726 1059 reddere:
1751 1003 1892 1073 quod
1918 1002 2117 1058 Paulus
2139 1017 2275 1073 quo-

683 1113 789 1166 que
829 1096 1134 1167 signiﬁcans
1156 1137 1173 1162 ,
1213 1094 1427 1151 dicebat
1464 1112 1478 1148 :
1526 1095 1627 1162 Qui
1667 1093 2045 1164 transfonnabit
2087 1108 2279 1161 corpus

684 1187 983 1241 humilitatis
1017 1196 1202 1244 nostra!
1223 1226 1241 1253 ,
1270 1196 1327 1240 ut
1353 1186 1538 1255 ﬁamus
1563 1188 1849 1265 conformes
1871 1184 2071 1254 corpori
2100 1183 2277 1255 gloria

682 1282 792 1349 ejus
820 1278 1042 1353 (Philip.
1070 1281 1125 1335 3.
1146 1278 1265 1348 2i).

752 1374 805 1427 7.
849 1371 1053 1427 Deinde
1080 1385 1333 1441 quoniam
1361 1384 1472 1424 rem
1498 1368 1707 1423 dixerat
1732 1381 1980 1437 magnam
2004 1375 2058 1421 et
2085 1364 2273 1421 ineffa-

683 1463 843 1517 bilem
864 1504 879 1529 ,
907 1462 1187 1532 subjunxit
1227 1478 1240 1515 :
1287 1459 1581 1516 Secundum
1619 1460 1961 1529 operationem
1984 1473 2085 1527 qua
2115 1464 2276 1526 potest

682 1553 853 1607 omnia
875 1554 969 1607 sibi
997 1552 1260 1622 subjicere.
1304 1550 1381 1607 Ne
1406 1565 1617 1623 quieras
1641 1590 1656 1616 ,
1691 1550 1893 1621 inquit,
1927 1548 2197 1618 quomodo
2222 1555 2277 1603 et

681 1658 909 1713 quanam
946 1646 1174 1699 ratione.
1226 1642 1413 1699 Potest
1443 1642 1586 1697 enim
1615 1655 1965 1711 qttzecumque
1990 1639 2119 1695 vult.
2167 1638 2273 1693 Sed

683 1747 851 1802 quare
894 1748 1000 1787 non
1038 1733 1211 1798 dixit,
1245 1732 1301 1787 ln
1339 1732 1624 1802 splendore
1658 1740 1965 1791 sanctorum
1990 1770 2006 1794 ,
2038 1730 2131 1785 sed
2153 1770 2168 1794 ,
2210 1729 2275 1787 In

680 1826 1033 1893 splendoribus
1047 1825 1208 1898 (Ibid.
1219 1827 1237 1895 )
1248 1825 1272 1878 l
1285 1824 1415 1893 Quia
1431 1825 1593 1879 multa
1608 1833 1731 1878 sunt
1742 1823 2012 1881 etdiversa
2033 1823 2271 1891 prmmia.

679 1917 797 1971 Alia
824 1928 897 1971 est
936 1918 1069 1971 enirn
1109 1919 1273 1988 gloria
1297 1917 1419 1971 solis
1443 1914 1461 1983 ζ
1491 1926 1538 1970 et
1568 1916 1672 1974 alia
1699 1915 1861 1985 gloria
1890 1914 2028 1969 luna
2050 1928 2070 1977 ς
2096 1923 2142 1968 et
2169 1914 2272 1967 alia

682 2007 845 2076 gloria
868 2008 1146 2061 stellarum.
1173 2005 1241 2061 Ut
1263 2007 1399 2063 enim
1422 2006 1571 2060 stella
1590 2023 1621 2059 a
1644 2005 1790 2059 stella
1816 2003 1987 2070 diﬂ'ert
2012 2005 2065 2057 in
2084 2004 2269 2074 gloria.

682 2100 755 2151 ita
780 2099 873 2151 erit
898 2139 913 2162 ,
946 2098 1114 2168 inquit
1138 2140 1153 2164 ,
1181 2099 1331 2153 etiam
1360 2100 1656 2153 resurrectio
1683 2106 1995 2155 mortuorum
2021 2097 2040 2167 (
2064 2098 2118 2152 l.
2148 2095 2268 2154 Cor.

685 2190 775 2245 15.
806 2191 865 2245 ιι
892 2191 937 2261 ).
983 2191 1048 2245 Et
1076 2189 1320 2245 Christus
1348 2207 1361 2243 :
1390 2188 1457 2244 In
1483 2190 1634 2245 domo
1664 2187 1835 2244 Patris
1860 2190 1957 2243 mei
1987 2190 2272 2249 mansiones

679 2282 853 2334 multa
891 2294 1009 2334 sunt
1035 2282 1052 2349 (
1082 2279 1242 2341 Joan.
1276 2282 1361 2339 l4.
1392 2280 1429 2343 2
1453 2281 1497 2350 ),
1540 2280 1664 2336 Ideo
1703 2280 1957 2353 splendor
1990 2281 2081 2338 ille
2112 2284 2271 2336 linem

680 2388 787 2427 non
836 2373 1029 2439 habet;
1072 2389 1244 2445 neque
1284 2375 1427 2433 enim
1452 2374 1595 2431 cedit
1633 2374 1815 2442 nocti,
1844 2389 1943 2430 nec
1980 2374 2155 2434 locum
2182 2374 2277 2433 dat

680 2467 916 2521 tenebris
936 2507 954 2531 ,
986 2466 1079 2521 scd
1109 2481 1229 2528 cum
1260 2466 1331 2521 sit
1373 2480 1595 2536 magnus
1618 2506 1634 2532 ,
1681 2465 1961 2527 ineﬂabilis
1985 2508 2001 2533 ,
2032 2475 2088 2521 et
2130 2466 2274 2525 hunc

677 2555 767 2625 qui
783 2555 990 2610 videtur
1010 2556 1168 2625 longe
1186 2568 1467 2625 superans,
1483 2555 1645 2617 habet
1660 2556 1819 2611 etiam
1837 2556 1938 2611 hoc
1954 2558 2269 2626 maximum,

676 2645 821 2714 quod
851 2647 1009 2701 linem
1038 2660 1143 2703 non
1183 2645 1444 2717 suscipit:
1470 2644 1611 2715 quod
1636 2646 1851 2717 quidem
1878 2655 1962 2703 est
1988 2647 2272 2705 ineﬂabiiis

682 2736 840 2807 Regis
888 2736 1168 2806 potestatis
1190 2778 1205 2801 ,
1244 2737 1387 2809 quod
1429 2752 1655 2807 corpora
1692 2753 1811 2807 quae
1843 2746 1998 2794 erant
2034 2739 2271 2794 interitui

676 2828 903 2883 nbunxia
932 2839 987 2883 et
1021 2828 1219 2884 caduca
1246 2870 1262 2896 ,
1292 2829 1344 2885 in
1377 2837 1575 2885 tantam
1613 2830 1904 2901 potentiam
1934 2838 1989 2885 et
2016 2831 2265 2886 virtutem

675 2916 976 2979 deduxerit.
1012 2920 1212 2982 Deinde
1246 2921 1499 2989 quoniam
1528 2935 1718 2993 magna
1742 2922 1987 2991 quadam
2012 2921 2147 2977 dixit
2173 2963 2187 2987 ,
2218 2931 2272 2978 et

676 3025 774 3081 spe
796 3012 1093 3071 auditorem
1117 3015 1291 3073 erexit
1307 3056 1322 3077 ,
1345 3013 1579 3071 ostendit
1601 3014 1715 3076 haec
1740 3030 1949 3085 quoque
1972 3015 2093 3084 jure
2114 3015 2227 3071 fleri
2254 3032 2267 3070 :

673 3104 925 3174 quoniam
968 3104 1058 3175 qui
1104 3105 1218 3160 hinc
1258 3103 1415 3167 facit,
1445 3104 1566 3161 talis
1594 3114 1677 3159 est
1706 3115 1760 3160 et
1791 3114 1987 3159 tantus.
2021 3105 2154 3173 Quis
2181 3106 2272 3162 ille

675 3209 835 3266 porro
859 3238 874 3261 ,
918 3198 1007 3267 qui
1050 3196 1165 3252 hac
1204 3196 1369 3253 facit?
1411 3197 1510 3265 Qui
1554 3208 1638 3255 est
1674 3198 1917 3268 ejusdem
1957 3214 2080 3253 cum
2112 3198 2270 3256 Patre

673 3289 1003 3343 substantiie.
1034 3287 1165 3349 Illud
1190 3287 1332 3345 enim
1364 3288 1688 3360 significans,
1714 3290 1985 3361 subjunxit
2015 3309 2028 3347 :
2052 3290 2138 3346 Ea:
2161 3300 2270 3347 nte-

673 3396 732 3433 ro
761 3388 878 3433 ante
908 3380 1173 3450 luciferum
1195 3380 1345 3449 genui
1374 3389 1439 3438 te,

752 3472 899 3538 Hac,
930 3476 1070 3529 Ante
1093 3473 1375 3530 luciferum
1396 3476 1555 3545 genui
1581 3482 1651 3541 te,
1688 3475 1752 3530 de
1777 3477 2098 3546 generatione
2120 3485 2268 3535 a'lcr-

673 3581 740 3617 na
781 3564 966 3619 Christi
1005 3564 1262 3625 dicuntur.
1307 3563 1630 3636 Operationis
1668 3575 1716 3619 et
1756 3575 1952 3623 natura
1978 3566 2261 3628 diversitas,

673 3685 743 3699 --
768 3656 873 3712 Sed
925 3656 1019 3729 qui
1049 3658 1163 3712 haec
1205 3658 1367 3714 verba
1416 3658 1485 3713 ad
1533 3673 1688 3713 suum
1740 3674 1957 3715 sensum
2008 3670 2263 3731 vertunt,

669 3750 1003 3811 contendunt
1045 3750 1162 3807 haec
1205 3750 1346 3806 dicta
1388 3765 1511 3807 esse
1555 3752 1625 3807 de
1670 3752 2016 3822 generatione
2060 3754 2260 3809 carnis.

672 3843 953 3915 Quomodo
977 3857 1129 3913 ergo,
1159 3841 1266 3910 dic,
1297 3856 1502 3913 quaeso,
1536 3843 1664 3897 Ante
1694 3843 2003 3913 luciferum?
2028 3844 2103 3900 Ita
2128 3845 2265 3905 dixit

671 3943 881 3990 nouem
905 3949 1010 4005 qua
1035 3943 1193 3990 natus
1216 3944 1337 3990 est:
1360 3943 1516 3991 natus
1540 3943 1624 3991 est
1641 3934 1784 3996 'enim
1804 3944 1928 3991 ante
1948 3935 2261 3992 diluculum.

672 4026 781 4083 Sed
809 4026 912 4081 hoc
935 4041 1043 4082 non
1067 4034 1154 4081 est
1177 4025 1358 4082 dicere
1382 4024 1523 4095 quod
1551 4025 1830 4096 quieritur,
1857 4039 2031 4095 neque
2058 4024 2161 4080 hoc
2184 4023 2265 4087 di-

670 4118 745 4173 xit
770 4117 939 4188 gratia
964 4116 1201 4173 historia
1224 4134 1242 4173 :
1267 4127 1326 4174 et
1349 4116 1548 4190 alioqui
1571 4132 1677 4173 non
1704 4126 1930 4188 possunt
1953 4116 2259 4183 ostendere,

670 4206 725 4268 id
750 4210 895 4280 quod
918 4209 1215 4265 docuerunt
1233 4209 1591 4281 evangelista,
1614 4209 1812 4264 dictum
1838 4224 1960 4266 esse
1978 4224 2009 4264 a
2031 4209 2264 4280 prophe-

667 4302 755 4366 tis,
781 4301 871 4370 qui
895 4300 1127 4358 maxima
1150 4316 1216 4356 ex
1241 4310 1394 4371 parte
1416 4302 1643 4357 obscure
1680 4301 1986 4370 loquuntur.
2014 4301 2113 4356 Hic
2130 4316 2260 4373 ergo

666 4392 795 4455 illud
816 4436 833 4460 ,
862 4395 994 4450 Ante
1024 4395 1293 4467 luciferum
1315 4434 1333 4461 ,
1366 4409 1473 4449 non
1503 4395 1632 4450 dicit
1656 4402 1778 4450 ante
1804 4402 1981 4449 ortum
2009 4394 2215 4450 luciferi
2238 4436 2256 4462 ,

662 4487 758 4544 sed
786 4498 911 4543 ante
933 4495 1209 4553 naturam,
1241 4494 1526 4557 antequam
1557 4486 1727 4546 factus
1752 4494 1898 4542 esset
1920 4485 2126 4543 lucifer.
2152 4486 2258 4543 So-

665 4581 739 4635 let
756 4580 899 4635 enim
919 4577 1191 4649 Scriptura
1214 4577 1331 4637 hac
1350 4576 1699 4649 distinguere,
1718 4576 1936 4649 quando
1952 4576 2101 4641 dicit,
2121 4580 2258 4632 Ante

668 4686 932 4743 naturam,
954 4685 1011 4733 et
1033 4675 1268 4748 quando,
1290 4676 1430 4732 Ante
1448 4674 1848 4745 operationem;
1875 4681 1934 4728 ut
1951 4688 2071 4729 cum
2093 4672 2253 4729 dicit:

668 4768 881 4837 Oportet
908 4768 1186 4840 pruenire
1208 4767 1512 4826 matutinum
1534 4766 1601 4824 ad
1629 4767 1821 4838 gratias
1842 4764 2066 4836 agenda
2089 4763 2177 4818 αὖθί
2200 4766 2251 4833 ’ς

661 4870 708 4916 et
736 4870 852 4916 ante
875 4869 1041 4923 ertuns
1068 4862 1195 4917 lucis
1222 4871 1269 4919 te
1295 4861 1526 4933 alloqui(
1552 4860 1683 4931 Sep.
1710 4861 1795 4917 16.
1826 4859 1898 4922 28
1918 4861 1959 4931 ).
1986 4859 2084 4915 llic
2109 4860 2253 4921 enim

658 4953 791 5013 dicit
826 4952 1165 5009 matutinum.
1206 4952 1323 5008 Non
1341 4950 1489 5008 'dixit
1516 4952 1659 5012 enim
1678 4994 1703 5017 ,λ
1722 4953 1861 5007 Ante
1888 4953 2092 5019 solem,
2120 4950 2214 5007 sed
2233 4991 2249 5016 ,

660 5045 790 5104 Ante
814 5054 1012 5110 ortum;
1038 5046 1323 5110 non,Ante
1351 5054 1597 5100 naturam
1632 5062 1645 5099 :
1678 5055 1802 5101 ante
1830 5054 2077 5100 naturam
2104 5044 2251 5104 enim

660 5138 790 5195 solis
816 5138 946 5195 nihil
971 5140 1167 5196 factum
1194 5146 1309 5203 est;
1338 5137 1454 5204 sed,
1473 5138 1611 5193 Ante
1636 5148 1812 5197 ortum
1832 5137 1981 5201 solis,
2005 5146 2065 5192 ut
2087 5136 2252 5207 signi-

658 5228 844 5286 ficaret
879 5230 1193 5291 diluculum.
1230 5230 1434 5285 Alicubi
1467 5241 1647 5285 autem
1672 5227 1888 5301 quando
1913 5229 2079 5295 dicit,
2108 5229 2251 5287 Ante

656 5321 771 5391 ejus
795 5330 1060 5387 naturam,
1086 5336 1193 5377 non
1217 5320 1364 5387 dicit,
1393 5321 1532 5378 Ante
1555 5330 1755 5388 ortum,
1776 5321 1893 5385 sed,
1908 5320 2037 5376 Ante
2057 5322 2247 5388 solem;

656 5422 717 5469 ut
744 5412 959 5486 quando
982 5413 1111 5469 dicit
1143 5433 1155 5470 :
1182 5413 1312 5469 Ante
1332 5416 1491 5469 solent
1524 5422 1781 5485 permanet
1810 5429 1992 5469 nomen
2016 5416 2145 5484 ejus.
2176 5411 2247 5467 Et

658 5505 969 5560 antelunant
986 5504 1331 5575 generationes
1350 5504 1729 5577 generationnnt
1747 5502 1921 5577 (Psal.
1943 5504 2032 5563 7|.
2056 5506 2145 5561 l7.
2164 5502 2243 5577 5).

725 5716 743 5747 ί
768 5714 1206 5785 ιρςυιῃιιιιηομεὶε
1234 5718 1419 5785 habent
1447 5719 1616 5785 Greca
1650 5719 1829 5780 Biblia,
1863 5720 2135 5785 Sapientia:
2159 5721 2236 5783 16,

660 5776 723 5827 ἳὸ
788 5776 870 5826 Διῖ
889 5777 1071 5839 φθάνειν
1092 5781 1226 5837 ἥλιον
1249 5781 1322 5831 ἐπ’
1344 5781 1647 5845 εὐχαριστίαν
1679 5799 1788 5832 σου.

1400 333 1455 389 S.
1496 331 1775 389 JOANNIS
1798 328 2280 387 CHRYSOSTOMI
2323 328 2640 385 ARCHIEP.
2684 328 3232 390 CONSTANTINOP.

3886 338 4006 395 276

2390 446 2852 513 Quemadmodum
2879 464 3010 518 ergo
3034 449 3176 505 aliud
3202 456 3285 504 est
3307 491 3323 517 ,
3352 449 3482 509 Ante
3506 453 3693 517 solent,
3724 462 3779 507 et
3803 453 3961 508 aliud
3989 496 4005 515 .
4092 516 4097 523 ί

2388 539 2519 592 Ante
2535 550 2701 594 ortum
2722 540 2876 602 solis;
2903 539 3004 594 hoc
3025 542 3167 597 enim
3194 541 3562 609 operationem
3591 543 3725 597 solis
3750 555 3805 599 et
3831 560 4011 600 mane

2386 631 2649 700 signiﬁcat
2671 674 2687 697 ,
2722 631 2847 686 illud
2875 648 3005 687 vi-ro
3043 644 3322 698 naturam;
3356 633 3426 688 ita
3454 635 3615 692 etiam
3648 636 3737 691 hic
3761 678 3775 700 ,
3806 638 3854 692 si
3890 654 4008 690 vn-

2389 721 2575 776 luisset
2592 722 2889 791 signiﬁcare
2909 732 3145 787 noctem,
3160 740 3266 779 non
3286 724 3529 792 dixisset,
3549 726 3677 781 Ante
3691 727 3998 797 luciferum,

2386 814 2481 869 sed
2504 858 2517 877 ,
2550 816 2687 869 Ante
2722 829 2898 871 ortum
2926 816 3155 871 lucileri.
3188 818 3255 871 Et
3282 818 3476 889 alioqui
3500 820 3744 876 Christus
3770 837 4006 892 quoque

2386 904 2528 962 hunc
2556 907 2825 962 Psalmum
2854 909 3059 977 accepit
3100 925 3206 963 non
3245 909 3315 964 de
3352 910 3599 967 humanas
3637 914 3813 968 carnis
3838 929 4009 970 oco-

2386 997 2560 1051 nouiin
2584 1039 2598 1059 ,
2636 996 2732 1051 sed
2773 998 2840 1053 de
2872 999 3219 1068 generatione
3246 1014 3344 1071 per
3369 1001 3649 1072 Spiritum.
3680 1003 3811 1059 Cum
3837 1006 4006 1060 enim

2382 1086 2607 1143 dixisset
2632 1086 2831 1143 ludatis
2863 1107 2876 1143 :
2911 1091 3049 1158 Quid
3079 1093 3217 1147 vobis
3252 1094 3446 1147 videtur
3479 1094 3544 1154 de
3567 1094 3810 1150 Christo?
3835 1099 4007 1167 cujus

2382 1188 2455 1232 est
2474 1180 2651 1247 filius?
2678 1189 2957 1251 postquam
2982 1183 3234 1245 dixerunt
3258 1202 3271 1238 :
3302 1184 3472 1240 Dauid
3491 1227 3507 1250 ,
3534 1186 3807 1255 subiunxit
3836 1187 4007 1243 Psal-

2381 1286 2549 1333 mum,
2568 1272 2753 1327 dicens
2768 1290 2779 1324 :
2799 1273 3064 1338 Quomodo
3078 1291 3196 1345 ergo
3215 1274 3340 1330 dicit
3352 1274 3523 1330 David
3539 1291 3559 1330 :
3574 1275 3718 1337 Dixit
3732 1277 4003 1343 Dominus

2381 1362 2603 1418 Domino
2629 1381 2760 1431 meo,
2791 1365 2927 1420 Sede
2968 1382 3001 1419 a
3044 1368 3238 1428 dextris
3275 1369 3443 1423 nisis!
3477 1367 3537 1423 Si
3572 1386 3689 1440 ergo
3727 1368 4002 1428 Dominus

2381 1455 2492 1523 ejus
2530 1466 2605 1508 est
2630 1496 2646 1519 ,
2689 1457 2941 1525 quamde
2987 1458 3324 1523 sos‘dicitis,
3370 1459 3507 1527 quod
3558 1470 3631 1514 est
3683 1460 3793 1530 ejus
3842 1462 4000 1529 ﬁlius

2380 1544 2593 1616 (Matth.
2614 1546 2706 1600 22.
2735 1547 2991 1617 4245)?
3016 1548 3153 1615 Quid
3181 1560 3264 1605 cst
3283 1564 3413 1621 ergo
3442 1550 3583 1619 quod
3613 1550 3852 1605 dicitur?
3884 1551 4000 1607 Ve-

2380 1651 2496 1691 ram
2534 1645 2589 1691 et
2626 1651 2934 1705 germanam
2980 1639 3067 1694 hic
3104 1639 3337 1696 ostendit
3375 1642 3797 1710 generationem.
3839 1641 3994 1709 Quid

2379 1728 2550 1797 ergo?
2588 1736 2672 1782 est
2701 1728 2875 1783 solum
2912 1737 3039 1784 ante
3079 1728 3398 1789 luciferum?
3440 1729 3801 1812 Nequaquam.
3844 1732 3993 1788 Nam

2379 1818 2507 1872 dicit
2531 1819 2691 1871 etiam
2715 1818 2840 1874 alibi
2872 1838 2885 1875 :
2916 1820 3045 1882 Ante
3071 1820 3245 1879 lunam
3266 1823 3478 1879 thronus
3501 1824 3633 1891 ejus,
3667 1823 3735 1878 Et
3758 1840 3865 1878 non
3892 1841 3995 1880 SO-r

2382 1909 2490 1965 lum
2527 1918 2652 1970 ante
2688 1910 2904 1975 lunam;
2938 1926 3059 1967 nam
3087 1912 3157 1967 de
3181 1911 3339 1974 Patre
3377 1929 3591 1983 quoque
3615 1913 3742 1973 dicit
3772 1930 3788 1967 :
3814 1916 3989 1971 Ante-

2377 2018 2530 2071 quatn
2556 2013 2749 2061 montes
2773 2004 2969 2071 ﬁerent,
2995 2012 3042 2058 et
3069 2007 3375 2075 [armaretur
3399 2015 3554 2069 terra,
3586 2017 3633 2060 et
3658 2007 3793 2062 orbis
3812 2018 3992 2062 terra-

2377 2109 2490 2153 rum
2510 2134 2525 2157 ,
2556 2110 2588 2146 a
2614 2097 2799 2147 sarcqu
2828 2103 2876 2147 et
2902 2094 2956 2147 in
2981 2095 3225 2149 malum
3251 2105 3305 2148 tu
3330 2112 3382 2149 es
3416 2094 3587 2165 (Psal.
3618 2096 3708 2155 89.
3737 2097 3819 2167 2).
3848 2096 3981 2154 Non

2377 2200 2407 2239 a
2437 2185 2633 2240 satculo
2652 2186 2846 2252 solum,
2871 2187 2967 2243 sed
2988 2189 3149 2243 etiam
3169 2198 3292 2242 ante
3314 2188 3567 2244 mulum
3591 2207 3606 2245 :
3632 2205 3804 2259 neque
3824 2192 3983 2249 enim

2377 2284 2655 2345 estusque
2678 2275 2744 2331 ad
2770 2277 3047 2342 saeculum,
3075 2278 3169 2334 sed
3198 2280 3249 2333 in
3277 2278 3561 2335 infinitum.
3586 2280 3663 2337 Ne
3688 2281 3987 2339 olfendaris

2377 2374 2557 2431 autem
2588 2368 2640 2423 iu
2669 2368 2997 2431 dictionibus
3016 2410 3029 2434 ,
3059 2370 3153 2427 sed
3182 2371 3396 2442 suscipe
3430 2372 3831 2443 intelligentiam
3856 2391 3989 2447 qum

2380 2461 2490 2515 Deo
2535 2463 2838 2519 conveniat.
2905 2461 3041 2520 Vide
3084 2475 3263 2521 autem
3310 2464 3589 2534 propheta:
3626 2467 3982 2536 sapientiam.

2376 2550 2647 2614 Psalmum
2700 2553 2959 2623 incipiens
3002 2569 3110 2612 non
3153 2554 3221 2610 ab
3265 2555 3348 2609 his
3382 2571 3538 2617 orsus
3566 2566 3651 2612 est
3679 2574 3693 2611 :
3722 2555 3807 2612 Es
3834 2568 3986 2615 utero

2374 2655 2495 2697 ante
2517 2643 2789 2715 luciferum
2814 2646 2970 2716 genui
2997 2656 3045 2700 te
3070 2665 3089 2705 :
3114 2646 3209 2708 sed
3246 2662 3368 2709 cum
3398 2649 3547 2717 prius
3576 2649 3831 2717 pratulum
3858 2652 3986 2720 ejus

2376 2733 2517 2791 facta
2552 2736 2920 2805 ostendisset,
2960 2745 3017 2799 et
3043 2739 3218 2807 ipsum
3257 2754 3356 2809 per
3382 2754 3545 2809 opera
3585 2741 3934 2811 praedicasset
3964 2784 3982 2812 ,

2377 2836 2559 2897 postea
2583 2829 2801 2899 proprio
2820 2829 2939 2885 loco
2958 2830 3076 2900 ejus
3096 2831 3409 2901 dignitatem
3433 2833 3689 2897 ostendit,
3713 2832 3790 2889 Ita
3812 2834 3982 2895 etiam

2374 2917 2588 2977 dicebat
2617 2919 2733 2989 ipse
2756 2938 2769 2973 :
2798 2919 2861 2981 Si
2880 2938 2981 2975 non
3001 2923 3137 2994 facio
3156 2938 3311 2991 opera
3333 2922 3509 2985 Patria
3537 2926 3655 2995 mei,
3676 2926 3832 2981 nolite
3849 2927 3983 2981 mihi

2376 3010 2598 3070 credere.
2629 3012 2728 3068 Sin
2752 3023 2921 3067 autent
2948 3015 3083 3086 facio
3101 3056 3116 3081 ,
3146 3023 3193 3069 et
3214 3016 3259 3072 si
3288 3016 3413 3069 mihi
3437 3033 3539 3070 non
3567 3016 3813 3087 credatis,
3847 3035 3982 3090 ope-

2374 3103 2515 3157 ribus
2544 3104 2731 3165 credite
2754 3104 2937 3176 (Joan.
2964 3106 3050 3163 10.
3082 3106 3172 3176 37)
3206 3115 3304 3162 :nt
3329 3121 3452 3165 cum
3479 3106 3730 3171 didiceris
3754 3110 3901 3180 quod
3933 3111 3983 3169 is

2374 3204 2460 3249 est
2485 3195 2575 3266 qui
2600 3195 2750 3257 sedet
2774 3195 2840 3249 ad
2868 3195 3146 3263 dexteram
3174 3197 3364 3264 Patris,
3394 3199 3486 3269 qui
3510 3199 3765 3255 Dominus
3785 3202 3980 3270 appel-

2373 3288 2518 3345 latur
2547 3297 2605 3349 ut
2633 3288 2794 3345 Pater
2820 3290 2910 3360 qui
2939 3304 3123 3351 secum
3154 3289 3315 3347 habet
3343 3291 3695 3361 principatum
3720 3333 3737 3359 ,
3767 3294 3859 3367 qui
3892 3303 3978 3347 ta-

2372 3380 2479 3436 lem
2520 3380 2686 3441 eﬂicit
2724 3381 3092 3447 splendorem,
3121 3382 3210 3452 qui
3244 3382 3386 3441 inter
3428 3394 3618 3453 gentes
3640 3384 3978 3449 dominatum

2371 3471 2578 3527 obtinet
2596 3512 2613 3537 ,
2642 3487 2711 3527 ne
2737 3472 3074 3533 conturberis
3093 3513 3109 3540 ,
3140 3472 3185 3528 si
3214 3474 3450 3536 audieris
3476 3489 3599 3535 eum
3626 3490 3746 3531 esse
3775 3475 3976 3535 Filium

2369 3565 2532 3620 etiam
2559 3574 2685 3627 ante
2715 3566 3019 3627 universam
3044 3572 3367 3620 creaturam.
3408 3565 3538 3621 lure
3573 3576 3754 3627 autcm
3792 3567 3976 3624 admi-

2368 3654 2573 3713 randus
2612 3662 2697 3709 cst
2744 3654 3002 3725 propheta
3029 3695 3045 3720 ,
3087 3655 3364 3725 quomodo
3401 3656 3495 3717 illa
3530 3656 3747 3727 quidem
3776 3674 3841 3713 ex
3875 3658 3975 3718 Dei

2369 3760 2597 3817 persona
2623 3786 2639 3811 ,
2691 3745 2806 3801 haec
2832 3760 2962 3801 vero
2997 3759 3065 3801 ex
3113 3761 3210 3801 sua
3259 3761 3486 3817 persona
3530 3748 3787 3818 loquitur.
3835 3749 3975 3809 Illud

2368 3842 2531 3906 enim,
2561 3837 2696 3894 Sede
2718 3855 2752 3892 a
2770 3838 2961 3894 dextris
2979 3840 3103 3893 nteis
3126 3854 3146 3893 :
3165 3846 3223 3894 et
3250 3838 3402 3906 illud,
3427 3838 3513 3903 Ea:
3533 3849 3678 3895 utero
3700 3851 3819 3895 ante
3839 3841 3974 3896 luci-

2366 3930 2531 4001 ferum
2549 3931 2701 4003 genui
2720 3939 2788 3992 te,
2810 3943 2931 4003 qua:
2952 3928 3104 3983 illum
3124 3929 3449 3999 superabant
3468 3929 3767 3998 altitudine,
3792 3931 3972 4001 ipsum

2368 4020 2536 4076 Deum
2563 4020 2873 4079 introducit
2895 4022 3172 4081 dicentem
3212 4020 3359 4083 :alia
3398 4029 3577 4084 autem
3622 4021 3738 4092 ipse
3776 4020 3970 4081 refert.

2367 4111 2503 4170 Vide
2530 4121 2713 4174 autem
2743 4119 2941 4187 quanta
2972 4119 3153 4171 utatur
3177 4112 3502 4182 proprietate
3525 4112 3795 4168 dictionis.
3822 4112 3971 4177 Satis

2365 4203 2554 4259 fuisset
2582 4204 2725 4264 enim
2756 4204 2938 4259 dicere
2959 4242 2977 4269 ,
3021 4201 3189 4261 Genui
3232 4214 3281 4258 te
3318 4221 3338 4259 :
3380 4204 3473 4259 sed
3506 4214 3728 4275 propter
3751 4220 3847 4261 eos
3870 4206 3969 4277 qui

2366 4293 2513 4355 humi
2556 4302 2819 4364 serpunt,
2862 4302 2921 4353 ut
2958 4308 3143 4349 veram
3172 4296 3479 4357 ostenderet
3519 4297 3922 4366 generationem
3944 4338 3964 4369 ,

2364 4388 2524 4457 hujus
2559 4402 2774 4459 quoque
2807 4386 3060 4450 dictionis
3102 4387 3367 4449 meminit.
3419 4386 3490 4442 Et
3517 4386 3655 4450 sicut
3680 4403 3802 4443 cum
3830 4388 3965 4457 dicit

2361 4496 2601 4544 manum,
2634 4494 2740 4535 non
2769 4478 2819 4534 id
2842 4478 2973 4534 dicit
2997 4486 3055 4533 ut
3083 4492 3299 4534 manum
3326 4492 3448 4534 esse
3474 4478 3832 4548 suspicemur,
3860 4478 3962 4540 sed

2361 4583 2422 4628 ut
2450 4572 2809 4645 intelligamus
2838 4570 3057 4627 creandi
3093 4577 3414 4644 potestatem
3438 4611 3455 4636 ,
3501 4570 3573 4633 ita
3614 4571 3777 4625 etiam
3820 4571 3961 4634 uteri

2360 4666 2623 4733 meminit,
2652 4675 2708 4721 ut
2730 4679 2914 4722 veram
2939 4678 3060 4720 esse
3082 4663 3483 4733 generationem
3507 4662 3776 4719 ostendat.
3804 4714 3819 4723 ,

2433 4758 2484 4817 8.
2537 4757 2741 4820 Deinde
2782 4756 2969 4819 volens
3021 4753 3355 4824 prophetiam
3398 4752 3453 4815 in
3496 4752 3719 4823 ﬁguram
3762 4752 3959 4824 judicia

2357 4859 2543 4922 aptare
2565 4891 2581 4917 ,
2622 4848 2691 4907 ad
2716 4863 2839 4904 eum
2868 4847 3032 4903 verba
3062 4845 3220 4911 facit,
3248 4844 3393 4914 quod
3420 4844 3636 4919 quidem
3665 4843 3958 4905 vehemen-

2360 4943 2551 5000 tissimi
2580 4941 2781 5002 amoris
2806 4949 2862 4996 et
2889 4939 3113 5011 insignis
3132 4937 3310 5010 gaudii
3333 4946 3450 5002 erat
3476 4946 3533 4992 et
3556 4938 3753 4993 animze
3777 4954 3898 5007 qua:
3922 4953 3956 4994 a

2355 5037 2538 5096 divino
2576 5036 2781 5105 Spiritu
2823 5032 3205 5105 occupabatur.
3242 5031 3299 5086 ι.
3336 5030 3542 5087 Jurari‘t
3589 5028 3859 5099 nonanus,
3905 5041 3955 5087 et

2356 5146 2457 5187 non
2485 5128 2742 5200 prenitebit
2768 5142 2903 5187 enin.
2938 5124 3015 5179 Tu
3041 5140 3094 5181 es
3130 5122 3365 5182 sacerdos
3388 5124 3442 5178 in
3463 5133 3738 5188 pter-nutu,
3769 5138 3949 5182 κιαι.

2354 5222 2477 5276 dum
2497 5221 2725 5276 ordinem
2754 5217 3111 5273 Melchisedee.
3146 5215 3308 5280 Vides
3334 5214 3607 5285 quomodo
3629 5213 3697 5269 ad
3728 5212 3780 5269 id
3806 5212 3951 5284 quod

2353 5322 2436 5368 est
2461 5312 2719 5368 humilius
2747 5308 2971 5371 deduxit
2995 5308 3295 5364 orationem
3316 5346 3331 5371 ,
3361 5304 3521 5360 modo
3548 5304 3616 5360 de
3638 5304 3947 5371 divinitate,

2355 5406 2516 5461 modo
2552 5403 2622 5459 de
2650 5388 2981 5457 humanitate
3020 5399 3328 5455 disserens?
3372 5395 3517 5469 quod
3544 5396 3709 5453 etiam
3749 5396 3951 5457 faciunt

2350 5497 2714 5569 evangelista,
2746 5502 2803 5549 ut
2830 5494 3078 5563 utrinque
3108 5500 3457 5547 conservetur
3485 5489 3795 5561 dogmatum
3827 5504 3947 5560 per»

2349 5588 2532 5644 festio.
2555 5586 2627 5643 Et
2648 5600 2814 5658 quare
2832 5583 2986 5650 dixit,
3011 5583 3306 5641 Secundum
3323 5582 3558 5637 ordinem
3575 5580 3948 5638 lelehisedes!

2350 5682 2419 5739 Et
2446 5689 2664 5753 propter
2688 5686 3053 5741 sacramenta,
3094 5673 3236 5747 quod
3280 5674 3370 5731 ille
3411 5687 3627 5745 quoque
3668 5686 3864 5745 panem
3894 5680 3948 5729 et

2349 5776 2533 5833 vinum
2553 5772 2783 5834 Abrahae
2799 5771 3091 5840 obtulerit;
3121 5779 3177 5828 et
3201 5767 3343 5843 quod
3368 5768 3472 5826 hoc
3498 5764 3857 5826 sacerdotium
3879 5763 3949 5820 sit
