4156 6416
111 416 192 468 εῖτ
1209 395 1576 453 ΕΧινοδιτιυ
1614 392 1679 447 ΙΝ

1819 390 2044 448 unum
2083 388 2220 447 CIX.
2315 397 2323 402 '

111 550 132 583 δ
156 530 255 598 lege
280 524 516 582 liberum
536 564 552 587 ,
584 536 651 577 ac
681 532 856 590 neque
902 514 1062 572 tinem
1088 554 1104 577 ,
1136 513 1277 568 sicut
1303 510 1434 567 dicit
1460 509 1661 566 Paulus
1685 549 1699 571 ,

114 634 259 691 neque
284 616 613 690 principium
641 611 841 668 habent
868 608 1059 681 (Hebr.
1084 606 1135 661 7.
1161 604 1239 675 3).
1266 602 1420 673 Quod
1445 603 1592 657 enim
1616 598 1705 656 ille

114 715 155 768 in
178 711 351 769 umbra
378 708 596 774 habuit,
624 706 730 762 hoc
753 717 941 761 revera
972 699 1071 756 fuit
1096 699 1151 755 in
1173 696 1302 755 Jesu
1327 714 1341 750 :
1365 705 1416 753 et
1438 691 1703 767 quemad-

115 806 303 861 modum
331 803 561 860 nomina
591 803 1010 872 praecesserunt,
1039 803 1100 851 ut
1121 791 1303 857 Iesus,
1336 797 1396 844 nt
1419 787 1699 845 Christus:

116 902 171 955 ila
193 899 284 954 hoc
303 872 497 951 etiam.
522 893 711 964 Neque
733 905 864 962 ergo
883 885 1243 945 llelchisodee
1268 883 1479 939 videtur
1503 880 1704 936 habere

114 994 291 1047 dierum
316 987 648 1061 principium
673 1026 690 1052 ,
720 998 894 1055 neque
923 981 1085 1036 tinem
1112 978 1263 1043 vita;
1294 992 1398 1032 non
1424 973 1566 1047 quod
1595 988 1702 1030 non

116 1086 299 1151 habeat,
324 1081 423 1137 sed
456 1077 607 1152 quod
631 1076 750 1148 ejus
769 1072 1082 1146 genealogia
1108 1069 1254 1126 nulla
1275 1068 1345 1123 sit
1362 1067 1519 1122 facta.
1542 1064 1703 1122 Jesus

113 1186 262 1231 autem
292 1187 474 1243 neque
505 1169 827 1242 principium
857 1165 1098 1230 dierum,
1127 1176 1231 1231 nec
1260 1160 1381 1215 vita:
1412 1157 1573 1213 finem
1603 1156 1702 1211 ha-

114 1271 223 1333 buit,
251 1281 356 1322 non
382 1279 455 1322 eo
485 1261 689 1325 modo,
717 1258 813 1315 sed
837 1255 981 1330 quod
1025 1269 1127 1312 nee
1154 1253 1207 1309 in
1243 1255 1359 1323 ipso
1387 1252 1457 1307 sit
1482 1250 1704 1307 omnino

114 1349 407 1431 principibus
469 1350 815 1422 temporale,
867 1362 968 1404 nec
1016 1346 1160 1402 linis.
1219 1343 1352 1400 illud
1394 1342 1539 1399 enim
1588 1350 1705 1398 erat

114 1449 294 1515 umbra,
326 1446 435 1504 hoc
461 1445 689 1501 veritas.
717 1439 1181 1512 Quemadmodum
1209 1453 1339 1509 ergo
1366 1452 1490 1494 cum
1514 1435 1703 1495 Jesum

114 1540 262 1607 audis,
302 1554 412 1596 non
443 1553 576 1595 enm
619 1536 709 1607 qui
756 1549 883 1590 vere
922 1539 1009 1589 est
1036 1531 1194 1588 Jesus
1233 1529 1563 1601 suspicaris,
1606 1528 1703 1585 sed

116 1633 322 1688 nominis
345 1629 530 1687 solam
553 1627 775 1699 ﬁguram
796 1624 1018 1696 accipis,
1045 1632 1103 1680 et
1123 1622 1257 1678 nihil
1277 1623 1417 1678 ultra
1434 1620 1700 1693 requiris:

115 1726 173 1779 ita
194 1738 309 1781 eum
333 1720 500 1778 audis
536 1717 893 1775 ilclrhisedec
915 1756 932 1783 ,
979 1716 1070 1788 qui
1117 1731 1292 1787 neque
1321 1714 1484 1772 habet
1505 1714 1704 1786 princi-

116 1820 236 1889 pium
260 1858 276 1885 ,
316 1830 422 1871 nec
462 1812 629 1868 linem
652 1852 667 1875 ,
697 1826 764 1866 ne
792 1808 842 1865 id
882 1824 1093 1881 qua'ras
1122 1807 1179 1864 in
1204 1809 1283 1865 rei
1312 1808 1538 1863 veritate
1559 1849 1575 1873 ,
1608 1806 1705 1862 sed

116 1910 193 1965 tibi
211 1906 434 1963 sufﬁciat
450 1904 573 1961 sola
586 1901 878 1973 appellatio
894 1919 910 1959 :
928 1903 1094 1958 verita
1102 1910 1209 1957 tem
1224 1909 1405 1956 autem
1423 1900 1477 1956 in
1488 1898 1707 1957 Christo

116 2001 289 2057 rdiscc.
314 1996 707 2068 Jusjurandum
731 2010 863 2051 vero
901 1993 1118 2066 quando
1135 1992 1411 2061 audieris,
1444 2007 1513 2049 ne
1548 2000 1706 2064 putes

116 2107 218 2148 esse
247 2089 652 2162 jusjurandum.
694 2086 1161 2156 Quemadmodum
1186 2088 1333 2143 enim
1368 2087 1445 2142 ira
1474 2086 1527 2141 in
1559 2087 1703 2153 Deo,

118 2184 181 2239 ira
201 2198 302 2240 non
330 2194 438 2251 cst,
469 2181 569 2239 sed
599 2192 682 2238 est
712 2182 795 2239 vis
823 2180 1111 2253 puniendi,
1145 2189 1196 2236 et
1232 2195 1338 2236 non
1371 2179 1707 2252 perturbatio

120 2275 299 2333 animi:
322 2277 397 2333 ita
421 2277 590 2335 etiam
613 2274 1011 2348 jusjurandum.
1046 2273 1189 2332 Deus
1212 2274 1358 2331 enim
1389 2289 1496 2329 non
1525 2273 1669 2345 jurat
1688 2313 1704 2341 ,

118 2367 194 2423 sed
228 2366 278 2425 id
323 2368 462 2424 dicit
504 2368 646 2440 quod
697 2368 920 2424 omnino
960 2367 1203 2425 futurum
1254 2376 1358 2426 est.
1413 2366 1705 2438 Postquam

119 2472 229 2530 ergo
290 2460 429 2517 dixit
491 2460 834 2532 splendorem
895 2469 1203 2517 sanctorum
1224 2501 1240 2527 ,
1306 2459 1514 2531 positos
1572 2471 1709 2558 ι(ξιιδθ

123 2551 344 2611 inimicos
388 2556 498 2612 sub
540 2557 767 2626 pedibus
794 2556 947 2628 ejus,
980 2556 1123 2613 diem
1153 2556 1272 2627 ejus
1300 2553 1515 2610 virtutis
1543 2551 1711 2608 :dicit

122 2643 349 2719 deinceps
377 2650 691 2719 praemia.
718 2648 849 2704 \‘ide
871 2659 1050 2704 autem
1073 2662 1307 2719 quonam
1334 2645 1522 2702 ordine
1542 2645 1710 2701 utitur

124 2734 167 2790 in
199 2740 439 2797 oratione
457 2781 476 2807 ,
504 2740 700 2797 durum
730 2741 1033 2797 auditorem
1061 2739 1365 2797 emollicns.
1396 2736 1531 2794 Cum
1559 2737 1710 2809 prius

123 2831 243 2884 cutim
269 2837 549 2891 terruisset
594 2834 864 2906 loquendo
901 2834 972 2891 de
1005 2834 1229 2906 judicio,
1269 2848 1333 2890 ac
1358 2832 1709 2904 pertinaciam

122 2922 222 2989 ejus
255 2926 592 2993 emolliisset,
641 2926 846 2983 inducit
885 2910 1192 2983 sermonem
1233 2925 1303 2982 de
1332 2925 1706 2998 prmsentibus.

125 3009 388 3083 Propterea
430 3017 596 3073 talem
644 3018 863 3074 adhibet
910 3018 1238 3074 mistionem.
1278 3016 1571 3073 Considera
1610 3031 1709 3071 au-

126 3104 437 3162 tem:Donec
468 3124 656 3177 ponam
683 3110 917 3165 inimicos
942 3120 1057 3165 tuos
1080 3109 1359 3165 scabelltmt
1389 3110 1574 3179 pedum
1601 3118 1714 3162 tuo-

125 3210 238 3248 m».
282 3198 391 3256 lloc
433 3201 565 3257 dicit
604 3201 674 3257 de
715 3200 1165 3259 futuriszdeinde
1204 3200 1274 3258 de
1316 3201 1709 3273 praesentibus:

133 3284 319 3361 ι’ἱτσοηι
338 3296 539 3349 virtutis
560 3304 663 3350 tua:
681 3296 873 3352 emittet
893 3295 1146 3351 Dominus
1174 3311 1239 3350 ea:
1259 3293 1425 3360 Sion;
1446 3294 1714 3349 dominare

128 3380 170 3434 iu
196 3384 350 3441 medio
375 3387 701 3442 inimicorum
728 3398 955 3443 tuorum.
990 3387 1196 3444 Deinde
1226 3387 1400 3443 futura
1430 3386 1711 3458 prmdicit:

132 3471 293 3529 Tm
322 3481 645 3551 principatus
672 3481 727 3535 in
766 3480 850 3535 die
883 3481 1084 3535 virtutis
1117 3488 1220 3536 tua:
1260 3481 1312 3535 in
1354 3481 1714 3549 splendoribus

129 3579 392 3625 sanctorum
413 3588 433 3625 :
456 3585 642 3643 postea
672 3587 859 3629 rursus
888 3572 1193 3644 prtesentia,
1228 3587 1349 3643 qua:
1374 3586 1483 3628 non
1514 3571 1716 3629 habent

129 3661 335 3729 amplius
360 3663 621 3720 ultionem
640 3706 657 3731 ,
690 3664 786 3720 sed
816 3664 1228 3720 beneficentiam
1255 3685 1268 3720 :
1296 3664 1373 3720 Tu
1401 3681 1454 3721 es
1478 3655 1715 3721 sacerdos

131 3747 174 3801 in
204 3763 441 3809 sternunt
478 3757 761 3812 secundum
803 3758 1035 3813 ordinem
1079 3757 1438 3813 Helcliisedec.
1478 3758 1591 3814 lloc
1632 3768 1717 3817 est

133 3847 255 3900 enim
289 3850 495 3919 peccati
540 3851 844 3919 absolutio,
890 3860 947 3908 et
989 3868 1111 3908 cum
1166 3852 1276 3908 Deo
1322 3852 1711 3909 reconciliatio.

134 3937 311 3998 Deinde
346 3958 470 3999 cum
509 3944 561 3999 in
603 3945 684 4000 eis
724 3956 984 4017 quantum
1027 3945 1197 4001 voluit
1234 3946 1459 4013 institit,
1501 3947 1717 4018 attingit

133 4042 295 4088 rursus
312 4036 694 4101 oeconomiam,
715 4038 781 4091 ad
801 4036 854 4092 id
872 4036 1015 4107 quod
1036 4046 1119 4093 est
1139 4036 1393 4093 humilius
1413 4038 1713 4094 orationem

128 4136 450 4195 convertens,
481 4138 537 4184 et
560 4130 767 4199 dicens,
792 4130 844 4185 6.
875 4130 1125 4186 Dominus
1143 4148 1175 4184 a
1196 4132 1387 4191 dextris
1403 4134 1519 4187 tuis.
1552 4134 1715 4202 Atqui

132 4219 354 4284 superius
396 4222 608 4278 dixerat
647 4239 770 4279 eum
814 4224 1007 4281 sedere
1034 4241 1063 4279 a
1091 4224 1297 4281 dextris
1325 4226 1517 4282 Patris.
1555 4227 1715 4283 \‘ides

133 4312 374 4373 quonmdo
416 4330 523 4369 non
570 4323 773 4371 temere
810 4316 1135 4373 dictionibus
1176 4317 1547 4374 inhazrendum
1590 4321 1715 4375 est?

132 4398 249 4461 Quid
273 4416 372 4469 est,
392 4406 645 4462 Dominus
661 4428 693 4462 a
709 4410 899 4465 dextris
924 4411 1335 4479 tuis?Quoniam
1364 4412 1715 4471 humanitatis

133 4504 369 4562 suscepta
406 4502 764 4553 (Bc0n0miam
815 4501 1023 4573 attigit,
1069 4503 1135 4558 ad
1186 4520 1404 4560 Carnem
1448 4507 1713 4562 Convertit

134 4586 424 4656 orationem,
455 4606 575 4661 qum
597 4594 853 4648 auxilium
883 4596 1127 4666 suscipit.
1159 4596 1383 4653 Videtur
1405 4600 1547 4653 enim
1567 4600 1711 4671 angi,

135 4673 373 4746 aliiictari,
405 4692 462 4738 et
484 4683 700 4749 sudare,
725 4696 777 4741 et
804 4687 875 4741 ita
907 4686 1123 4755 sudare,
1156 4699 1212 4745 ut
1252 4699 1415 4760 gutta:
1439 4693 1716 4762 sanguinis

134 4767 361 4842 ilo-ﬂuant,
389 4786 445 4830 et
469 4792 656 4833 rursus
684 4780 993 4835 confirmari
1026 4780 1175 4854 (Luc.
1206 4784 1297 4840 29.
1321 4786 1437 4851 44).
1458 4785 1605 4842 Talis
1632 4796 1716 4844 est

135 4862 255 4951 vitim
278 4869 450 4922 carnis
480 4878 690 4923 natura.
734 4871 1032 4944 Confrinch
1062 4874 1113 4928 in
1155 4876 1237 4929 die
1280 4876 1372 4931 ira:
1406 4894 1513 4933 sua?
1548 4895 1711 4951 reges.

135 4949 168 5002 Ν
190 4971 229 5007 Ἰὶ
254 4958 582 5016 abcrravcrit
608 4964 697 5033 qui
733 4964 835 5019 hoc
865 4966 1064 5021 dixerit
1091 4966 1194 5021 dici
1219 4968 1287 5023 de
1316 4949 1674 5039 praesentibus
1695 5014 1711 5039 ,

135 5048 206 5112 qui
236 5050 510 5124 insurgunt
539 5055 799 5111 adversus
840 5056 1142 5115 Ecclesium
1167 5103 1180 5125 ,
1220 5072 1270 5115 et
1304 5060 1370 5115 de
1401 5063 1463 5117 iis
1494 5064 1581 5132 qui
1617 5079 1715 5132 pro

138 5145 343 5201 Peccantis
368 5155 425 5201 et
449 5146 725 5216 impietate
748 5163 842 5203 sua
873 5165 1060 5219 poenas
1085 5162 1213 5207 sunt
1240 5152 1438 5209 daturi.
1469 5154 1521 5209 6.
1550 5156 1713 5208 ludi-

136 5230 243 5283 :abit
274 5235 325 5290 ita
352 5239 586 5308 gentibus
611 5255 630 5294 :
648 5240 873 5309 implebit
899 5244 1097 5299 ruinas.
1126 5245 1261 5312 Quid
1293 5257 1375 5301 est
1393 5288 1408 5313 ,
1451 5246 1715 5305 Judicabit

139 5316 177 5369 in
195 5327 408 5390 gentibus
422 5330 450 5383 .’
467 5328 761 5399 Jndicabit,
790 5334 981 5407 inquit,
1006 5336 1385 5395 condemnabit
1412 5340 1710 5397 daemonas.

139 5410 190 5465 Ει
211 5420 338 5487 quod
363 5421 683 5491 judicavu-rit
702 5468 716 5490 ,
759 5429 881 5483 anili
909 5428 1180 5486 Christum
1220 5433 1487 5489 dicentem
1515 5452 1526 5488 :
1556 5435 1609 5489 Ν
1615 5453 1713 5491 nnc

138 5517 193 5557 εει
206 5511 448 5582 judicium
478 5520 656 5573 mundi
686 5522 878 5589 huius;
920 5539 1053 5577 nunc
1084 5524 1318 5595 princeps
1349 5529 1529 5581 mundi
1560 5527 1714 5599 ltitjns

138 5599 334 5667 ejiciatur
352 5612 493 5679 [oras
520 5609 706 5682 (Joan.
746 5612 829 5667 l2.
862 5614 975 5685 51).
1010 5616 1074 5670 Et
1095 5616 1222 5670 alibi
1252 5634 1263 5670 :
1290 5614 1355 5670 Et
1378 5634 1469 5689 ego
1495 5620 1540 5673 si
1566 5622 1711 5675 exal-

139 5700 249 5751 tatus
270 5700 440 5769 fuero,
475 5718 648 5759 onmes
686 5705 888 5761 traham
927 5704 998 5761 a'd
1038 5709 1287 5779 meipsum
1321 5708 1478 5782 (Ibid.
1517 5727 1561 5765 υ.
1594 5712 1709 5785 32).

138 5788 259 5851 Quod
283 5796 326 5851 si
357 5814 487 5853 usus
514 5809 597 5853 est
617 5798 851 5856 dictione
874 5817 995 5871 quae
1023 5801 1180 5871 paulo
1207 5804 1376 5874 magis
1395 5803 1463 5859 ad
1491 5820 1710 5863 sensum

140 5886 353 5957 Pertinet,
386 5908 491 5947 non
518 5891 826 5949 t-ll'cttdaris.
861 5894 973 5951 lioc
999 5904 1083 5951 est
1105 5896 1247 5954 cnim
1273 5895 1534 5955 familiare
1559 5897 1702 5955 Sert—

3329 381 3433 439 9.78

1816 516 2005 577 pturze.
2036 502 2405 577 Conquassabit
2453 503 2625 574 capita
2660 502 2713 556 in
2753 513 2890 557 terra
2918 500 3217 558 multorum.
3246 502 3301 559 Si
3334 503 3436 558 hoc

1812 597 2031 671 quidem
2073 598 2210 654 velis
2251 596 2500 667 accipere
2540 596 2832 666 anagogice
2856 637 2871 661 ,
2922 594 3120 651 dixerit
3166 594 3435 667 quispiam

1811 706 1935 747 eum
1963 704 2086 747 esse
2127 688 2463 761 dejecturum
2492 687 2690 745 fastum
2720 697 2775 742 et
2802 688 3203 759 arrogantiam;
3231 688 3277 746 si
3307 703 3437 744 vero

1811 781 2056 840 sensibili
2083 780 2246 837 modo
2270 782 2524 851 accipias,
2546 779 2858 837 Judazomm
2885 780 3275 846 calamitatem,
3300 795 3440 850 quos

1810 892 1934 932 cum
1964 874 2305 931 vehementia
2335 874 2567 929 maxima
2594 873 2835 929 funditus
2853 874 3067 929 evertit.

1884 969 2230 1039 Philowphia
2250 968 2441 1026 Christi
2468 978 2517 1024 et
2542 969 2814 1035 doctrina;
2837 968 3080 1023 adversus
3103 968 3317 1035 lusum;
3336 984 3437 1022 ser-

1810 1079 1931 1119 vam
1972 1074 2062 1118 aut
2089 1063 2304 1117 liberum
2335 1063 2460 1132 quid
2487 1062 2807 1134 potissimum
2836 1061 3032 1133 faciat;
3058 1078 3301 1119 curarum
3342 1078 3436 1116 va-

1812 1157 1977 1211 cuitas
2014 1163 2264 1225 quantum
2300 1154 2606 1209 bonum..-—
2629 1154 2684 1209 7.
2713 1153 2793 1209 De
2819 1162 3041 1209 torrente
3081 1154 3137 1209 in
3165 1154 3249 1209 sia
3279 1152 3431 1209 bibet.

1812 1246 1913 1304 Hic
1937 1245 2174 1303 ostendit
2199 1246 2459 1303 humilem
2488 1260 2554 1302 ac
2578 1245 2742 1302 vilem
2764 1244 2884 1315 ejus
2904 1244 3121 1301 vivendi
3143 1245 3434 1309 rationem,

1811 1341 1955 1414 quod
2001 1341 2205 1397 nullum
2249 1340 2448 1397 fastum
2497 1356 2610 1411 prae
2651 1354 2714 1398 se
2756 1339 2962 1408 ferens,
2999 1340 3164 1397 nullis
3206 1340 3438 1412 stipatus

1812 1436 2173 1503 satellitibus,
2220 1451 2324 1493 nec
2363 1436 2609 1493 sensibili
2653 1436 2838 1508 aliquo
2866 1445 3129 1507 apparatu
3159 1435 3433 1501 munitus,

1813 1528 1933 1585 inec
1958 1526 2186 1595 fecerit;
2217 1526 2313 1584 sed
2361 1537 2577 1583 tenuem
2606 1528 2807 1583 victum
2836 1527 3075 1597 ducens,
3107 1536 3163 1582 et
3188 1525 3329 1583 adeo
3356 1535 3438 1582 te.

1812 1636 2014 1689 nnem,
2059 1629 2118 1676 ut
2160 1637 2228 1677 ex
2273 1629 2514 1677 torrente
2560 1620 2792 1677 biberet.
2829 1620 3016 1691 Qualis
3054 1621 3201 1676 enim
3242 1630 3363 1677 erat
3383 1620 3437 1676 ei

1813 1728 1999 1770 tnensa
2020 1752 2037 1782 ,
2073 1712 2195 1770 talis
2229 1728 2447 1785 quoque
2478 1721 2659 1784 potus.
2690 1712 2875 1769 Mensa
2904 1726 3075 1782 panes
3103 1710 3435 1778 hordeacei,

1815 1816 1977 1879 potus
2003 1821 2141 1877 aqua
2175 1806 2245 1863 de
2277 1816 2540 1862 torrente.
2569 1805 2726 1862 \‘enit
2749 1806 2894 1861 enim
2925 1805 3068 1860 hanc
3094 1804 3435 1876 philosophia

1812 1917 1934 1958 cam
1961 1901 2176 1957 vivendi
2208 1900 2472 1957 rationem
2500 1899 2759 1956 docturus
2781 1942 2797 1967 ,
2830 1914 3029 1971 nempe
3058 1900 3235 1955 ventri
3266 1900 3438 1972 impe~

1815 2009 1938 2049 rare
1962 2035 1979 2062 ,
2032 2009 2284 2066 pompam
2315 1993 2563 2059 calcare,
2597 2004 2651 2049 et
2692 1993 2890 2049 fastum
2933 1994 3195 2051 aversari.
3232 1993 3441 2051 Deinde

1814 2087 2110 2145 ostendens
2138 2087 2283 2159 quod
2310 2090 2394 2144 sit
2423 2088 2585 2159 hujus
2615 2089 2742 2144 vitm
2786 2090 3216 2145 emolumentum
3242 2130 3258 2155 ,
3306 2090 3441 2143 sub.

1811 2180 2029 2251 junxit:
2059 2178 2341 2250 Propterea
2384 2180 2629 2235 exaltabit
2674 2190 2853 2252 caput.
2906 2180 3243 2237 Humilitatis
3290 2183 3438 2239 enim

1817 2272 2051 2345 vitzeque
2074 2280 2307 2329 austera:
2334 2271 2422 2327 hic
2443 2282 2528 2328 est
2557 2271 2784 2328 fructus.

1888 2364 1944 2420 9.
1975 2364 2106 2422 llaec
2131 2372 2313 2421 autem
2346 2380 2453 2420 non
2484 2364 2627 2419 dicta
2654 2374 2783 2423 sunt
2808 2364 2878 2420 de
2908 2364 3213 2431 divinitate,
3245 2365 3343 2423 sed
3370 2366 3441 2422 de

1816 2472 1981 2515 carne
2007 2473 2128 2529 quas
2156 2456 2293 2514 bibit
2318 2471 2389 2512 ex
2421 2465 2663 2513 torrente
2682 2499 2695 2522 ,
2741 2472 2863 2528 qum
2906 2457 3007 2514 fuit
3036 2457 3292 2515 cxaltata.
3321 2459 3441 2515 Non

1818 2550 1982 2607 modo
2009 2552 2156 2607 enim
2195 2550 2330 2606 nihil
2359 2550 2411 2606 ei
2440 2549 2751 2606 detrimenti
2789 2551 2970 2607 attulit
3011 2550 3130 2607 ha-c
3170 2552 3441 2618 tenuitas,

1818 2646 1914 2702 sed
1953 2646 2115 2703 etiam
2164 2645 2232 2701 ad
2275 2643 2602 2702 ineffabilem
2634 2645 2814 2702 evexit
2851 2645 3221 2702 altitudinem.
3272 2647 3340 2703 Et
3387 2657 3443 2703 In

1818 2753 1971 2810 ergo,
1998 2754 2032 2793 ο
2057 2737 2273 2803 dilecte,
2299 2735 2390 2809 qui
2416 2736 2534 2793 inec
2554 2737 2802 2810 exempla
2825 2736 2993 2795 habes
3021 2738 3119 2794 tibi
3143 2741 3443 2809 proposita,

1819 2831 1983 2886 vitam
2030 2829 2170 2886 fastu
2221 2838 2276 2886 et
2322 2844 2518 2901 pompa
2561 2830 2823 2901 repletam
2864 2840 3177 2891 contemne.
3222 2842 3444 2891 tenuem

1821 2930 2001 2979 autem
2031 2937 2097 2979 ac
2120 2922 2345 2979 minime
2374 2924 2696 2994 exquisitam
2727 2938 3086 2995 persequere,
3130 2926 3175 2981 si
3216 2927 3299 2983 vis
3324 2941 3447 2985 esse

1819 3016 1999 3072 clarus
2025 3024 2081 3072 et
2108 3030 2355 3087 magnus.
2388 3016 2649 3071 Dominus
2679 3018 2824 3073 enim
2856 3028 2981 3073 tuus
3026 3018 3150 3074 ideo
3178 3022 3353 3085 venit,
3388 3032 3449 3077 ut

1822 3107 1963 3164 hanc
2006 3119 2059 3164 te
2099 3108 2242 3163 viam
2288 3108 2529 3165 doceret.
2580 3104 2843 3178 Quocirca
2885 3110 3148 3182 propheta
3190 3128 3445 3186 quoque,

1821 3217 1944 3259 cum
1985 3201 2240 3273 prmclara
2280 3202 2400 3272 ejus
2451 3201 2589 3258 facta
2630 3213 2924 3269 narrasset,
2967 3206 3070 3261 hoc
3119 3207 3293 3276 ipsum
3318 3206 3448 3263 sub-

1817 3295 2031 3366 junxit,
2078 3309 2251 3366 prope
2276 3294 2465 3352 dicens
2489 3291 2656 3350 :Cum
2699 3294 2978 3352 victoriam
3018 3305 3073 3352 et
3117 3306 3319 3368 tropara
3350 3315 3447 3355 au-

1821 3391 2011 3457 dieris,
2045 3406 2115 3445 ne
2142 3404 2305 3462 spera
2348 3398 2403 3446 te
2434 3390 2673 3445 visurum
2719 3403 2891 3455 arma,
2942 3390 3165 3457 tniiites,
3214 3407 3445 3457 currus,

1822 3499 2013 3557 equos,
2037 3485 2248 3555 equites
2266 3525 2281 3551 ,
2306 3484 2568 3539 tumultus
2597 3492 2689 3538 aut
2712 3482 2897 3539 turbas
2922 3501 2936 3539 :
2958 3492 3040 3540 est
3065 3485 3202 3541 adeo
3223 3485 3448 3544 humilis

1822 3578 1916 3646 qui
1946 3578 2064 3632 inec
2104 3577 2253 3643 facit,
2280 3578 2423 3645 adeo
2451 3575 2589 3648 frugi
2616 3585 2672 3631 et
2699 3576 2995 3642 abstinens,
3025 3586 3084 3632 ut
3108 3594 3176 3635 ex
3204 3588 3448 3635 torrente

1823 3684 2016 3741 aquam
2043 3668 2227 3726 bibat:
2250 3679 2304 3725 et
2332 3677 2511 3724 tamen
2540 3667 2633 3738 qui
2664 3676 2751 3724 est
2775 3668 3041 3739 ejusmodi
3065 3713 3079 3735 ,
3114 3670 3232 3726 lnee
3261 3675 3443 3729 omnia

1826 3761 2085 3832 perﬁciet.
2107 3760 2344 3816 Audiam
2365 3776 2495 3833 ergo
2515 3760 2605 3832 qui
2629 3777 2845 3817 mensas
2867 3761 3071 3819 habent
3089 3762 3444 3835 Sybariticas,

1824 3855 2121 3926 epulasque
2141 3862 2197 3908 et
2216 3853 2692 3910 condintcntorum
2720 3869 2883 3911 omne
2911 3871 3084 3926 genus
3111 3859 3443 3931 excogitant,

1823 3957 1879 4005 et
1919 3950 2069 4004 varia
2102 3962 2398 4019 coquorum
2444 3963 2645 4020 genera
2687 3948 2926 4021 undique
2969 3949 3264 4021 colligunt,
3308 3968 3447 4008 nau-

1826 4051 2034 4112 tasque,
2059 4039 2473 4112 gubernatores,
2497 4050 2553 4095 et
2580 4042 2813 4112 remiges
2837 4041 3102 4114 deligunt,
3136 4053 3195 4099 ut
3220 4054 3445 4103 externa

1823 4134 2069 4204 qumdam
2098 4133 2207 4187 vini
2236 4144 2291 4189 et
2317 4143 2713 4204 unguentorum
2756 4150 2984 4205 genera,
3028 4136 3272 4210 aliasque
3301 4138 3446 4210 ejus-

1824 4224 1969 4279 modi
2004 4224 2228 4281 delicias
2254 4225 2544 4296 importent
2570 4265 2584 4292 ,
2617 4241 2681 4281 ac
2723 4226 2933 4298 scipsns
2978 4227 3030 4283 in
3080 4228 3256 4297 ipsum
3287 4231 3446 4291 bara-

1826 4316 2004 4370 thrum
2041 4316 2408 4387 praecipitent,
2442 4325 2495 4371 et
2538 4316 2773 4373 evadant
2798 4317 3040 4374 omnium
3070 4320 3447 4391 abjectissimi.

1825 4407 2011 4477 Neque
2062 4409 2205 4463 enim
2252 4409 2528 4464 excelsum
2573 4410 2701 4479 quid
2766 4412 3047 4467 consuevit
3099 4413 3310 4482 facere,
3355 4418 3447 4488 qui

1824 4502 2069 4571 pluribus
2103 4502 2308 4573 indiget
2346 4521 2359 4555 :
2393 4516 2492 4556 ncc
2536 4500 2741 4557 humile
2780 4503 3116 4575 quidquam,
3148 4508 3233 4563 cui
3277 4522 3448 4579 pauca

1824 4592 2039 4651 desunt.
2072 4593 2127 4650 Si
2158 4594 2320 4647 vultis
2344 4603 2549 4661 autem,
2591 4593 2913 4664 eftingamus
2942 4599 3221 4670 utriusque
3255 4602 3448 4672 imagi-

1826 4704 1974 4757 nem,
2016 4697 2072 4743 et
2115 4688 2189 4743 sit
2229 4686 2497 4758 quispiam
2539 4688 2629 4759 qni
2674 4685 2874 4744 habeat
2913 4690 3113 4745 multos
3136 4693 3183 4745 ei
3215 4694 3450 4766 undique

1824 4781 2235 4852 suppeditantes
2280 4788 2504 4849 nautas,
2554 4792 2609 4837 et
2652 4782 3080 4853 gubernatores,
3120 4787 3359 4844 artifices
3392 4802 3449 4845 et

1824 4873 2125 4939 ministros,
2147 4882 2387 4930 textores
2411 4884 2466 4931 et
2493 4874 2841 4947 phrygiones,
2867 4876 3151 4947 bubulcos,
3176 4893 3445 4951 pastores.

1824 4976 1879 5023 et
1906 4968 2218 5039 equisones,
2248 4982 2622 5039 equorumque
2644 4979 2910 5034 armenta,
2936 4982 3099 5042 atque
3122 4974 3174 5028 in
3196 4976 3451 5033 omnibus

1824 5066 1873 5120 ei
1929 5064 2217 5120 famulatus
2265 5074 2605 5136 suppetant:
2640 5066 2779 5121 alter
2831 5078 3013 5123 autem
3070 5068 3203 5125 nihil
3257 5087 3448 5128 eorum

1825 5159 2041 5225 habeat,
2062 5168 2421 5231 prmterquam
2445 5160 2619 5215 solum
2644 5176 2840 5232 panem
2858 5172 2911 5218 et
2931 5178 3150 5232 aquam,
3170 5172 3222 5220 et
3239 5175 3447 5223 vestem

1824 5252 2039 5308 unicam
2069 5250 2229 5322 :quis
2252 5261 2334 5307 est
2364 5252 2420 5308 in
2451 5251 2537 5309 his
2563 5253 2855 5310 excelsus?
2886 5256 3008 5326 quis
3037 5272 3167 5312 vero
3193 5256 3451 5315 humilis?

1826 5347 2021 5399 Annon
2066 5343 2273 5400 clarum
2318 5352 2403 5401 est
2427 5389 2441 5412 ,
2492 5360 2617 5401 eum
2644 5361 2769 5402 esse
2796 5348 2887 5420 qui
2919 5350 3132 5404 unicam
3167 5349 3328 5406 habet
3359 5367 3448 5407 ven

1824 5436 2002 5491 stem?
2036 5436 2083 5491 is
2108 5440 2255 5492 enim
2273 5436 2356 5493 vel
2386 5437 2565 5508 ipsum
2586 5454 2769 5510 regem
2800 5441 2999 5511 poterit
3020 5441 3303 5513 despicere
3324 5462 3337 5497 :
3360 5443 3447 5499 ille

1823 5540 2003 5586 autem
2042 5545 2235 5586 servus
2261 5540 2345 5586 est
2373 5533 2614 5589 omnium
2658 5534 2749 5606 qui
2799 5534 2915 5590 hate
2944 5536 3209 5606 prtebenl,
3256 5552 3318 5594 se
3348 5537 3444 5593 dc-

1826 5625 2067 5687 mittens.
2114 5623 2398 5679 blandiens
2421 5667 2437 5692 ,
2484 5640 2675 5681 omnes
2705 5627 3007 5684 observans
3027 5671 3041 5690 ,
3074 5628 3271 5684 timens
3302 5644 3369 5685 ne
3397 5624 3443 5685 si

1823 5716 1945 5787 quis
1986 5730 2109 5771 cum
2155 5715 2471 5786 reliquerit,
2524 5716 2575 5770 in
2623 5717 2785 5773 rebus
2839 5720 3075 5774 maxime
3123 5717 3443 5776 necessariis

1823 5809 2205 5864 detrimentum
2228 5809 2476 5878 accipiat.
2495 5808 2639 5864 Nihil
2661 5812 2804 5865 enim
2828 5825 2983 5881 aeque
3006 5810 3180 5865 reddit
3201 5824 3443 5874 servum,

1825 5900 1962 5956 sicut
2007 5899 2189 5958 multis
2236 5916 2396 5974 cgere
2424 5920 2435 5958 :
2462 5902 2598 5957 sicut
2629 5903 2791 5957 etiam
2840 5903 3437 5973 libcrnm,necessarta
