4154 6432
794 394 896 450 £79

793 518 994 563 tantutn
1024 509 1317 576 requirere.
1353 506 1463 561 lloc
1491 508 1664 575 ipsum
1692 505 1858 561 videri
1887 514 2061 576 potest
2095 503 2146 556 in
2189 500 2375 556 brutis.

794 599 929 667 Quid
972 601 1116 655 enim
1164 599 1376 668 prodest
1418 600 1571 652 asino
1614 597 1840 654 sarcinis
1885 607 2099 661 onusto,
2153 594 2252 646 etsi
2301 593 2380 673 eis

790 694 994 746 fruatur
1024 690 1249 745 millies?
1273 691 1400 761 quid
1441 699 1616 744 autem
1659 695 1814 744 nocet
1856 688 1943 741 alii
1983 687 2150 742 libero
2188 683 2256 738 ab
2297 681 2380 737 his

789 783 1056 846 onmibus,
1079 781 1122 834 si
1147 782 1506 836 necessarium
1527 780 1835 834 alimentum
1863 777 2147 847 suppetat?
2172 776 2238 830 Et
2260 774 2379 828 ideo

786 873 1035 926 Christus
1064 872 1201 926 altos
1229 873 1447 941 spiritus
1487 872 1598 926 suis
1641 869 1831 925 indens
1856 869 2132 938 discipulis
2151 908 2166 933 ,
2197 876 2378 935 utpOte

789 964 879 1032 qui
921 972 1077 1017 erant
1119 977 1240 1016 cum
1293 963 1543 1016 universo
1587 961 1719 1016 orbe
1767 956 2029 1014 terrarum
2069 955 2375 1027 loquuturi,

789 1058 1038 1110 omnibus
1064 1072 1158 1110 eos
1183 1057 1325 1109 euris
1347 1055 1605 1118 liberavit,
1631 1056 1799 1109 alatos
1821 1054 2081 1118 efficiens,
2108 1061 2162 1105 et
2186 1050 2379 1120 quovis

792 1151 1071 1203 adamante
1099 1150 1484 1204 constantiores
1530 1148 1776 1203 reddens.
1823 1147 2027 1200 Anima:
2058 1145 2199 1198 enim
2243 1142 2376 1197 nihil

791 1249 964 1294 ιςιιιιλιε
987 1239 1135 1294 addit
1165 1239 1304 1295 vires
1324 1282 1340 1304 ,
1373 1250 1427 1292 nt
1454 1240 1521 1294 ab
1550 1240 1629 1294 eis
1654 1253 1774 1294 esse
1800 1237 2021 1291 liberam
2053 1253 2066 1289 :
2098 1234 2228 1289 nihil
2255 1248 2375 1288 eam

788 1334 925 1387 adeo
949 1341 1198 1397 enervat,
1235 1343 1289 1385 ut
1318 1335 1398 1388 eis
1427 1333 1768 1387 constrictatn
1798 1331 1987 1406 teneri.
2020 1327 2376 1397 Quemadmo-

787 1424 916 1477 dum
941 1425 1082 1478 enim
1126 1440 1230 1479 non
1261 1433 1434 1494 potest
1462 1425 1615 1479 dolor
1651 1425 1737 1478 hic
1761 1424 1868 1480 cito
1891 1423 2112 1481 inveniri
2139 1440 2153 1476 :
2178 1421 2247 1475 ita
2276 1433 2377 1475 nec

786 1515 897 1570 illic
919 1515 1181 1585 voluptas.
1215 1515 1308 1573 llle
1331 1517 1472 1571 enim
1502 1517 1658 1572 habet
1686 1517 1879 1572 multos
1898 1530 2069 1571 smvos
2092 1515 2380 1571 immanes-

787 1620 893 1677 que
936 1607 1182 1664 dominos
1224 1617 1278 1663 et
1321 1609 1604 1663 dominas:
1635 1608 1722 1662 hic
1763 1617 1941 1662 autem
1987 1606 2114 1660 nulli
2159 1605 2374 1676 quidem

788 1701 984 1765 servit,
1023 1700 1271 1760 omnibus
1314 1711 1490 1757 autem
1521 1701 1780 1770 imperat,
1822 1700 1986 1755 radiis
2023 1699 2152 1754 Solis
2190 1712 2376 1752 secere

789 1794 1007 1861 fruens,
1048 1795 1191 1848 aeris
1223 1809 1354 1849 aura
1374 1794 1608 1864 jucunde
1634 1793 1847 1858 fruens,
1877 1804 1933 1848 et
1955 1792 2043 1862 qui
2075 1790 2175 1845 sibi
2205 1789 2373 1842 mole-

785 1886 944 1940 stiam
965 1885 1234 1954 exhibeat,
1261 1900 1366 1941 non
1397 1885 1618 1942 habens.
1650 1885 1764 1939 Non
1795 1899 1916 1938 cum
1947 1893 2102 1937 vexat
2127 1891 2182 1936 et
2211 1881 2376 1951 agitat

787 1976 885 2041 ira,
909 1991 1013 2031 non
1037 1977 1252 2042 invidia,
1272 1991 1380 2032 non
1401 1976 1552 2041 livor,
1587 1991 1690 2031 non
1719 1991 1838 2031 eum
1857 1991 2003 2030 cura:
2033 1973 2370 2037 labefaciunt,

788 2085 894 2122 non
923 2069 1314 2134 :cmulationes,
1339 2084 1444 2124 non
1469 2083 1600 2122 vana
1621 2069 1812 2139 gloria,
1838 2083 1942 2122 non
1969 2067 2240 2136 superbia,
2266 2083 2370 2120 non

787 2159 983 2228 aliquid
1015 2159 1159 2214 aliud
1188 2159 1479 2230 ejusmodi;
1517 2161 1609 2214 sed
1640 2162 1777 2214 sicut
1805 2173 1986 2228 portus
2010 2159 2201 2228 aliquis
2227 2166 2372 2212 tran-

783 2249 1007 2316 qnillns,
1039 2259 1093 2304 et
1121 2251 1256 2306 liber
1280 2266 1309 2305 a
1343 2251 1588 2307 ﬂuctibus
1607 2295 1620 2314 ,
1652 2252 1720 2306 ita
1748 2263 1832 2307 est
1857 2252 2077 2307 allectus
2105 2251 2222 2319 ejus
2251 2251 2372 2304 ani-

786 2354 926 2406 mus,
951 2349 1006 2394 et
1026 2341 1124 2395 iter
1148 2341 1200 2397 in
1229 2342 1418 2397 ctelnm
1444 2343 1596 2397 facile
1626 2342 1938 2413 ingreditur,
1967 2352 2023 2397 ut
2043 2357 2204 2412 quem
2233 2341 2374 2395 nulla

784 2443 872 2487 res
899 2444 1135 2499 praesens
1175 2443 1502 2488 remoretur.
1530 2434 1602 2490 Ut
1629 2447 1761 2504 ergo
1783 2447 1887 2488 nos
1917 2447 2128 2504 quoque
2161 2432 2259 2486 hac
2284 2446 2373 2485 sc-

784 2525 1014 2580 curitate
1039 2524 1296 2590 fruamur,
1327 2537 1380 2581 et
1409 2526 1461 2580 in
1490 2527 1740 2595 przescnti
1773 2527 1874 2581 vita
1906 2522 2376 2593 tranquillitatem,

785 2626 839 2674 et
884 2619 936 2670 in
979 2619 1408 2688 peregrinatione
1440 2618 1744 2676 facilitatem
1775 2634 2196 2689 consequamur,
2231 2619 2368 2674 hanc

786 2717 946 2765 vitam
973 2721 1373 2778 persequamur,
1402 2721 1457 2765 ut
1486 2711 1621 2765 bona
1644 2726 1856 2781 quoque
1880 2721 2078 2767 aeterna
2103 2711 2368 2781 adipisca-

787 2814 926 2864 mur,
947 2815 1065 2870 qua:
1089 2814 1303 2856 omnem
1325 2802 1605 2868 rationem,
1635 2811 1890 2869 mentem,
1916 2813 1972 2858 et
1993 2804 2369 2873 cogitationem

788 2903 1072 2962 superant,
1117 2895 1171 2973 in
1209 2895 1420 2950 (llo-iste
1449 2895 1577 2950 .lesu
1603 2897 1828 2951 Domino
1855 2908 2060 2962 nostro,
2087 2897 2172 2950 cui
2204 2895 2370 2967 gloria

783 2997 837 3040 et
864 2986 1144 3059 imperium
1172 2987 1226 3042 in
1253 2989 1447 3044 smcula
1475 2990 1814 3045 saeculorum.
1841 2993 2031 3045 Amen.

1286 3078 1353 3135 IN
1390 3079 1712 3136 PSALliUM
1752 3081 1865 3136 CX.

934 3173 986 3226 ‘l.
1026 3170 1312 3241 Con/itebor
1336 3171 1444 3236 tibi,
1471 3171 1703 3237 Domine,
1727 3173 1779 3226 in
1808 3183 1912 3227 toto
1936 3174 2084 3228 corde
2112 3190 2242 3228 utea.

855 3263 904 3315 l.
949 3261 1239 3316 Gratiarum
1280 3264 1522 3316 actionem
1549 3282 1579 3316 a
1609 3264 1750 3319 nobis
1780 3263 1917 3318 Deus
1953 3265 2171 3318 maxime
2198 3267 2366 3334 requi—

784 3354 868 3404 rit.
899 3383 968 3392 --
1003 3353 1140 3420 Quid
1168 3363 1269 3418 est,
1299 3353 1364 3408 In
1387 3365 1490 3409 toto
1513 3355 1538 3408 .9
1562 3355 1694 3409 Cum
1726 3356 1870 3410 omni
1898 3357 2058 3410 animi
2097 3357 2370 3413 alacritate

783 3455 838 3499 et
865 3445 1176 3515 diligenter,
1199 3447 1332 3502 liber
1357 3446 1425 3502 ab
1459 3448 1706 3502 onmibus
1735 3450 1877 3502 curis
1916 3449 2248 3504 smcularium
2279 3466 2368 3504 re-

784 3555 930 3602 rum,
977 3540 1219 3595 sublimis
1246 3549 1299 3595 et
1324 3553 1564 3604 erectus,
1599 3542 1774 3595 anima
1802 3557 1831 3596 a
1864 3542 2088 3598 vinculis
2127 3544 2370 3611 corporis

783 3632 1024 3686 liberata.
1056 3631 1120 3686 lu
1151 3633 1320 3686 corde.
1353 3633 1464 3688 Non
1498 3635 1549 3688 in
1576 3634 1752 3688 Verbis
1783 3642 1986 3688 tantum
2013 3676 2026 3698 ,
2059 3649 2158 3689 nec
2182 3636 2231 3688 in
2265 3635 2368 3688 lin-

731 3773 734 3776 .
781 3735 880 3790 gtta
903 3731 957 3778 et
979 3737 1073 3777 ore
1097 3722 1456 3789 solummodo,
1485 3724 1578 3778 sed
1601 3739 1720 3778 cum
1744 3736 1922 3780 mente
1947 3733 2001 3780 ct
2021 3724 2362 3794 cegilatione.

783 3814 856 3866 Ita
887 3813 1043 3868 etiam
1076 3814 1249 3869 Moses
1271 3813 1440 3884 legem
1475 3817 1650 3870 ferens
1676 3816 1886 3871 dicebat
1916 3834 1930 3870 :
1963 3815 2154 3887 Diliges
2183 3815 2336 3871 Domi
2346 3851 2366 3860 ο

780 3921 898 3957 nam
930 3903 1090 3958 Deum
1118 3916 1258 3959 tuum
1282 3924 1344 3960 ea:
1365 3917 1466 3962 toto
1493 3909 1644 3962 corde
1666 3907 1780 3972 tuo‘,
1805 3918 1850 3963 et
1873 3925 1936 3962 ea:
1964 3919 2066 3962 tota
2090 3920 2253 3964 mente
2279 3919 2368 3965 tua

783 3993 960 4064 (Deut.
992 3996 1045 4050 6.
1076 3996 1154 4067 5).
1187 3998 1581 4054 ConfeSsionem
1630 4011 1808 4054 autem
1859 4000 1946 4056 hic
1986 4003 2114 4055 mihi
2157 4002 2368 4058 videtur

781 4086 959 4140 dicere
999 4089 1287 4156 gratiarum
1329 4089 1614 4144 aetionem.
1667 4089 1916 4144 Laudabo
1937 4134 1950 4154 ,
1979 4091 2188 4161 inquit,
2216 4107 2366 4161 agam

780 4176 996 4244 gratias.
1020 4178 1207 4232 Totam
1235 4179 1375 4234 enim
1406 4181 1563 4234 vitam
1592 4186 1643 4234 in
1674 4181 1773 4234 hoc
1801 4183 2154 4252 conmmpsit,
2173 4184 2241 4236 ab
2270 4184 2369 4238 hoc

781 4267 1075 4333 exorditur,
1107 4271 1234 4322 etin
1275 4270 1375 4324 hoc
1401 4271 1595 4324 desinit
1627 4288 1639 4322 :
1675 4273 1775 4324 boe
1801 4272 1914 4341 ejus
1950 4289 2084 4341 opus
2115 4284 2370 4344 perpetuo

782 4359 877 4413 fuit
901 4403 914 4422 ,
945 4376 1043 4430 pro
1073 4362 1136 4416 iis
1163 4377 1281 4431 qua:
1307 4372 1358 4415 ct
1391 4362 1505 4431 ipse
1547 4373 1602 4417 ct
1636 4363 1723 4417 alii
1753 4374 2068 4434 acceperant
2099 4366 2368 4423 bcneliciis

780 4453 974 4522 gratias
999 4467 1177 4523 agere.
1215 4455 1352 4508 Deus
1379 4455 1523 4508 enim
1565 4455 1694 4508 nihil
1726 4473 1877 4526 arque
1923 4469 2083 4527 atque
2128 4459 2228 4514 hoc
2272 4475 2365 4530 po-

781 4544 942 4597 stulat
974 4561 986 4596 :
1019 4545 1120 4601 hoc
1141 4556 1223 4599 est
1247 4545 1586 4614 sacrificium,
1616 4548 1717 4602 hoc
1744 4549 1961 4615 oblatio,
1992 4551 2092 4606 hoc
2117 4564 2192 4606 est
2225 4553 2291 4622 pii
2315 4562 2368 4608 et

779 4639 913 4708 grati
942 4640 1101 4693 animi
1134 4640 1376 4709 signum,
1406 4640 1507 4694 hoc
1550 4641 1742 4696 vulnus
1775 4643 1932 4697 infert
1957 4644 2169 4699 diabolo
2202 4663 2215 4695 :
2244 4646 2367 4702 hinc

780 4733 1133 4787 eoronahatur
1175 4734 1355 4788 beatus
1387 4733 1488 4788 Job
1526 4743 1582 4788 et
1625 4735 2046 4803 prtedicabatur‘,
2081 4738 2218 4808 quod
2246 4755 2366 4794 cum

784 4825 855 4880 illi
889 4825 1206 4879 tentationes
1234 4836 1414 4880 essent
1458 4827 1869 4881 immmerabiles
1900 4826 2059 4883 illata:
2083 4871 2098 4896 ,
2136 4839 2190 4884 et
2236 4848 2370 4886 uxor

783 4932 993 4985 quoque
1022 4931 1143 4971 eum
1174 4917 1513 4986 supplantare
1541 4919 1701 4972 vellet
1726 4959 1739 4982 ,
1770 4932 1874 4972 non
1903 4934 2120 4976 aversus
2151 4923 2240 4986 sit,
2273 4924 2366 4976 sed

783 5009 1006 5063 lnnnino
1030 5009 1096 5064 de
1135 5011 1378 5065 omnibus
1406 5012 1571 5080 egerit
1611 5021 1865 5081 perpetuo
1889 5015 2106 5085 gratias,
2145 5030 2248 5069 non
2274 5031 2366 5070 sui-

783 5102 888 5154 lum
937 5101 1148 5169 quando
1189 5100 1373 5165 dives,
1418 5103 1508 5156 sed
1550 5103 1705 5156 etiam
1753 5105 1964 5172 quando
2003 5119 2204 5176 pauper
2251 5117 2368 5161 e‘at

784 5193 926 5264 (Job
957 5194 1006 5247 -l.
1036 5193 1099 5247 2t
1138 5193 1189 5261 ):
1226 5208 1330 5247 non
1381 5194 1552 5248 solum
1598 5194 1810 5264 quando
1857 5211 2016 5250 sanus
2059 5208 2172 5251 erat
2208 5240 2220 5262 ,
2273 5201 2365 5253 St'tl

780 5287 939 5341 etiam
963 5284 1172 5354 quando
1203 5299 1481 5354 percussus
1509 5296 1590 5340 est
1620 5287 1669 5339 in
1701 5301 1862 5341 carne
1886 5304 1900 5352 ;
1926 5302 2030 5341 non
2062 5288 2220 5343 modo
2244 5305 2365 5344 cum

779 5380 823 5431 ei
873 5392 960 5431 res
995 5390 1181 5430 omnes
1223 5391 1286 5430 ex
1341 5376 1501 5430 animi
1548 5377 1806 5430 sententia
1857 5363 2224 5446 succederent,
2272 5382 2364 5434 sed

781 5469 942 5521 etiam
968 5483 1087 5521 cum
1109 5468 1285 5535 gravis
1307 5467 1393 5520 illa
1423 5477 1708 5536 tempestas
1731 5469 1781 5522 in
1815 5468 2115 5524 universam
2143 5469 2257 5540 ejus
2281 5471 2371 5525 do-

782 5576 926 5611 llllllll
956 5557 1214 5622 incubuit,
1244 5567 1296 5612 et
1327 5559 1378 5611 in
1406 5559 1569 5628 ipsam
1594 5575 1804 5629 quoque
1833 5571 2074 5616 naturam
2105 5565 2362 5630 corporis.

787 5651 894 5702 line
918 5659 998 5702 est
1028 5649 1167 5702 enim
1198 5650 1331 5719 grati
1362 5650 1410 5702 in
1439 5652 1618 5718 primis
1647 5652 1831 5719 animi,
1865 5653 1916 5706 in
1945 5653 2102 5708 rebus
2129 5653 2371 5709 adversis

783 5750 834 5795 et
865 5741 1062 5807 asperis
1099 5741 1204 5793 Deo
1229 5755 1444 5809 magnas
1477 5753 1728 5810 perpetuo
1761 5743 1956 5798 habere
1979 5744 2188 5814 gratias.
2213 5745 2361 5812 Quod

783 5833 992 5901 qualem
1027 5835 1078 5903 ip
1095 5850 1140 5888 .e
1170 5848 1377 5905 queque
1407 5835 1630 5892 innitens
1652 5879 1665 5905 ,
1694 5835 1985 5894 declaravit
2023 5853 2118 5909 per
2153 5854 2211 5894 ea
2253 5856 2367 5910 (ιιιω

1500 390 1555 447 S.
1596 387 1875 448 JOANNIS
1911 377 2384 445 ᾱιιιιῖδοδῐυιιι
2415 374 2730 434 ARCHIEP.
2765 371 3298 435 CONSTANTINUP.

3985 375 4090 432 28

2487 506 2905 564 eonsequnntur.
2949 497 3081 564 Quia
3119 497 3260 550 enim
3310 495 3463 550 multi
3517 494 3796 563 homines,
3828 497 3958 551 dum
4015 514 4102 550 ΓΗ

2485 589 2698 656 quidem
2740 601 2864 643 sunt
2897 590 3031 644 ιιι-ιω
3053 630 3068 651 ,
3096 599 3257 658 agunt
3283 590 3515 660 gratias;
3545 589 3589 643 si
3627 589 3676 643 id
3701 601 3878 645 autem
3927 606 4101 645 secu.

2485 680 2732 746 eveniat,
2761 695 2902 750 trgre
2944 678 3119 734 ferunt
3149 699 3161 735 :
3200 692 3326 736 sunt
3354 681 3515 736 etiam
3554 682 3644 750 qui
3687 697 3805 752 qua:
3832 682 4102 736 ονριιὶυιι

2487 770 2883 839 reprehendunt
2921 791 2934 824 :
2965 772 3254 828 ostendens
3300 774 3350 828 id
3396 789 3500 828 non
3535 775 3649 829 fieri
3677 790 3741 830 ex
3771 783 3961 829 natura
3999 791 4102 830 eo

2486 878 2628 928 rum,
2652 879 2769 932 qua:
2791 863 3060 928 accidunt,
3090 864 3181 918 sed
3204 881 3266 919 ex
3297 866 3590 934 depravato
3627 867 3828 931 animo.
3856 867 4096 936 subjuu

2486 956 2559 1009 ait
2597 956 2825 1012 dicens:
2859 955 2921 1008 In
2969 957 3179 1010 consilio
3219 958 3478 1028 iratorum
3518 968 3564 1010 et
3602 959 4000 1028 congregatione
4056 959 4102 1014 Ξ

2484 1062 2669 1117 magna
2692 1064 2848 1116 opera
2877 1048 3103 1101 Domini.
3129 1047 3243 1103 Hoc
3289 1049 3427 1102 dixit
3459 1048 3748 1103 ostendens
3784 1064 3918 1118 opus
3967 1066 4096 1103 ess

2480 1137 2660 1206 judice
2699 1141 2904 1209 integro
2927 1181 2942 1204 ,
2974 1150 3029 1196 et
3055 1150 3199 1197 C(Bltl
3227 1154 3333 1194 non
3366 1150 3640 1209 corrupto,
3668 1152 3721 1195 et
3749 1141 3956 1196 clarum
3990 1158 4102 1198 crt

2485 1247 2674 1302 magna
2700 1248 2818 1288 esse
2852 1233 2941 1287 Dei
2969 1248 3131 1300 opera
3157 1275 3172 1299 ,
3201 1246 3428 1304 esseque
3467 1248 3658 1300 magno
3685 1233 3944 1288 miraculo
3976 1235 4096 1302 ιιιι·

2485 1339 2573 1379 na.
2601 1325 2737 1381 Sunt
2761 1326 2903 1380 enim
2932 1341 3026 1396 per
3065 1341 3124 1381 se
3153 1341 3342 1397 magna
3366 1368 3381 1391 ,
3413 1342 3511 1382 nec
3533 1326 3781 1382 videntur
3804 1341 3926 1381 esse
3971 1343 4102 1382 ma.

2483 1431 2582 1492 gna
2603 1456 2620 1484 ,
2649 1416 2749 1471 nisi
2778 1411 2979 1472 rectum
3011 1417 3244 1487 judicem
3275 1417 3525 1473 habeant.
3560 1416 3798 1488 Namque
3833 1419 3914 1474 sol
3945 1435 4090 1488 qun

2483 1523 2587 1576 que
2612 1523 2707 1579 per
2731 1524 2790 1565 se
2816 1510 2989 1566 clarus
3016 1523 3098 1566 est
3127 1519 3181 1566 et
3220 1511 3446 1578 lui-idos,
3477 1521 3529 1566 et
3557 1511 3860 1566 universum
3891 1511 4102 1566 orben

2486 1609 2640 1656 terra:
2670 1601 2897 1658 illustrat
2931 1622 2945 1658 :
2978 1604 3073 1659 sed
3116 1605 3182 1659 iis
3207 1621 3434 1676 quorum
3482 1604 3620 1659 oculi
3661 1604 3939 1670 laborant,
3978 1621 4101 1660 nor

2482 1701 2563 1746 est
2595 1693 2733 1748 tilis.
2763 1695 2921 1764 Atqui
2950 1696 3030 1750 sol
3059 1712 3162 1750 non
3189 1705 3273 1752 est
3294 1697 3344 1750 in
3375 1696 3553 1767 culpa,
3579 1689 3672 1752 sed
3694 1707 3775 1751 est
3803 1698 4000 1752 vitium
4039 1701 4102 1753 il«

2484 1783 2654 1838 lormn
2685 1785 3327 1870 lHIDCCllllltlllS.lQuand0
3352 1803 3482 1858 ergo
3505 1789 3701 1844 videris
3721 1789 3953 1859 aliquem
3993 1791 4101 1847 De

2482 1889 2643 1943 olera
2669 1887 3030 1945 accusantem,
3055 1893 3121 1934 ne
3151 1887 3368 1948 promer
3393 1879 3536 1935 illius
3565 1881 3958 1950 improbitatem
3992 1885 4101 1940 De:

2483 1981 2642 2033 opera
2670 1967 3045 2035 calumnieris;
3073 1970 3167 2025 sed
3199 1971 3337 2026 illius
3362 1971 3648 2028 dementia:
3678 1975 3970 2030 maximum
4011 1978 4102 2032 itu

2481 2057 2678 2111 dicium
2729 2060 2912 2128 accipe
2965 2077 3029 2116 ex
3081 2061 3174 2117 Dei
3217 2062 3574 2132 providentia.
3616 2065 4102 2131 Quemadmodum

2481 2150 2624 2203 enim
2645 2151 2734 2219 qui
2761 2151 2931 2207 solem
2961 2151 3090 2208 dicit
3118 2154 3536 2221 tenebricosum,
3571 2166 3772 2212 astrum
3801 2173 3904 2212 non
3940 2161 4102 2215 vitu.

2484 2244 2706 2310 perarit,
2735 2244 2828 2299 sed
2849 2260 2967 2300 sua:
2999 2247 3167 2316 ipsius
3191 2249 3448 2305 ctecitatis
3473 2261 3678 2306 certum
3703 2264 4102 2322 argumentum

2482 2337 2696 2405 protulit
2726 2358 2740 2392 :
2767 2345 2821 2392 et
2847 2339 2936 2408 qui
2979 2340 3083 2394 mel
3112 2355 3354 2396 amarum
3387 2342 3646 2409 nominat,
3681 2359 3784 2398 non
3815 2344 3957 2399 illius
3987 2351 4102 2400 ob.

2479 2440 2656 2482 seurat
2695 2429 3073 2497 dulcedinem,
3102 2433 3196 2488 sed
3226 2433 3295 2489 de
3335 2435 3524 2490 morbo
3549 2451 3656 2504 quo
3701 2437 3945 2504 laborat,
3983 2439 4102 2497 fert

2478 2522 2798 2576 sententiam
2829 2540 2842 2576 :
2876 2523 2945 2579 ita
2984 2526 3144 2581 etiam
3172 2527 3260 2596 qui
3294 2527 3384 2582 Dei
3421 2543 3582 2599 opera
3612 2529 3979 2604 reprehendit.
4026 2533 4102 2591 Et

2478 2613 2927 2681 quemadmodum
2957 2617 3042 2676 hic
3069 2633 3168 2678 nec
3207 2618 3332 2687 illis,
3353 2637 3458 2679 nec
3476 2625 3526 2680 ei
3551 2640 3669 2696 qua!
3690 2625 3758 2681 de
3784 2626 3886 2681 illis
3905 2626 4102 2686 babe-

2480 2713 2582 2768 tnr,
2608 2707 2985 2765 existimationi
3011 2711 3392 2768 detrimentum
3425 2714 3618 2782 infert,
3650 2717 3744 2772 sed
3783 2719 4102 2774 amentiam

2477 2809 2626 2847 suam
2654 2800 2890 2854 maxime
2916 2801 3088 2870 arguit
3118 2821 3132 2856 ι
3163 2804 3232 2858 ita
3254 2805 3344 2874 qni
3371 2805 3438 2860 de
3469 2805 3559 2862 Dei
3587 2807 3836 2876 operibus
3865 2822 4102 2868 rectum

2479 2901 2582 2940 non
2609 2885 2801 2943 habent
2819 2891 3102 2961 judicium,
3135 2910 3200 2949 ne
3227 2898 3482 2951 miracula
3515 2899 3727 2967 quidem
3753 2901 3928 2954 sciunt
3953 2918 4102 2974 qua:

2477 2975 2611 3031 facta
2659 2993 2781 3034 sunt
2811 2999 2824 3035 :
2849 2984 3297 3052 quemadmodum
3330 3001 3538 3054 contra,
3565 2990 3608 3043 si
3637 2991 3757 3060 quis
3805 2993 3875 3046 sit
3919 3008 4102 3066 mque

2475 3080 2528 3126 et
2557 3086 2664 3126 non
2695 3071 2984 3145 depravato
3012 3078 3222 3139 animo.
3266 3081 3502 3148 stupeb'rt
3527 3082 3948 3154 unmnquodque
3981 3102 4064 3141 eo
4078 3120 4101 3128 ει

2477 3179 2617 3230 rnm,
2639 3180 2760 3235 qua:
2795 3167 3041 3223 videntur
3059 3185 3187 3224 esse
3217 3172 3473 3228 difficilia.
3501 3174 3640 3240 Quid
3667 3176 3829 3240 enim,
3865 3194 4097 3247 qn:eso,

2457 3271 2660 3341 'eormn
2683 3273 2800 3327 qnte
2829 3262 2981 3328 fiunt,
3016 3278 3120 3318 non
3149 3274 3232 3318 est
3257 3266 3569 3323 admirabile
3589 3269 3612 3322 ?
3631 3270 3684 3323 Si
3716 3270 3845 3326 velis
3868 3281 4095 3338 autem,

2477 3347 2595 3401 aliis
2622 3351 2998 3417 przetcrmissis
3021 3355 3296 3410 veniamus
3327 3357 3395 3411 ad
3423 3372 3505 3422 ea,
3535 3375 3654 3430 qute
3682 3361 3928 3417 videntur
3955 3380 4101 3422 esse

2478 3439 2657 3494 multis
2685 3440 2909 3498 molesta
2939 3453 2992 3498 et
3013 3446 3192 3514 gravia
3219 3488 3233 3511 ,
3260 3457 3510 3514 moi-tem,
3544 3453 3808 3520 morbum,
3839 3470 4096 3526 pauper—

2478 3539 2678 3598 tatem,
2712 3543 2766 3588 et
2804 3549 3153 3607 quaecumque
3197 3549 3322 3594 sunt
3360 3542 3646 3609 ejusmodi.
3693 3545 3746 3601 Si
3779 3548 3899 3616 quis
3929 3552 4095 3605 enim

2446 3640 2449 3642 ·
2479 3620 2636 3677 fuerit
2677 3637 2825 3680 recto
2847 3629 3029 3694 corde,
3059 3646 3119 3684 ea
3155 3648 3258 3686 nou
3287 3633 3572 3691 difficulter
3595 3640 3851 3707 suscipiet
3875 3650 3932 3696 et
3974 3646 4095 3698 Ilii-

2479 3715 2700 3772 rabitur.
2726 3719 2836 3775 Etsi
2857 3723 2998 3776 enim
3027 3739 3171 3779 mors
3193 3742 3256 3780 ex
3287 3741 3507 3796 peccato
3529 3731 3764 3802 ingressa
3786 3743 3867 3789 est
3893 3735 4092 3807 (Rom.

2478 3805 2531 3860 5.
2563 3805 2673 3878 12),
2709 3817 2854 3866 tanta
2882 3821 3056 3869 tamen
3088 3825 3140 3870 et
3170 3825 3276 3871 tam
3308 3819 3532 3890 insignis
3557 3821 3654 3876 fuit
3687 3823 3779 3880 Dei
3812 3805 4088 3894 potentia,

2476 3899 2756 3956 clementia
2803 3913 2856 3959 et
2908 3907 3259 3975 providentia,
3295 3919 3497 3966 nteant
3546 3914 3596 3969 in
3649 3917 3814 3971 nostri
3861 3924 4092 3988 generis

2476 3991 2754 4049 utilitatem
2787 4000 3131 4054 converterit.
3164 4001 3300 4069 Quid
3331 4005 3474 4059 enim
3504 4022 3665 4076 grave
3685 4051 3700 4074 ,
3731 4007 3838 4075 dic,
3862 4027 4084 4082 quaso,

2476 4082 2636 4140 habet
2659 4089 2844 4143 mors?
2874 4091 3065 4146 Annon
3095 4093 3287 4149 liberat
3314 4110 3342 4149 a
3373 4096 3684 4152 laboribus?
3711 4116 3890 4156 annon
3918 4119 3951 4159 a
3979 4120 4087 4161 cu-

2474 4176 2548 4230 ris
2577 4177 2772 4246 eripit?
2797 4182 2987 4236 Annon
3012 4183 3165 4238 audis
3190 4185 3290 4240 Job
3319 4201 3437 4241 eam
3469 4189 3793 4254 laudantem.
3821 4201 3876 4247 ct
3897 4194 4088 4252 dicen-

2475 4277 2580 4321 tem
2617 4284 2629 4320 :
2664 4270 2806 4324 Mors
2831 4274 3020 4326 homini
3040 4276 3253 4343 requies,
3271 4279 3420 4348 cujus
3442 4280 3522 4333 uia
3557 4291 3629 4334 est
3671 4281 3970 4341 abscondita
4000 4291 4084 4357 (τι)

2475 4359 2495 4432 (
2518 4359 2617 4415 Job
2645 4364 2698 4418 5.
2725 4364 2816 4435 25)
2840 4366 2861 4418 ?
2917 4368 3106 4423 Annon
3135 4383 3196 4424 ea
3223 4370 3409 4425 vitium
3455 4373 3756 4430 rescindit?
3785 4375 3922 4432 Nam
3951 4391 4009 4436 et
4035 4384 4081 4435 si

2475 4455 2647 4509 malus
2673 4457 2792 4524 quis
2841 4457 3031 4523 fuerit,
3063 4474 3129 4514 eo
3168 4471 3379 4516 mortuo
3408 4463 3590 4520 vitium
3632 4477 3900 4523 resectum
3945 4484 4027 4528 est
4065 4492 4078 4528 :

2477 4545 2577 4610 Qui
2616 4548 2749 4600 enim
2779 4559 3006 4603 mortuus
3042 4560 3133 4618 est,
3156 4552 3472 4622 justi/iaetu:
3495 4566 3566 4610 est
3591 4574 3623 4610 a
3654 4569 3856 4627 peccato
3885 4561 4076 4631 (Rom.

2474 4639 2525 4694 6.
2557 4639 2636 4707 7),
2673 4639 2771 4694 hoc
2811 4650 2892 4695 est
2914 4684 2928 4707 ,
2959 4653 3236 4712 peccatum
3274 4659 3385 4700 non
3423 4647 3652 4717 amplius
3690 4649 3872 4720 adjicit
3901 4671 3915 4706 :
3948 4666 4005 4710 et
4033 4659 4077 4712 si

2472 4743 2590 4782 cum
2637 4731 2806 4783 bonus
2835 4731 2938 4795 sit,
2962 4735 3287 4803 excesserit,
3333 4737 3383 4789 in
3428 4745 3543 4792 tuto
3569 4739 3674 4794 erit
3720 4741 3769 4796 ei
3805 4742 4078 4801 collocata

2473 4821 2647 4876 omnis
2673 4822 2862 4888 virtus,
2893 4832 2945 4877 et
2975 4822 3025 4877 in
3056 4825 3322 4880 tutissimo
3349 4826 3602 4884 thesauro
3625 4833 3924 4888 recondita.
3961 4840 4078 4894 An-

2475 4925 2599 4972 non,
2633 4911 2740 4978 die,
2769 4927 2983 4980 qureso,
3008 4915 3155 4969 vivos
3181 4916 3538 4974 modestiores
3568 4919 3744 4975 reddit
3780 4932 3842 4977 et
3861 4917 4077 4996 tempe-

2472 5003 2780 5058 rantiores?
2810 5003 2926 5058 Non
2968 5005 3116 5060 vides
3145 5021 3287 5077 smpe
3315 5007 3508 5065 divites
3532 5011 3896 5082 qui'supcrbia
3928 5016 4076 5072 intu-

2475 5102 2734 5158 mescunt,
2764 5102 2818 5148 et
2838 5095 3119 5163 supercilia
3148 5097 3416 5166 attollunt,
3441 5113 3561 5154 cum
3595 5102 3645 5155 in
3678 5101 3862 5158 funere
3890 5106 4077 5164 vident

2474 5200 2670 5256 corpus
2695 5186 2877 5256 jacere
2913 5188 3157 5243 exanime
3196 5199 3251 5244 et
3283 5191 3560 5246 immotum
3585 5232 3604 5261 ,
3636 5193 3874 5263 filiosque
3906 5197 3961 5252 in
3991 5215 4072 5254 or-

2475 5278 2657 5345 bitate,
2688 5295 2906 5334 uxorem
2932 5280 2983 5334 in
3014 5281 3289 5348 viduitate,
3322 5293 3374 5339 et
3401 5285 3602 5340 amicos
3630 5287 3682 5341 in
3705 5302 3962 5356 maerore,
3997 5294 4067 5346 fa-

2476 5370 2755 5440 mulosque
2785 5371 2916 5425 atris
2940 5373 3174 5427 vestibus
3207 5375 3453 5441 indutos,
3487 5387 3538 5431 et
3565 5393 3686 5433 esse
3712 5380 3945 5449 denique
3984 5387 4058 5438 tri.

2476 5472 2611 5517 stem
2642 5477 2704 5517 ac
2728 5461 3004 5532 lugubrem
3032 5465 3191 5520 totius
3210 5467 3402 5522 domus
3423 5471 3656 5538 speciem
3682 5490 3696 5537 ;
3722 5474 3994 5542 quomodo
4015 5488 4070 5529 sc

2542 5564 2780 5638 (attinge,
2804 5566 2943 5629 cujus
2968 5565 3047 5617 via
3067 5576 3137 5619 est
3160 5570 3445 5644 abscondita
3471 5575 3486 5635 (
3509 5575 3568 5624 οὗ
3607 5581 3636 5635 ἡ
3669 5579 3776 5635 ὁδὸς
3818 5581 4061 5646 ἀπεκρύϐη

2478 5626 2560 5674 ἀπ’
2587 5643 2734 5675 aureo
2757 5630 2793 5682 ),
2835 5642 2931 5676 non
2963 5640 3105 5680 erant
3141 5635 3188 5681 in
3226 5634 3457 5682 Edtttone
3493 5652 3608 5682 axx.
3645 5643 3734 5682 ςιιιι
3760 5641 3819 5682 ab
3842 5643 4060 5682 (trimum

2480 5640 2559 5674 an'
2587 5643 2734 5675 αυτου
2759 5640 2793 5686 ),
2835 5642 2931 5676 non
2963 5640 3105 5680 erant
3141 5640 3188 5681 in
3213 5640 3457 5694 ,Editione
3493 5652 3608 5697 Lxx,
3645 5643 3734 5689 Sed
3760 5641 3819 5689 ab
3842 5640 4060 5706 Origene

2480 5701 2541 5735 ex
2592 5689 2940 5739 'l'heodotlone
2990 5705 3098 5740 cum
3143 5695 3384 5744 asterisco
3428 5698 3686 5755 subjuncta
3735 5703 3955 5761 fuerant,
4009 5717 4059 5756 nt

2479 5761 2954 5828 responderenbhis
2985 5763 3149 5828 verbis
3183 5766 3443 5816 Hebraicis
3479 5783 3490 5794 ”
3523 5772 3705 5821 HTD:
3741 5777 3872 5824 1311’
3905 5781 4054 5828 nam.

2478 5823 2564 5896 sed
2591 5821 3072 5896 postea‘quibus.iam
3099 5829 3472 5896 exeiuplaribuv
3495 5833 3719 5896 adjuncta
3748 5821 3904 5890 fecre.
3936 5821 4054 5893 ᾖξῶ

2480 5891 2643 5932 notam
2670 5891 2884 5933 nostram
2915 5888 2962 5934 in
3003 5888 3251 5950 llexaplis.
