  <div class='ocr_page' id='page_1' title='image "/cluster/home/n/w/nwhite01/storage/ocr_20150623/55/pst.000005712540/274.png"; bbox 0 0 4156 6420; ppageno 0'>
   <div class='ocr_carea' id='block_1_1' title="bbox 93 344 2199 449">
    <p class='ocr_par' dir='ltr' id='par_1_1' title="bbox 93 344 2199 449">
     <span class='ocr_line' id='line_1_1' title="bbox 93 344 2199 449; baseline -0.023 0"><span class='ocrx_word' id='word_1_1' title='bbox 93 393 176 449; x_wconf 66' lang='grc' dir='ltr'>Ν</span> <span class='ocrx_word' id='word_1_2' title='bbox 1224 356 1586 425; x_wconf 69' lang='grc' dir='ltr'><strong>εχροδιτιο</strong></span> <span class='ocrx_word' id='word_1_3' title='bbox 1616 351 1681 409; x_wconf 75' lang='lat' dir='ltr'><strong>IN</strong></span> <span class='ocrx_word' id='word_1_4' title='bbox 1724 345 2057 407; x_wconf 66' lang='lat' dir='ltr'><strong>PSALMUI</strong></span> <span class='ocrx_word' id='word_1_5' title='bbox 2083 344 2199 403; x_wconf 77' lang='lat' dir='ltr'><strong>CX.</strong></span> 
     </span>
    </p>
   </div>
   <div class='ocr_carea' id='block_1_2' title="bbox 90 466 1697 574">
    <p class='ocr_par' dir='ltr' id='par_1_2' title="bbox 90 466 1697 574">
     <span class='ocr_line' id='line_1_2' title="bbox 90 466 1697 574; baseline -0.025 -10"><span class='ocrx_word' id='word_1_6' title='bbox 90 507 380 571; x_wconf 79' lang='lat' dir='ltr'><strong>uetuittunt,</strong></span> <span class='ocrx_word' id='word_1_7' title='bbox 403 516 577 574; x_wconf 83' lang='lat' dir='ltr'><strong>quam</strong></span> <span class='ocrx_word' id='word_1_8' title='bbox 603 494 837 553; x_wconf 82' lang='lat' dir='ltr'><strong>humiles</strong></span> <span class='ocrx_word' id='word_1_9' title='bbox 865 491 1021 554; x_wconf 87' lang='lat' dir='ltr'><strong>liunt,</strong></span> <span class='ocrx_word' id='word_1_10' title='bbox 1040 498 1202 558; x_wconf 85' lang='lat' dir='ltr'><strong>quam</strong></span> <span class='ocrx_word' id='word_1_11' title='bbox 1228 478 1462 537; x_wconf 86' lang='lat' dir='ltr'><strong>contrito</strong></span> <span class='ocrx_word' id='word_1_12' title='bbox 1480 466 1697 574; x_wconf 63' lang='lat' dir='ltr'><strong>animo?</strong></span> 
     </span>
    </p>
   </div>
   <div class='ocr_carea' id='block_1_3' title="bbox 90 567 1696 667">
    <p class='ocr_par' dir='ltr' id='par_1_3' title="bbox 90 567 1696 667">
     <span class='ocr_line' id='line_1_3' title="bbox 90 567 1696 667; baseline -0.023 -13"><span class='ocrx_word' id='word_1_13' title='bbox 90 597 285 654; x_wconf 81' lang='lat' dir='ltr'><strong>Etenim</strong></span> <span class='ocrx_word' id='word_1_14' title='bbox 312 567 644 667; x_wconf 49' lang='lat' dir='ltr'><strong>qui-millies</strong></span> <span class='ocrx_word' id='word_1_15' title='bbox 668 584 967 644; x_wconf 89' lang='lat' dir='ltr'><strong>doctrinam</strong></span> <span class='ocrx_word' id='word_1_16' title='bbox 994 578 1100 636; x_wconf 90' lang='lat' dir='ltr'><strong>sibi</strong></span> <span class='ocrx_word' id='word_1_17' title='bbox 1125 573 1373 667; x_wconf 77' lang='lat' dir='ltr'><strong>traditam</strong></span> <span class='ocrx_word' id='word_1_18' title='bbox 1392 567 1696 667; x_wconf 65' lang='lat' dir='ltr'><strong>audierant,</strong></span> 
     </span>
    </p>
   </div>
   <div class='ocr_carea' id='block_1_4' title="bbox 91 656 1700 758">
    <p class='ocr_par' dir='ltr' id='par_1_4' title="bbox 91 656 1700 758">
     <span class='ocr_line' id='line_1_4' title="bbox 91 656 1700 758; baseline -0.024 -10"><span class='ocrx_word' id='word_1_19' title='bbox 91 704 178 746; x_wconf 82' lang='lat' dir='ltr'><strong>nec</strong></span> <span class='ocrx_word' id='word_1_20' title='bbox 200 704 268 745; x_wconf 85' lang='lat' dir='ltr'><strong>ex</strong></span> <span class='ocrx_word' id='word_1_21' title='bbox 394 684 702 758; x_wconf 79' lang='lat' dir='ltr'><strong>quidquam</strong></span> <span class='ocrx_word' id='word_1_22' title='bbox 737 674 1135 735; x_wconf 87' lang='lat' dir='ltr'><strong>lucrifecerant,</strong></span> <span class='ocrx_word' id='word_1_23' title='bbox 1167 682 1235 725; x_wconf 86' lang='lat' dir='ltr'><strong>ex</strong></span> <span class='ocrx_word' id='word_1_24' title='bbox 1269 665 1361 721; x_wconf 88' lang='lat' dir='ltr'><strong>illo</strong></span> <span class='ocrx_word' id='word_1_25' title='bbox 1389 656 1700 758; x_wconf 74' lang='lat' dir='ltr'><strong>spectaculo</strong></span> 
     </span>
    </p>
   </div>
   <div class='ocr_carea' id='block_1_5' title="bbox 92 748 1706 851">
    <p class='ocr_par' dir='ltr' id='par_1_5' title="bbox 92 748 1706 851">
     <span class='ocr_line' id='line_1_5' title="bbox 92 748 1706 851; baseline -0.022 -14"><span class='ocrx_word' id='word_1_26' title='bbox 92 788 295 851; x_wconf 80' lang='lat' dir='ltr'><strong>repente</strong></span> <span class='ocrx_word' id='word_1_27' title='bbox 320 748 803 849; x_wconf 74' lang='lat' dir='ltr'><strong>philosophantur,</strong></span> <span class='ocrx_word' id='word_1_28' title='bbox 833 781 993 839; x_wconf 88' lang='lat' dir='ltr'><strong>quam</strong></span> <span class='ocrx_word' id='word_1_29' title='bbox 1020 763 1090 818; x_wconf 89' lang='lat' dir='ltr'><strong>sit</strong></span> <span class='ocrx_word' id='word_1_30' title='bbox 1119 760 1238 851; x_wconf 85' lang='lat' dir='ltr'><strong>vilis</strong></span> <span class='ocrx_word' id='word_1_31' title='bbox 1274 765 1330 814; x_wconf 89' lang='lat' dir='ltr'><strong>et</strong></span> <span class='ocrx_word' id='word_1_32' title='bbox 1363 753 1566 811; x_wconf 85' lang='lat' dir='ltr'><strong>caduca</strong></span> <span class='ocrx_word' id='word_1_33' title='bbox 1602 748 1706 804; x_wconf 49' lang='lat' dir='ltr'><strong>hu.</strong></span> 
     </span>
    </p>
   </div>
   <div class='ocr_carea' id='block_1_6' title="bbox 90 844 1702 933">
    <p class='ocr_par' dir='ltr' id='par_1_6' title="bbox 90 844 1702 933">
     <span class='ocr_line' id='line_1_6' title="bbox 90 844 1702 933; baseline -0.022 -4"><span class='ocrx_word' id='word_1_34' title='bbox 90 844 233 928; x_wconf 72' lang='lat' dir='ltr'><strong>mana</strong></span> <span class='ocrx_word' id='word_1_35' title='bbox 275 844 485 926; x_wconf 59' lang='lat' dir='ltr'><strong>natura</strong></span> <span class='ocrx_word' id='word_1_36' title='bbox 538 844 919 933; x_wconf 82' lang='lat' dir='ltr'><strong>intelligentes,</strong></span> <span class='ocrx_word' id='word_1_37' title='bbox 945 866 1003 913; x_wconf 85' lang='lat' dir='ltr'><strong>et</strong></span> <span class='ocrx_word' id='word_1_38' title='bbox 1030 846 1190 925; x_wconf 81' lang='lat' dir='ltr'><strong>quam</strong></span> <span class='ocrx_word' id='word_1_39' title='bbox 1221 846 1486 905; x_wconf 75' lang='lat' dir='ltr'><strong>instabilis</strong></span> <span class='ocrx_word' id='word_1_40' title='bbox 1517 853 1570 898; x_wconf 92' lang='lat' dir='ltr'><strong>ct</strong></span> <span class='ocrx_word' id='word_1_41' title='bbox 1599 844 1702 896; x_wconf 79' lang='lat' dir='ltr'><strong>im-</strong></span> 
     </span>
    </p>
   </div>
   <div class='ocr_carea' id='block_1_7' title="bbox 90 932 1704 1027">
    <p class='ocr_par' dir='ltr' id='par_1_7' title="bbox 90 932 1704 1027">
     <span class='ocr_line' id='line_1_7' title="bbox 90 932 1704 1027; baseline -0.022 -7"><span class='ocrx_word' id='word_1_42' title='bbox 90 962 266 1018; x_wconf 82' lang='lat' dir='ltr'><strong>becilla</strong></span> <span class='ocrx_word' id='word_1_43' title='bbox 292 959 368 1016; x_wconf 83' lang='lat' dir='ltr'><strong>sit</strong></span> <span class='ocrx_word' id='word_1_44' title='bbox 395 971 602 1014; x_wconf 83' lang='lat' dir='ltr'><strong>eorum</strong></span> <span class='ocrx_word' id='word_1_45' title='bbox 626 932 864 1027; x_wconf 81' lang='lat' dir='ltr'><strong>potentia</strong></span> <span class='ocrx_word' id='word_1_46' title='bbox 888 990 904 1017; x_wconf 90' lang='lat'><strong>,</strong></span> <span class='ocrx_word' id='word_1_47' title='bbox 931 955 987 1004; x_wconf 88' lang='lat' dir='ltr'><strong>et</strong></span> <span class='ocrx_word' id='word_1_48' title='bbox 1016 948 1070 1002; x_wconf 90' lang='lat' dir='ltr'><strong>in</strong></span> <span class='ocrx_word' id='word_1_49' title='bbox 1095 942 1285 999; x_wconf 89' lang='lat' dir='ltr'><strong>alienis</strong></span> <span class='ocrx_word' id='word_1_50' title='bbox 1308 932 1704 996; x_wconf 73' lang='lat' dir='ltr'><strong>calamitatibus</strong></span> 
     </span>
    </p>
   </div>
   <div class='ocr_carea' id='block_1_8' title="bbox 92 1030 1628 1125">
    <p class='ocr_par' dir='ltr' id='par_1_8' title="bbox 92 1030 1628 1125">
     <span class='ocr_line' id='line_1_8' title="bbox 92 1030 1628 1125; baseline -0.021 -11"><span class='ocrx_word' id='word_1_51' title='bbox 92 1053 446 1125; x_wconf 62' lang='lat' dir='ltr'><strong>residentes</strong></span> <span class='ocrx_word' id='word_1_52' title='bbox 475 1065 603 1107; x_wconf 84' lang='lat' dir='ltr'><strong>eam</strong></span> <span class='ocrx_word' id='word_1_53' title='bbox 626 1061 747 1119; x_wconf 69' lang='lat' dir='ltr'><strong>quae</strong></span> <span class='ocrx_word' id='word_1_54' title='bbox 774 1042 842 1100; x_wconf 86' lang='lat' dir='ltr'><strong>ad</strong></span> <span class='ocrx_word' id='word_1_55' title='bbox 865 1058 925 1099; x_wconf 92' lang='lat' dir='ltr'><strong>se</strong></span> <span class='ocrx_word' id='word_1_56' title='bbox 949 1045 1158 1113; x_wconf 88' lang='lat' dir='ltr'><strong>spectat</strong></span> <span class='ocrx_word' id='word_1_57' title='bbox 1184 1030 1628 1091; x_wconf 74' lang='lat' dir='ltr'><strong>vicissitudinem.</strong></span> 
     </span>
    </p>
   </div>
   <div class='ocr_carea' id='block_1_9' title="bbox 152 1121 1704 1211">
    <p class='ocr_par' dir='ltr' id='par_1_9' title="bbox 152 1121 1704 1211">
     <span class='ocr_line' id='line_1_9' title="bbox 152 1121 1704 1211; baseline -0.018 -10"><span class='ocrx_word' id='word_1_58' title='bbox 152 1146 205 1201; x_wconf 68' lang='lat'><strong>2.</strong></span> <span class='ocrx_word' id='word_1_59' title='bbox 235 1144 388 1200; x_wconf 66' lang='grc' dir='ltr'><strong>,οη</strong></span> <span class='ocrx_word' id='word_1_60' title='bbox 432 1142 585 1201; x_wconf 67' lang='lat' dir='ltr'><strong>utilis</strong></span> <span class='ocrx_word' id='word_1_61' title='bbox 605 1156 623 1207; x_wconf 87' lang='lat'><em>;</em></span> <span class='ocrx_word' id='word_1_62' title='bbox 647 1154 762 1211; x_wconf 72' lang='lat' dir='ltr'><strong>qua</strong></span> <span class='ocrx_word' id='word_1_63' title='bbox 782 1134 944 1198; x_wconf 79' lang='lat' dir='ltr'><strong>mala,</strong></span> <span class='ocrx_word' id='word_1_64' title='bbox 964 1148 1079 1205; x_wconf 67' lang='lat' dir='ltr'><strong>qua:</strong></span> <span class='ocrx_word' id='word_1_65' title='bbox 1107 1133 1237 1185; x_wconf 80' lang='lat' dir='ltr'><strong>bona</strong></span> <span class='ocrx_word' id='word_1_66' title='bbox 1262 1129 1348 1182; x_wconf 85' lang='lat' dir='ltr'><strong>sit.</strong></span> <span class='ocrx_word' id='word_1_67' title='bbox 1366 1123 1513 1180; x_wconf 79' lang='lat' dir='ltr'><strong>—~Si</strong></span> <span class='ocrx_word' id='word_1_68' title='bbox 1560 1121 1704 1176; x_wconf 90' lang='lat' dir='ltr'><strong>cnim</strong></span> 
     </span>
    </p>
   </div>
   <div class='ocr_carea' id='block_1_10' title="bbox 93 1212 1709 1309">
    <p class='ocr_par' dir='ltr' id='par_1_10' title="bbox 93 1212 1709 1309">
     <span class='ocr_line' id='line_1_10' title="bbox 93 1212 1709 1309; baseline -0.017 -14"><span class='ocrx_word' id='word_1_69' title='bbox 93 1238 327 1309; x_wconf 80' lang='lat' dir='ltr'><strong>quamvis</strong></span> <span class='ocrx_word' id='word_1_70' title='bbox 350 1236 427 1292; x_wconf 84' lang='lat' dir='ltr'><strong>sit</strong></span> <span class='ocrx_word' id='word_1_71' title='bbox 447 1248 606 1291; x_wconf 86' lang='lat' dir='ltr'><strong>mors</strong></span> <span class='ocrx_word' id='word_1_72' title='bbox 624 1227 1011 1303; x_wconf 75' lang='lat' dir='ltr'><strong>exspecmnda,</strong></span> <span class='ocrx_word' id='word_1_73' title='bbox 1034 1232 1118 1280; x_wconf 89' lang='lat' dir='ltr'><strong>est</strong></span> <span class='ocrx_word' id='word_1_74' title='bbox 1138 1231 1318 1278; x_wconf 88' lang='lat' dir='ltr'><strong>tamen</strong></span> <span class='ocrx_word' id='word_1_75' title='bbox 1340 1224 1545 1273; x_wconf 80' lang='lat' dir='ltr'><strong>tantum</strong></span> <span class='ocrx_word' id='word_1_76' title='bbox 1567 1212 1709 1282; x_wconf 86' lang='lat' dir='ltr'><strong>rapi-</strong></span> 
     </span>
    </p>
   </div>
   <div class='ocr_carea' id='block_1_11' title="bbox 96 1307 1710 1398">
    <p class='ocr_par' dir='ltr' id='par_1_11' title="bbox 96 1307 1710 1398">
     <span class='ocr_line' id='line_1_11' title="bbox 96 1307 1710 1398; baseline -0.017 -14"><span class='ocrx_word' id='word_1_77' title='bbox 96 1307 170 1386; x_wconf 70' lang='lat' dir='ltr'><strong>na</strong></span> <span class='ocrx_word' id='word_1_78' title='bbox 187 1370 204 1398; x_wconf 92' lang='lat'><strong>,</strong></span> <span class='ocrx_word' id='word_1_79' title='bbox 224 1338 445 1386; x_wconf 81' lang='lat' dir='ltr'><strong>tantum</strong></span> <span class='ocrx_word' id='word_1_80' title='bbox 468 1324 743 1389; x_wconf 82' lang='lat' dir='ltr'><strong>avaritiae,</strong></span> <span class='ocrx_word' id='word_1_81' title='bbox 766 1330 824 1379; x_wconf 88' lang='lat' dir='ltr'><strong>et</strong></span> <span class='ocrx_word' id='word_1_82' title='bbox 848 1335 955 1375; x_wconf 91' lang='lat' dir='ltr'><strong>non</strong></span> <span class='ocrx_word' id='word_1_83' title='bbox 982 1332 1139 1373; x_wconf 86' lang='lat' dir='ltr'><strong>secus</strong></span> <span class='ocrx_word' id='word_1_84' title='bbox 1160 1328 1226 1369; x_wconf 89' lang='lat' dir='ltr'><strong>ac</strong></span> <span class='ocrx_word' id='word_1_85' title='bbox 1250 1312 1455 1398; x_wconf 78' lang='lat' dir='ltr'><strong>pisces,</strong></span> <span class='ocrx_word' id='word_1_86' title='bbox 1477 1307 1567 1379; x_wconf 90' lang='lat' dir='ltr'><strong>qui</strong></span> <span class='ocrx_word' id='word_1_87' title='bbox 1580 1314 1710 1361; x_wconf 89' lang='lat' dir='ltr'><strong>sunt</strong></span> 
     </span>
    </p>
   </div>
   <div class='ocr_carea' id='block_1_12' title="bbox 98 1390 1712 1493">
    <p class='ocr_par' dir='ltr' id='par_1_12' title="bbox 98 1390 1712 1493">
     <span class='ocr_line' id='line_1_12' title="bbox 98 1390 1712 1493; baseline -0.019 -13"><span class='ocrx_word' id='word_1_88' title='bbox 98 1390 460 1493; x_wconf 78' lang='lat' dir='ltr'><strong>potentiores,</strong></span> <span class='ocrx_word' id='word_1_89' title='bbox 520 1415 903 1474; x_wconf 82' lang='lat' dir='ltr'><strong>imbecilliores</strong></span> <span class='ocrx_word' id='word_1_90' title='bbox 954 1409 1215 1467; x_wconf 87' lang='lat' dir='ltr'><strong>devorant</strong></span> <span class='ocrx_word' id='word_1_91' title='bbox 1254 1390 1353 1459; x_wconf 40' lang='lat' dir='ltr'><strong>:‘si</strong></span> <span class='ocrx_word' id='word_1_92' title='bbox 1402 1415 1512 1457; x_wconf 89' lang='lat' dir='ltr'><strong>non</strong></span> <span class='ocrx_word' id='word_1_93' title='bbox 1565 1403 1712 1453; x_wconf 88' lang='lat' dir='ltr'><strong>esset</strong></span> 
     </span>
    </p>
   </div>
   <div class='ocr_carea' id='block_1_13' title="bbox 98 1491 1710 1584">
    <p class='ocr_par' dir='ltr' id='par_1_13' title="bbox 98 1491 1710 1584">
     <span class='ocr_line' id='line_1_13' title="bbox 98 1491 1710 1584; baseline -0.017 -13"><span class='ocrx_word' id='word_1_94' title='bbox 98 1491 266 1582; x_wconf 76' lang='lat' dir='ltr'><strong>mors,</strong></span> <span class='ocrx_word' id='word_1_95' title='bbox 296 1528 415 1584; x_wconf 87' lang='lat' dir='ltr'><strong>quo</strong></span> <span class='ocrx_word' id='word_1_96' title='bbox 448 1526 563 1567; x_wconf 86' lang='lat' dir='ltr'><strong>non</strong></span> <span class='ocrx_word' id='word_1_97' title='bbox 611 1506 959 1581; x_wconf 80' lang='lat' dir='ltr'><strong>processisset</strong></span> <span class='ocrx_word' id='word_1_98' title='bbox 994 1496 1257 1557; x_wconf 78' lang='lat' dir='ltr'><strong>avaritia?</strong></span> <span class='ocrx_word' id='word_1_99' title='bbox 1298 1494 1355 1552; x_wconf 87' lang='lat' dir='ltr'><strong>Si</strong></span> <span class='ocrx_word' id='word_1_100' title='bbox 1396 1491 1543 1550; x_wconf 88' lang='lat' dir='ltr'><strong>enim</strong></span> <span class='ocrx_word' id='word_1_101' title='bbox 1586 1504 1710 1545; x_wconf 91' lang='lat' dir='ltr'><strong>cum</strong></span> 
     </span>
    </p>
   </div>
   <div class='ocr_carea' id='block_1_14' title="bbox 98 1580 1713 1671">
    <p class='ocr_par' dir='ltr' id='par_1_14' title="bbox 98 1580 1713 1671">
     <span class='ocr_line' id='line_1_14' title="bbox 98 1580 1713 1671; baseline -0.015 -9"><span class='ocrx_word' id='word_1_102' title='bbox 98 1580 259 1661; x_wconf 83' lang='lat' dir='ltr'><strong>sciant</strong></span> <span class='ocrx_word' id='word_1_103' title='bbox 439 1611 504 1659; x_wconf 90' lang='lat' dir='ltr'><strong>ut</strong></span> <span class='ocrx_word' id='word_1_104' title='bbox 538 1580 640 1668; x_wconf 90' lang='lat' dir='ltr'><strong>lis,</strong></span> <span class='ocrx_word' id='word_1_105' title='bbox 682 1614 803 1671; x_wconf 80' lang='lat' dir='ltr'><strong>qua:</strong></span> <span class='ocrx_word' id='word_1_106' title='bbox 829 1583 1135 1667; x_wconf 80' lang='lat' dir='ltr'><strong>rapuerint,</strong></span> <span class='ocrx_word' id='word_1_107' title='bbox 1168 1606 1275 1647; x_wconf 88' lang='lat' dir='ltr'><strong>non</strong></span> <span class='ocrx_word' id='word_1_108' title='bbox 1304 1588 1583 1649; x_wconf 88' lang='lat' dir='ltr'><strong>fruantur,</strong></span> <span class='ocrx_word' id='word_1_109' title='bbox 1614 1580 1713 1638; x_wconf 86' lang='lat' dir='ltr'><strong>sed</strong></span> 
     </span>
    </p>
   </div>
   <div class='ocr_carea' id='block_1_15' title="bbox 100 1676 1715 1754">
    <p class='ocr_par' dir='ltr' id='par_1_15' title="bbox 100 1676 1715 1754">
     <span class='ocr_line' id='line_1_15' title="bbox 100 1676 1715 1754; baseline -0.014 -3"><span class='ocrx_word' id='word_1_110' title='bbox 100 1697 255 1754; x_wconf 82' lang='lat' dir='ltr'><strong>velint</strong></span> <span class='ocrx_word' id='word_1_111' title='bbox 280 1696 472 1753; x_wconf 77' lang='lat' dir='ltr'><strong>nolint</strong></span> <span class='ocrx_word' id='word_1_112' title='bbox 496 1696 567 1750; x_wconf 87' lang='lat' dir='ltr'><strong>iis</strong></span> <span class='ocrx_word' id='word_1_113' title='bbox 585 1694 694 1748; x_wconf 90' lang='lat' dir='ltr'><strong>sint</strong></span> <span class='ocrx_word' id='word_1_114' title='bbox 715 1688 921 1747; x_wconf 85' lang='lat' dir='ltr'><strong>cessuri</strong></span> <span class='ocrx_word' id='word_1_115' title='bbox 944 1686 1067 1742; x_wconf 88' lang='lat' dir='ltr'><strong>aliis</strong></span> <span class='ocrx_word' id='word_1_116' title='bbox 1088 1726 1105 1752; x_wconf 96' lang='lat'><strong>,</strong></span> <span class='ocrx_word' id='word_1_117' title='bbox 1133 1693 1283 1739; x_wconf 88' lang='lat' dir='ltr'><strong>tanto</strong></span> <span class='ocrx_word' id='word_1_118' title='bbox 1307 1686 1433 1737; x_wconf 90' lang='lat' dir='ltr'><strong>sunt</strong></span> <span class='ocrx_word' id='word_1_119' title='bbox 1458 1676 1638 1734; x_wconf 87' lang='lat' dir='ltr'><strong>furore</strong></span> <span class='ocrx_word' id='word_1_120' title='bbox 1658 1682 1715 1730; x_wconf 89' lang='lat' dir='ltr'><strong>ct</strong></span> 
     </span>
    </p>
   </div>
   <div class='ocr_carea' id='block_1_16' title="bbox 103 1766 1713 1860">
    <p class='ocr_par' dir='ltr' id='par_1_16' title="bbox 103 1766 1713 1860">
     <span class='ocr_line' id='line_1_16' title="bbox 103 1766 1713 1860; baseline -0.016 -15"><span class='ocrx_word' id='word_1_121' title='bbox 103 1788 241 1844; x_wconf 83' lang='lat' dir='ltr'><strong>rabie</strong></span> <span class='ocrx_word' id='word_1_122' title='bbox 268 1788 515 1860; x_wconf 78' lang='lat' dir='ltr'><strong>perciti:</strong></span> <span class='ocrx_word' id='word_1_123' title='bbox 550 1784 687 1839; x_wconf 64' lang='lat' dir='ltr'><strong>sica</strong></span> <span class='ocrx_word' id='word_1_124' title='bbox 714 1790 829 1837; x_wconf 90' lang='lat' dir='ltr'><strong>tuto</strong></span> <span class='ocrx_word' id='word_1_125' title='bbox 855 1778 1231 1851; x_wconf 85' lang='lat' dir='ltr'><strong>possiderent,</strong></span> <span class='ocrx_word' id='word_1_126' title='bbox 1261 1769 1479 1844; x_wconf 87' lang='lat' dir='ltr'><strong>quando</strong></span> <span class='ocrx_word' id='word_1_127' title='bbox 1507 1766 1713 1824; x_wconf 86' lang='lat' dir='ltr'><strong>exstin-</strong></span> 
     </span>
    </p>
   </div>
   <div class='ocr_carea' id='block_1_17' title="bbox 103 1859 1715 1951">
    <p class='ocr_par' dir='ltr' id='par_1_17' title="bbox 103 1859 1715 1951">
     <span class='ocr_line' id='line_1_17' title="bbox 103 1859 1715 1951; baseline -0.015 -15"><span class='ocrx_word' id='word_1_128' title='bbox 103 1859 347 1951; x_wconf 78' lang='lat' dir='ltr'><strong>gueretur</strong></span> <span class='ocrx_word' id='word_1_129' title='bbox 374 1891 576 1935; x_wconf 88' lang='lat' dir='ltr'><strong>eorum</strong></span> <span class='ocrx_word' id='word_1_130' title='bbox 606 1872 847 1945; x_wconf 87' lang='lat' dir='ltr'><strong>improba</strong></span> <span class='ocrx_word' id='word_1_131' title='bbox 874 1867 1178 1941; x_wconf 73' lang='lat' dir='ltr'><strong>cupiditas?</strong></span> <span class='ocrx_word' id='word_1_132' title='bbox 1203 1863 1331 1936; x_wconf 88' lang='lat' dir='ltr'><strong>quid</strong></span> <span class='ocrx_word' id='word_1_133' title='bbox 1362 1859 1529 1917; x_wconf 86' lang='lat' dir='ltr'><strong>vero?</strong></span> <span class='ocrx_word' id='word_1_134' title='bbox 1567 1873 1715 1914; x_wconf 84' lang='lat' dir='ltr'><strong>mar-</strong></span> 
     </span>
    </p>
   </div>
   <div class='ocr_carea' id='block_1_18' title="bbox 105 1952 1715 2042">
    <p class='ocr_par' dir='ltr' id='par_1_18' title="bbox 105 1952 1715 2042">
     <span class='ocr_line' id='line_1_18' title="bbox 105 1952 1715 2042; baseline -0.012 -19"><span class='ocrx_word' id='word_1_135' title='bbox 105 1970 218 2042; x_wconf 82' lang='lat' dir='ltr'><strong>tyrii</strong></span> <span class='ocrx_word' id='word_1_136' title='bbox 237 1983 470 2026; x_wconf 66' lang='lat' dir='ltr'><strong>cortinae</strong></span> <span class='ocrx_word' id='word_1_137' title='bbox 492 1981 674 2023; x_wconf 91' lang='lat' dir='ltr'><strong>nonne</strong></span> <span class='ocrx_word' id='word_1_138' title='bbox 696 1980 788 2035; x_wconf 88' lang='lat' dir='ltr'><strong>per</strong></span> <span class='ocrx_word' id='word_1_139' title='bbox 809 1970 1036 2018; x_wconf 89' lang='lat' dir='ltr'><strong>mortem</strong></span> <span class='ocrx_word' id='word_1_140' title='bbox 1050 1955 1350 2042; x_wconf 76' lang='lat' dir='ltr'><strong>texuntur?</strong></span> <span class='ocrx_word' id='word_1_141' title='bbox 1373 1952 1511 2022; x_wconf 84' lang='lat' dir='ltr'><strong>Quid</strong></span> <span class='ocrx_word' id='word_1_142' title='bbox 1534 1960 1715 2006; x_wconf 80' lang='lat' dir='ltr'><strong>autem</strong></span> 
     </span>
    </p>
   </div>
   <div class='ocr_carea' id='block_1_19' title="bbox 108 2039 1720 2121">
    <p class='ocr_par' dir='ltr' id='par_1_19' title="bbox 108 2039 1720 2121">
     <span class='ocr_line' id='line_1_19' title="bbox 108 2039 1720 2121; baseline -0.015 -2"><span class='ocrx_word' id='word_1_143' title='bbox 108 2039 290 2119; x_wconf 47' lang='lat' dir='ltr'><strong>llaulus</strong></span> <span class='ocrx_word' id='word_1_144' title='bbox 306 2062 333 2117; x_wconf 73' lang='grc' dir='ltr'><em>ἰ</em></span> <span class='ocrx_word' id='word_1_145' title='bbox 359 2076 555 2117; x_wconf 78' lang='lat' dir='ltr'><strong>annon</strong></span> <span class='ocrx_word' id='word_1_146' title='bbox 582 2060 859 2114; x_wconf 88' lang='lat' dir='ltr'><strong>innumera</strong></span> <span class='ocrx_word' id='word_1_147' title='bbox 881 2039 1054 2111; x_wconf 77' lang='lat' dir='ltr'><strong>erexit</strong></span> <span class='ocrx_word' id='word_1_148' title='bbox 1079 2060 1301 2121; x_wconf 75' lang='lat' dir='ltr'><strong>tropzra,</strong></span> <span class='ocrx_word' id='word_1_149' title='bbox 1325 2046 1513 2104; x_wconf 87' lang='lat' dir='ltr'><strong>dicens</strong></span> <span class='ocrx_word' id='word_1_150' title='bbox 1541 2063 1553 2098; x_wconf 89' lang='lat'><strong>:</strong></span> <span class='ocrx_word' id='word_1_151' title='bbox 1578 2043 1720 2110; x_wconf 83' lang='lat' dir='ltr'><strong>Quo-</strong></span> 
     </span>
    </p>
   </div>
   <div class='ocr_carea' id='block_1_20' title="bbox 109 2136 1720 2226">
    <p class='ocr_par' dir='ltr' id='par_1_20' title="bbox 109 2136 1720 2226">
     <span class='ocr_line' id='line_1_20' title="bbox 109 2136 1720 2226; baseline -0.012 -17"><span class='ocrx_word' id='word_1_152' title='bbox 109 2157 220 2211; x_wconf 80' lang='lat' dir='ltr'><strong>tidie</strong></span> <span class='ocrx_word' id='word_1_153' title='bbox 244 2156 449 2211; x_wconf 64' lang='grc' dir='ltr'><strong>πίω-ξω*</strong></span> <span class='ocrx_word' id='word_1_154' title='bbox 479 2169 573 2226; x_wconf 79' lang='lat' dir='ltr'><strong>per</strong></span> <span class='ocrx_word' id='word_1_155' title='bbox 596 2160 807 2208; x_wconf 75' lang='lat' dir='ltr'><strong>vestram</strong></span> <span class='ocrx_word' id='word_1_156' title='bbox 835 2146 1191 2221; x_wconf 82' lang='lat' dir='ltr'><strong>gloriationent</strong></span> <span class='ocrx_word' id='word_1_157' title='bbox 1216 2144 1296 2209; x_wconf 88' lang='grc'><strong>(1.</strong></span> <span class='ocrx_word' id='word_1_158' title='bbox 1322 2140 1444 2197; x_wconf 86' lang='lat' dir='ltr'><strong>Cor.</strong></span> <span class='ocrx_word' id='word_1_159' title='bbox 1479 2138 1566 2194; x_wconf 83' lang='grc'><strong>15.</strong></span> <span class='ocrx_word' id='word_1_160' title='bbox 1588 2136 1720 2208; x_wconf 76' lang='lat' dir='ltr'><strong>5i)?</strong></span> 
     </span>
    </p>
   </div>
   <div class='ocr_carea' id='block_1_21' title="bbox 112 2228 1718 2307">
    <p class='ocr_par' dir='ltr' id='par_1_21' title="bbox 112 2228 1718 2307">
     <span class='ocr_line' id='line_1_21' title="bbox 112 2228 1718 2307; baseline -0.012 -6"><span class='ocrx_word' id='word_1_161' title='bbox 112 2245 219 2301; x_wconf 79' lang='lat' dir='ltr'><strong>Non</strong></span> <span class='ocrx_word' id='word_1_162' title='bbox 237 2247 389 2303; x_wconf 87' lang='lat' dir='ltr'><strong>enim</strong></span> <span class='ocrx_word' id='word_1_163' title='bbox 412 2256 569 2300; x_wconf 87' lang='lat' dir='ltr'><strong>mors</strong></span> <span class='ocrx_word' id='word_1_164' title='bbox 588 2242 728 2298; x_wconf 83' lang='lat' dir='ltr'><strong>mala</strong></span> <span class='ocrx_word' id='word_1_165' title='bbox 746 2248 828 2296; x_wconf 89' lang='lat' dir='ltr'><strong>est</strong></span> <span class='ocrx_word' id='word_1_166' title='bbox 848 2279 864 2307; x_wconf 97' lang='lat'><strong>,</strong></span> <span class='ocrx_word' id='word_1_167' title='bbox 891 2236 986 2294; x_wconf 84' lang='lat' dir='ltr'><strong>sed</strong></span> <span class='ocrx_word' id='word_1_168' title='bbox 1010 2235 1147 2291; x_wconf 84' lang='lat' dir='ltr'><strong>mala</strong></span> <span class='ocrx_word' id='word_1_169' title='bbox 1163 2242 1249 2290; x_wconf 87' lang='lat' dir='ltr'><strong>est</strong></span> <span class='ocrx_word' id='word_1_170' title='bbox 1266 2245 1416 2287; x_wconf 89' lang='lat' dir='ltr'><strong>mors</strong></span> <span class='ocrx_word' id='word_1_171' title='bbox 1441 2228 1674 2301; x_wconf 88' lang='lat' dir='ltr'><strong>pessima</strong></span> <span class='ocrx_word' id='word_1_172' title='bbox 1702 2243 1718 2280; x_wconf 88' lang='lat'><strong>:</strong></span> 
     </span>
    </p>
   </div>
   <div class='ocr_carea' id='block_1_22' title="bbox 112 2326 1722 2395">
    <p class='ocr_par' dir='ltr' id='par_1_22' title="bbox 112 2326 1722 2395">
     <span class='ocr_line' id='line_1_22' title="bbox 112 2326 1722 2395; baseline -0.014 -1"><span class='ocrx_word' id='word_1_173' title='bbox 112 2348 161 2394; x_wconf 87' lang='lat' dir='ltr'><strong>et</strong></span> <span class='ocrx_word' id='word_1_174' title='bbox 184 2338 304 2395; x_wconf 86' lang='lat' dir='ltr'><strong>ideo</strong></span> <span class='ocrx_word' id='word_1_175' title='bbox 329 2338 470 2395; x_wconf 83' lang='lat' dir='ltr'><strong>dicit</strong></span> <span class='ocrx_word' id='word_1_176' title='bbox 494 2354 507 2391; x_wconf 91' lang='lat'><strong>:</strong></span> <span class='ocrx_word' id='word_1_177' title='bbox 534 2334 771 2390; x_wconf 86' lang='lat' dir='ltr'><strong>Pretiosa</strong></span> <span class='ocrx_word' id='word_1_178' title='bbox 796 2341 868 2388; x_wconf 84' lang='lat' dir='ltr'><strong>est</strong></span> <span class='ocrx_word' id='word_1_179' title='bbox 893 2345 1069 2385; x_wconf 83' lang='lat' dir='ltr'><strong>coram</strong></span> <span class='ocrx_word' id='word_1_180' title='bbox 1100 2326 1320 2382; x_wconf 88' lang='lat' dir='ltr'><strong>Domino</strong></span> <span class='ocrx_word' id='word_1_181' title='bbox 1350 2339 1488 2378; x_wconf 87' lang='lat' dir='ltr'><strong>mors</strong></span> <span class='ocrx_word' id='word_1_182' title='bbox 1508 2330 1722 2375; x_wconf 77' lang='lat' dir='ltr'><strong>sancto—</strong></span> 
     </span>
    </p>
   </div>
   <div class='ocr_carea' id='block_1_23' title="bbox 115 2414 1723 2501">
    <p class='ocr_par' dir='ltr' id='par_1_23' title="bbox 115 2414 1723 2501">
     <span class='ocr_line' id='line_1_23' title="bbox 115 2414 1723 2501; baseline -0.012 -17"><span class='ocrx_word' id='word_1_183' title='bbox 115 2447 222 2484; x_wconf 75' lang='lat' dir='ltr'><strong>rant</strong></span> <span class='ocrx_word' id='word_1_184' title='bbox 245 2430 361 2501; x_wconf 78' lang='lat' dir='ltr'><strong>ejus</strong></span> <span class='ocrx_word' id='word_1_185' title='bbox 386 2427 572 2501; x_wconf 86' lang='lat' dir='ltr'><strong>(Psal.</strong></span> <span class='ocrx_word' id='word_1_186' title='bbox 602 2425 727 2481; x_wconf 77' lang='grc'><strong>115.</strong></span> <span class='ocrx_word' id='word_1_187' title='bbox 758 2424 868 2491; x_wconf 79' lang='grc'><strong>15).</strong></span> <span class='ocrx_word' id='word_1_188' title='bbox 900 2421 1039 2478; x_wconf 81' lang='lat' dir='ltr'><strong>Alibi</strong></span> <span class='ocrx_word' id='word_1_189' title='bbox 1066 2428 1249 2474; x_wconf 89' lang='lat' dir='ltr'><strong>autem</strong></span> <span class='ocrx_word' id='word_1_190' title='bbox 1276 2434 1292 2469; x_wconf 89' lang='lat'><strong>:</strong></span> <span class='ocrx_word' id='word_1_191' title='bbox 1325 2414 1470 2469; x_wconf 70' lang='lat' dir='ltr'><strong>Mors</strong></span> <span class='ocrx_word' id='word_1_192' title='bbox 1488 2422 1723 2483; x_wconf 72' lang='lat' dir='ltr'><strong>peccato-</strong></span> 
     </span>
    </p>
   </div>
   <div class='ocr_carea' id='block_1_24' title="bbox 115 2508 1726 2593">
    <p class='ocr_par' dir='ltr' id='par_1_24' title="bbox 115 2508 1726 2593">
     <span class='ocr_line' id='line_1_24' title="bbox 115 2508 1726 2593; baseline -0.011 -16"><span class='ocrx_word' id='word_1_193' title='bbox 115 2539 219 2577; x_wconf 83' lang='lat' dir='ltr'><strong>nun</strong></span> <span class='ocrx_word' id='word_1_194' title='bbox 242 2525 475 2593; x_wconf 70' lang='lat' dir='ltr'><strong>parisina</strong></span> <span class='ocrx_word' id='word_1_195' title='bbox 503 2518 679 2592; x_wconf 88' lang='lat' dir='ltr'><strong>(Psal.</strong></span> <span class='ocrx_word' id='word_1_196' title='bbox 707 2518 794 2573; x_wconf 86' lang='grc'><strong>55.</strong></span> <span class='ocrx_word' id='word_1_197' title='bbox 823 2514 917 2585; x_wconf 71' lang='lat'><strong>22)</strong></span> <span class='ocrx_word' id='word_1_198' title='bbox 943 2531 958 2569; x_wconf 72' lang='grc' dir='ltr'>ς</span> <span class='ocrx_word' id='word_1_199' title='bbox 992 2513 1095 2574; x_wconf 86' lang='lat' dir='ltr'><strong>hoc</strong></span> <span class='ocrx_word' id='word_1_200' title='bbox 1122 2511 1309 2568; x_wconf 88' lang='lat' dir='ltr'><strong>dicens</strong></span> <span class='ocrx_word' id='word_1_201' title='bbox 1338 2508 1537 2563; x_wconf 87' lang='lat' dir='ltr'><strong>malum</strong></span> <span class='ocrx_word' id='word_1_202' title='bbox 1555 2547 1570 2571; x_wconf 97' lang='lat'><strong>,</strong></span> <span class='ocrx_word' id='word_1_203' title='bbox 1600 2520 1726 2561; x_wconf 92' lang='lat' dir='ltr'><strong>cum</strong></span> 
     </span>
    </p>
   </div>
   <div class='ocr_carea' id='block_1_25' title="bbox 120 2605 1728 2673">
    <p class='ocr_par' dir='ltr' id='par_1_25' title="bbox 120 2605 1728 2673">
     <span class='ocr_line' id='line_1_25' title="bbox 120 2605 1728 2673; baseline -0.011 -3"><span class='ocrx_word' id='word_1_204' title='bbox 120 2616 249 2672; x_wconf 80' lang='lat' dir='ltr'><strong>mala</strong></span> <span class='ocrx_word' id='word_1_205' title='bbox 275 2616 545 2673; x_wconf 84' lang='lat' dir='ltr'><strong>recedere</strong></span> <span class='ocrx_word' id='word_1_206' title='bbox 571 2610 900 2670; x_wconf 78' lang='lat' dir='ltr'><strong>conscientia</strong></span> <span class='ocrx_word' id='word_1_207' title='bbox 924 2650 939 2673; x_wconf 96' lang='lat'><strong>,</strong></span> <span class='ocrx_word' id='word_1_208' title='bbox 970 2615 1027 2664; x_wconf 86' lang='lat' dir='ltr'><strong>et</strong></span> <span class='ocrx_word' id='word_1_209' title='bbox 1054 2605 1237 2662; x_wconf 90' lang='lat' dir='ltr'><strong>multis</strong></span> <span class='ocrx_word' id='word_1_210' title='bbox 1263 2610 1608 2673; x_wconf 83' lang='lat' dir='ltr'><strong>peccaton</strong></span> <span class='ocrx_word' id='word_1_211' title='bbox 1629 2614 1728 2654; x_wconf 91' lang='lat' dir='ltr'><strong>cu-</strong></span> 
     </span>
    </p>
   </div>
   <div class='ocr_carea' id='block_1_26' title="bbox 121 2693 1731 2776">
    <p class='ocr_par' dir='ltr' id='par_1_26' title="bbox 121 2693 1731 2776">
     <span class='ocr_line' id='line_1_26' title="bbox 121 2693 1731 2776; baseline -0.012 -12"><span class='ocrx_word' id='word_1_212' title='bbox 121 2709 189 2763; x_wconf 81' lang='lat' dir='ltr'><strong>ris</strong></span> <span class='ocrx_word' id='word_1_213' title='bbox 215 2714 477 2764; x_wconf 85' lang='lat' dir='ltr'><strong>onustum</strong></span> <span class='ocrx_word' id='word_1_214' title='bbox 525 2714 582 2762; x_wconf 90' lang='lat' dir='ltr'><strong>et</strong></span> <span class='ocrx_word' id='word_1_215' title='bbox 608 2712 906 2776; x_wconf 83' lang='lat' dir='ltr'><strong>gravatum.</strong></span> <span class='ocrx_word' id='word_1_216' title='bbox 941 2702 1011 2757; x_wconf 88' lang='lat' dir='ltr'><strong>At</strong></span> <span class='ocrx_word' id='word_1_217' title='bbox 1037 2698 1128 2771; x_wconf 86' lang='lat' dir='ltr'><strong>qui</strong></span> <span class='ocrx_word' id='word_1_218' title='bbox 1175 2711 1362 2770; x_wconf 89' lang='lat' dir='ltr'><strong>puram</strong></span> <span class='ocrx_word' id='word_1_219' title='bbox 1393 2693 1555 2748; x_wconf 86' lang='lat' dir='ltr'><strong>habet</strong></span> <span class='ocrx_word' id='word_1_220' title='bbox 1599 2705 1731 2747; x_wconf 91' lang='lat' dir='ltr'><strong>con-</strong></span> 
     </span>
    </p>
   </div>
   <div class='ocr_carea' id='block_1_27' title="bbox 124 2783 1731 2867">
    <p class='ocr_par' dir='ltr' id='par_1_27' title="bbox 124 2783 1731 2867">
     <span class='ocr_line' id='line_1_27' title="bbox 124 2783 1731 2867; baseline -0.009 -14"><span class='ocrx_word' id='word_1_221' title='bbox 124 2800 400 2855; x_wconf 83' lang='lat' dir='ltr'><strong>scientiam</strong></span> <span class='ocrx_word' id='word_1_222' title='bbox 420 2840 438 2867; x_wconf 96' lang='lat'><strong>,</strong></span> <span class='ocrx_word' id='word_1_223' title='bbox 468 2798 517 2853; x_wconf 90' lang='lat' dir='ltr'><strong>is</strong></span> <span class='ocrx_word' id='word_1_224' title='bbox 555 2797 724 2853; x_wconf 88' lang='lat' dir='ltr'><strong>currit</strong></span> <span class='ocrx_word' id='word_1_225' title='bbox 748 2793 815 2849; x_wconf 90' lang='lat' dir='ltr'><strong>ad</strong></span> <span class='ocrx_word' id='word_1_226' title='bbox 839 2792 1080 2865; x_wconf 58' lang='lat' dir='ltr'><strong>praemia,</strong></span> <span class='ocrx_word' id='word_1_227' title='bbox 1106 2790 1173 2845; x_wconf 88' lang='lat' dir='ltr'><strong>ad</strong></span> <span class='ocrx_word' id='word_1_228' title='bbox 1198 2801 1455 2845; x_wconf 90' lang='lat' dir='ltr'><strong>coronam</strong></span> <span class='ocrx_word' id='word_1_229' title='bbox 1484 2786 1617 2841; x_wconf 89' lang='lat' dir='ltr'><strong>abit.</strong></span> <span class='ocrx_word' id='word_1_230' title='bbox 1664 2783 1731 2839; x_wconf 86' lang='lat' dir='ltr'><strong>Et</strong></span> 
     </span>
    </p>
   </div>
   <div class='ocr_carea' id='block_1_28' title="bbox 124 2878 1732 2950">
    <p class='ocr_par' dir='ltr' id='par_1_28' title="bbox 124 2878 1732 2950">
     <span class='ocr_line' id='line_1_28' title="bbox 124 2878 1732 2950; baseline -0.007 -9"><span class='ocrx_word' id='word_1_231' title='bbox 124 2903 176 2945; x_wconf 89' lang='lat' dir='ltr'><strong>ut</strong></span> <span class='ocrx_word' id='word_1_232' title='bbox 203 2894 345 2948; x_wconf 80' lang='lat' dir='ltr'><strong>scias</strong></span> <span class='ocrx_word' id='word_1_233' title='bbox 373 2905 486 2946; x_wconf 88' lang='lat' dir='ltr'><strong>non</strong></span> <span class='ocrx_word' id='word_1_234' title='bbox 518 2890 696 2944; x_wconf 82' lang='lat' dir='ltr'><strong>rerum</strong></span> <span class='ocrx_word' id='word_1_235' title='bbox 726 2896 1002 2950; x_wconf 88' lang='lat' dir='ltr'><strong>naturam,</strong></span> <span class='ocrx_word' id='word_1_236' title='bbox 1049 2882 1145 2939; x_wconf 90' lang='lat' dir='ltr'><strong>sed</strong></span> <span class='ocrx_word' id='word_1_237' title='bbox 1171 2891 1406 2937; x_wconf 87' lang='lat' dir='ltr'><strong>mentem</strong></span> <span class='ocrx_word' id='word_1_238' title='bbox 1449 2878 1732 2934; x_wconf 86' lang='lat' dir='ltr'><strong>hominum</strong></span> 
     </span>
    </p>
   </div>
   <div class='ocr_carea' id='block_1_29' title="bbox 128 2968 1739 3053">
    <p class='ocr_par' dir='ltr' id='par_1_29' title="bbox 128 2968 1739 3053">
     <span class='ocr_line' id='line_1_29' title="bbox 128 2968 1739 3053; baseline -0.007 -17"><span class='ocrx_word' id='word_1_239' title='bbox 128 2983 289 3053; x_wconf 71' lang='lat' dir='ltr'><strong>ipsum</strong></span> <span class='ocrx_word' id='word_1_240' title='bbox 314 2984 427 3038; x_wconf 86' lang='lat' dir='ltr'><strong>sibi</strong></span> <span class='ocrx_word' id='word_1_241' title='bbox 466 2995 655 3037; x_wconf 88' lang='lat' dir='ltr'><strong>creare</strong></span> <span class='ocrx_word' id='word_1_242' title='bbox 696 2978 982 3035; x_wconf 89' lang='lat' dir='ltr'><strong>tumultmn</strong></span> <span class='ocrx_word' id='word_1_243' title='bbox 1007 2984 1062 3033; x_wconf 91' lang='lat' dir='ltr'><strong>ct</strong></span> <span class='ocrx_word' id='word_1_244' title='bbox 1090 2973 1576 3047; x_wconf 80' lang='lat' dir='ltr'><strong>perturbationem,</strong></span> <span class='ocrx_word' id='word_1_245' title='bbox 1608 2968 1739 3025; x_wconf 88' lang='lat' dir='ltr'><strong>audi</strong></span> 
     </span>
    </p>
   </div>
   <div class='ocr_carea' id='block_1_30' title="bbox 128 3062 1732 3143">
    <p class='ocr_par' dir='ltr' id='par_1_30' title="bbox 128 3062 1732 3143">
     <span class='ocr_line' id='line_1_30' title="bbox 128 3062 1732 3143; baseline -0.011 -11"><span class='ocrx_word' id='word_1_246' title='bbox 128 3074 397 3143; x_wconf 76' lang='lat' dir='ltr'><strong>quomodo</strong></span> <span class='ocrx_word' id='word_1_247' title='bbox 429 3073 625 3129; x_wconf 84' lang='lat' dir='ltr'><strong>Paulus</strong></span> <span class='ocrx_word' id='word_1_248' title='bbox 657 3074 758 3127; x_wconf 91' lang='lat' dir='ltr'><strong>hoc</strong></span> <span class='ocrx_word' id='word_1_249' title='bbox 787 3071 1005 3141; x_wconf 81' lang='lat' dir='ltr'><strong>inquirit</strong></span> <span class='ocrx_word' id='word_1_250' title='bbox 1030 3112 1045 3136; x_wconf 97' lang='lat'><strong>,</strong></span> <span class='ocrx_word' id='word_1_251' title='bbox 1075 3082 1218 3123; x_wconf 89' lang='lat' dir='ltr'><strong>nunc</strong></span> <span class='ocrx_word' id='word_1_252' title='bbox 1260 3064 1476 3138; x_wconf 85' lang='lat' dir='ltr'><strong>quidem</strong></span> <span class='ocrx_word' id='word_1_253' title='bbox 1506 3062 1732 3118; x_wconf 89' lang='lat' dir='ltr'><strong>dicens:</strong></span> 
     </span>
    </p>
   </div>
   <div class='ocr_carea' id='block_1_31' title="bbox 135 3157 1736 3238">
    <p class='ocr_par' dir='ltr' id='par_1_31' title="bbox 135 3157 1736 3238">
     <span class='ocr_line' id='line_1_31' title="bbox 135 3157 1736 3238; baseline -0.006 -17"><span class='ocrx_word' id='word_1_254' title='bbox 135 3167 329 3223; x_wconf 73' lang='lat' dir='ltr'><strong>Etenim</strong></span> <span class='ocrx_word' id='word_1_255' title='bbox 378 3169 472 3238; x_wconf 82' lang='lat' dir='ltr'><strong>qui</strong></span> <span class='ocrx_word' id='word_1_256' title='bbox 497 3184 673 3222; x_wconf 77' lang='lat' dir='ltr'><strong>sumus</strong></span> <span class='ocrx_word' id='word_1_257' title='bbox 699 3167 752 3221; x_wconf 89' lang='lat' dir='ltr'><strong>in</strong></span> <span class='ocrx_word' id='word_1_258' title='bbox 798 3166 892 3220; x_wconf 84' lang='lat' dir='ltr'><strong>hoc</strong></span> <span class='ocrx_word' id='word_1_259' title='bbox 923 3162 1280 3226; x_wconf 81' lang='lat' dir='ltr'><strong>tabemaculo,</strong></span> <span class='ocrx_word' id='word_1_260' title='bbox 1318 3157 1736 3231; x_wconf 78' lang='lat' dir='ltr'><strong>ingemiscimus,</strong></span> 
     </span>
    </p>
   </div>
   <div class='ocr_carea' id='block_1_32' title="bbox 132 3247 1737 3331">
    <p class='ocr_par' dir='ltr' id='par_1_32' title="bbox 132 3247 1737 3331">
     <span class='ocr_line' id='line_1_32' title="bbox 132 3247 1737 3331; baseline -0.006 -21"><span class='ocrx_word' id='word_1_261' title='bbox 132 3259 457 3331; x_wconf 70' lang='lat' dir='ltr'><strong>adoptionem</strong></span> <span class='ocrx_word' id='word_1_262' title='bbox 480 3265 825 3329; x_wconf 68' lang='lat' dir='ltr'><strong>exspectantes</strong></span> <span class='ocrx_word' id='word_1_263' title='bbox 841 3298 856 3319; x_wconf 97' lang='lat'><strong>,</strong></span> <span class='ocrx_word' id='word_1_264' title='bbox 882 3254 1281 3324; x_wconf 82' lang='lat' dir='ltr'><strong>redemptionem</strong></span> <span class='ocrx_word' id='word_1_265' title='bbox 1305 3251 1535 3320; x_wconf 86' lang='lat' dir='ltr'><strong>corporis</strong></span> <span class='ocrx_word' id='word_1_266' title='bbox 1575 3247 1737 3303; x_wconf 83' lang='lat' dir='ltr'><strong>nostri</strong></span> 
     </span>
    </p>
   </div>
   <div class='ocr_carea' id='block_1_33' title="bbox 137 3346 1739 3421">
    <p class='ocr_par' dir='ltr' id='par_1_33' title="bbox 137 3346 1739 3421">
     <span class='ocr_line' id='line_1_33' title="bbox 137 3346 1739 3421; baseline -0.007 -14"><span class='ocrx_word' id='word_1_267' title='bbox 137 3352 435 3421; x_wconf 69' lang='lat' dir='ltr'><strong>(3.Csr.5.</strong></span> <span class='ocrx_word' id='word_1_268' title='bbox 481 3352 537 3408; x_wconf 78' lang='grc'><strong>4.</strong></span> <span class='ocrx_word' id='word_1_269' title='bbox 568 3350 722 3407; x_wconf 87' lang='lat' dir='ltr'><strong>Rom.</strong></span> <span class='ocrx_word' id='word_1_270' title='bbox 766 3351 820 3405; x_wconf 88' lang='lat'><strong>8.</strong></span> <span class='ocrx_word' id='word_1_271' title='bbox 847 3349 978 3420; x_wconf 72' lang='lat'><strong>23);</strong></span> <span class='ocrx_word' id='word_1_272' title='bbox 1022 3363 1164 3403; x_wconf 91' lang='lat' dir='ltr'><strong>nunc</strong></span> <span class='ocrx_word' id='word_1_273' title='bbox 1211 3358 1392 3401; x_wconf 84' lang='lat' dir='ltr'><strong>autem</strong></span> <span class='ocrx_word' id='word_1_274' title='bbox 1420 3346 1523 3400; x_wconf 87' lang='lat' dir='ltr'><strong>hoc</strong></span> <span class='ocrx_word' id='word_1_275' title='bbox 1564 3346 1739 3412; x_wconf 86' lang='lat' dir='ltr'><strong>ipsum</strong></span> 
     </span>
    </p>
   </div>
   <div class='ocr_carea' id='block_1_34' title="bbox 140 3435 1744 3516">
    <p class='ocr_par' dir='ltr' id='par_1_34' title="bbox 140 3435 1744 3516">
     <span class='ocr_line' id='line_1_34' title="bbox 140 3435 1744 3516; baseline -0.007 -18"><span class='ocrx_word' id='word_1_276' title='bbox 140 3444 258 3499; x_wconf 86' lang='lat' dir='ltr'><strong>alibi</strong></span> <span class='ocrx_word' id='word_1_277' title='bbox 282 3441 595 3516; x_wconf 81' lang='lat' dir='ltr'><strong>signiﬁcans</strong></span> <span class='ocrx_word' id='word_1_278' title='bbox 620 3460 635 3497; x_wconf 90' lang='lat'><strong>:</strong></span> <span class='ocrx_word' id='word_1_279' title='bbox 669 3440 776 3497; x_wconf 86' lang='lat' dir='ltr'><strong>Sed</strong></span> <span class='ocrx_word' id='word_1_280' title='bbox 795 3451 842 3495; x_wconf 83' lang='lat' dir='ltr'><strong>et</strong></span> <span class='ocrx_word' id='word_1_281' title='bbox 872 3441 916 3495; x_wconf 87' lang='lat' dir='ltr'><strong>si</strong></span> <span class='ocrx_word' id='word_1_282' title='bbox 941 3438 1177 3494; x_wconf 88' lang='lat' dir='ltr'><strong>immoler</strong></span> <span class='ocrx_word' id='word_1_283' title='bbox 1202 3447 1412 3509; x_wconf 85' lang='lat' dir='ltr'><strong>propter</strong></span> <span class='ocrx_word' id='word_1_284' title='bbox 1432 3435 1744 3504; x_wconf 79' lang='lat' dir='ltr'><strong>sacriﬁcium</strong></span> 
     </span>
    </p>
   </div>
   <div class='ocr_carea' id='block_1_35' title="bbox 140 3526 1745 3605">
    <p class='ocr_par' dir='ltr' id='par_1_35' title="bbox 140 3526 1745 3605">
     <span class='ocr_line' id='line_1_35' title="bbox 140 3526 1745 3605; baseline -0.006 -15"><span class='ocrx_word' id='word_1_285' title='bbox 140 3546 182 3590; x_wconf 85' lang='lat' dir='ltr'><strong>et</strong></span> <span class='ocrx_word' id='word_1_286' title='bbox 205 3537 544 3592; x_wconf 83' lang='lat' dir='ltr'><strong>ntinisterium</strong></span> <span class='ocrx_word' id='word_1_287' title='bbox 573 3533 694 3605; x_wconf 79' lang='lat' dir='ltr'><strong>ﬁdei</strong></span> <span class='ocrx_word' id='word_1_288' title='bbox 721 3542 932 3599; x_wconf 65' lang='lat' dir='ltr'><strong>vestra,</strong></span> <span class='ocrx_word' id='word_1_289' title='bbox 954 3531 1153 3604; x_wconf 78' lang='lat' dir='ltr'><strong>gaudeo</strong></span> <span class='ocrx_word' id='word_1_290' title='bbox 1182 3540 1229 3584; x_wconf 90' lang='lat' dir='ltr'><strong>et</strong></span> <span class='ocrx_word' id='word_1_291' title='bbox 1252 3528 1583 3601; x_wconf 84' lang='lat' dir='ltr'><strong>congratulor</strong></span> <span class='ocrx_word' id='word_1_292' title='bbox 1605 3526 1745 3582; x_wconf 81' lang='lat' dir='ltr'><strong>vobis</strong></span> 
     </span>
    </p>
   </div>
   <div class='ocr_carea' id='block_1_36' title="bbox 143 3610 1746 3697">
    <p class='ocr_par' dir='ltr' id='par_1_36' title="bbox 143 3610 1746 3697">
     <span class='ocr_line' id='line_1_36' title="bbox 143 3610 1746 3697; baseline -0.004 -20"><span class='ocrx_word' id='word_1_293' title='bbox 143 3628 389 3684; x_wconf 72' lang='lat' dir='ltr'><strong>omnibus.</strong></span> <span class='ocrx_word' id='word_1_294' title='bbox 421 3625 612 3681; x_wconf 82' lang='lat' dir='ltr'><strong>Itidem</strong></span> <span class='ocrx_word' id='word_1_295' title='bbox 638 3634 684 3680; x_wconf 87' lang='lat' dir='ltr'><strong>et</strong></span> <span class='ocrx_word' id='word_1_296' title='bbox 710 3640 797 3681; x_wconf 78' lang='lat' dir='ltr'><strong>eos</strong></span> <span class='ocrx_word' id='word_1_297' title='bbox 816 3625 1060 3697; x_wconf 84' lang='lat' dir='ltr'><strong>gaudete,</strong></span> <span class='ocrx_word' id='word_1_298' title='bbox 1092 3633 1138 3678; x_wconf 86' lang='lat' dir='ltr'><strong>et</strong></span> <span class='ocrx_word' id='word_1_299' title='bbox 1167 3621 1290 3676; x_wconf 78' lang='lat' dir='ltr'><strong>mihi</strong></span> <span class='ocrx_word' id='word_1_300' title='bbox 1317 3610 1746 3693; x_wconf 79' lang='lat' dir='ltr'><strong>congratulantini</strong></span> 
     </span>
    </p>
   </div>
   <div class='ocr_carea' id='block_1_37' title="bbox 148 3711 1750 3791">
    <p class='ocr_par' dir='ltr' id='par_1_37' title="bbox 148 3711 1750 3791">
     <span class='ocr_line' id='line_1_37' title="bbox 148 3711 1750 3791; baseline -0.004 -19"><span class='ocrx_word' id='word_1_301' title='bbox 148 3717 406 3791; x_wconf 75' lang='lat' dir='ltr'><strong>(Philipp.</strong></span> <span class='ocrx_word' id='word_1_302' title='bbox 433 3718 491 3774; x_wconf 75' lang='lat'><strong>2.</strong></span> <span class='ocrx_word' id='word_1_303' title='bbox 520 3719 609 3774; x_wconf 84' lang='grc'><strong>17.</strong></span> <span class='ocrx_word' id='word_1_304' title='bbox 640 3715 921 3791; x_wconf 75' lang='grc' dir='ltr'><strong>18).ριιοι1</strong></span> <span class='ocrx_word' id='word_1_305' title='bbox 952 3716 996 3772; x_wconf 83' lang='lat' dir='ltr'><strong>si</strong></span> <span class='ocrx_word' id='word_1_306' title='bbox 1029 3730 1175 3771; x_wconf 90' lang='lat' dir='ltr'><strong>mors</strong></span> <span class='ocrx_word' id='word_1_307' title='bbox 1202 3730 1308 3770; x_wconf 91' lang='lat' dir='ltr'><strong>non</strong></span> <span class='ocrx_word' id='word_1_308' title='bbox 1342 3711 1634 3767; x_wconf 16' lang='lat' dir='ltr'><strong>modosuon</strong></span> <span class='ocrx_word' id='word_1_309' title='bbox 1664 3718 1750 3766; x_wconf 90' lang='lat' dir='ltr'><strong>est</strong></span> 
     </span>
    </p>
   </div>
   <div class='ocr_carea' id='block_1_38' title="bbox 146 3802 1749 3878">
    <p class='ocr_par' dir='ltr' id='par_1_38' title="bbox 146 3802 1749 3878">
     <span class='ocr_line' id='line_1_38' title="bbox 146 3802 1749 3878; baseline -0.005 -14"><span class='ocrx_word' id='word_1_310' title='bbox 146 3811 350 3878; x_wconf 77' lang='lat' dir='ltr'><strong>gravis,</strong></span> <span class='ocrx_word' id='word_1_311' title='bbox 380 3809 476 3867; x_wconf 82' lang='lat' dir='ltr'><strong>sed</strong></span> <span class='ocrx_word' id='word_1_312' title='bbox 499 3808 658 3863; x_wconf 83' lang='lat' dir='ltr'><strong>etiam</strong></span> <span class='ocrx_word' id='word_1_313' title='bbox 687 3806 919 3878; x_wconf 86' lang='lat' dir='ltr'><strong>optanda</strong></span> <span class='ocrx_word' id='word_1_314' title='bbox 947 3807 1014 3862; x_wconf 90' lang='lat' dir='ltr'><strong>iis</strong></span> <span class='ocrx_word' id='word_1_315' title='bbox 1039 3805 1129 3878; x_wconf 90' lang='lat' dir='ltr'><strong>qui</strong></span> <span class='ocrx_word' id='word_1_316' title='bbox 1157 3816 1302 3861; x_wconf 88' lang='lat' dir='ltr'><strong>recte</strong></span> <span class='ocrx_word' id='word_1_317' title='bbox 1330 3804 1545 3869; x_wconf 86' lang='lat' dir='ltr'><strong>vivunt,</strong></span> <span class='ocrx_word' id='word_1_318' title='bbox 1578 3802 1749 3857; x_wconf 91' lang='lat' dir='ltr'><strong>multo</strong></span> 
     </span>
    </p>
   </div>
   <div class='ocr_carea' id='block_1_39' title="bbox 154 3898 1748 3977">
    <p class='ocr_par' dir='ltr' id='par_1_39' title="bbox 154 3898 1748 3977">
     <span class='ocr_line' id='line_1_39' title="bbox 154 3898 1748 3977; baseline -0.003 -21"><span class='ocrx_word' id='word_1_319' title='bbox 154 3902 318 3976; x_wconf 86' lang='lat' dir='ltr'><strong>magis</strong></span> <span class='ocrx_word' id='word_1_320' title='bbox 346 3910 634 3977; x_wconf 71' lang='lat' dir='ltr'><strong>paupertas</strong></span> <span class='ocrx_word' id='word_1_321' title='bbox 662 3910 717 3958; x_wconf 86' lang='lat' dir='ltr'><strong>et</strong></span> <span class='ocrx_word' id='word_1_322' title='bbox 736 3902 842 3956; x_wconf 86' lang='lat' dir='ltr'><strong>alia</strong></span> <span class='ocrx_word' id='word_1_323' title='bbox 871 3901 1072 3957; x_wconf 83' lang='lat' dir='ltr'><strong>omnia.</strong></span> <span class='ocrx_word' id='word_1_324' title='bbox 1097 3898 1366 3971; x_wconf 75' lang='lat' dir='ltr'><strong>Exquisita</strong></span> <span class='ocrx_word' id='word_1_325' title='bbox 1392 3899 1446 3952; x_wconf 84' lang='lat' dir='ltr'><strong>in</strong></span> <span class='ocrx_word' id='word_1_326' title='bbox 1467 3913 1641 3951; x_wconf 82' lang='lat' dir='ltr'><strong>omnes</strong></span> <span class='ocrx_word' id='word_1_327' title='bbox 1662 3912 1748 3951; x_wconf 84' lang='lat' dir='ltr'><strong>vo-</strong></span> 
     </span>
    </p>
   </div>
   <div class='ocr_carea' id='block_1_40' title="bbox 152 3989 1751 4062">
    <p class='ocr_par' dir='ltr' id='par_1_40' title="bbox 152 3989 1751 4062">
     <span class='ocr_line' id='line_1_40' title="bbox 152 3989 1751 4062; baseline -0.002 -16"><span class='ocrx_word' id='word_1_328' title='bbox 152 3994 365 4052; x_wconf 74' lang='lat' dir='ltr'><strong>luntates</strong></span> <span class='ocrx_word' id='word_1_329' title='bbox 390 3996 519 4062; x_wconf 75' lang='lat' dir='ltr'><strong>eius.</strong></span> <span class='ocrx_word' id='word_1_330' title='bbox 544 3996 691 4050; x_wconf 78' lang='lat' dir='ltr'><strong>Alius</strong></span> <span class='ocrx_word' id='word_1_331' title='bbox 708 4035 727 4059; x_wconf 93' lang='lat'><strong>,</strong></span> <span class='ocrx_word' id='word_1_332' title='bbox 752 3994 1028 4048; x_wconf 78' lang='lat' dir='ltr'><strong>Accurata.</strong></span> <span class='ocrx_word' id='word_1_333' title='bbox 1053 3992 1151 4047; x_wconf 88' lang='lat' dir='ltr'><strong>llic</strong></span> <span class='ocrx_word' id='word_1_334' title='bbox 1172 3991 1302 4046; x_wconf 90' lang='lat' dir='ltr'><strong>mihi</strong></span> <span class='ocrx_word' id='word_1_335' title='bbox 1332 3989 1546 4046; x_wconf 86' lang='lat' dir='ltr'><strong>videtur</strong></span> <span class='ocrx_word' id='word_1_336' title='bbox 1566 3989 1751 4044; x_wconf 88' lang='lat' dir='ltr'><strong>dicere</strong></span> 
     </span>
    </p>
   </div>
   <div class='ocr_carea' id='block_1_41' title="bbox 153 4083 1752 4157">
    <p class='ocr_par' dir='ltr' id='par_1_41' title="bbox 153 4083 1752 4157">
     <span class='ocr_line' id='line_1_41' title="bbox 153 4083 1752 4157; baseline -0.002 -19"><span class='ocrx_word' id='word_1_337' title='bbox 153 4084 216 4141; x_wconf 88' lang='lat' dir='ltr'><strong>de</strong></span> <span class='ocrx_word' id='word_1_338' title='bbox 255 4085 552 4153; x_wconf 73' lang='lat' dir='ltr'><strong>creaturis,</strong></span> <span class='ocrx_word' id='word_1_339' title='bbox 598 4086 899 4157; x_wconf 73' lang='lat' dir='ltr'><strong>prtedicans</strong></span> <span class='ocrx_word' id='word_1_340' title='bbox 948 4085 1039 4139; x_wconf 86' lang='lat' dir='ltr'><strong>Dei</strong></span> <span class='ocrx_word' id='word_1_341' title='bbox 1090 4083 1450 4155; x_wconf 83' lang='lat' dir='ltr'><strong>sapientiam:</strong></span> <span class='ocrx_word' id='word_1_342' title='bbox 1503 4083 1752 4151; x_wconf 86' lang='lat' dir='ltr'><strong>superius</strong></span> 
     </span>
    </p>
   </div>
   <div class='ocr_carea' id='block_1_42' title="bbox 155 4174 1755 4249">
    <p class='ocr_par' dir='ltr' id='par_1_42' title="bbox 155 4174 1755 4249">
     <span class='ocr_line' id='line_1_42' title="bbox 155 4174 1755 4249; baseline -0.002 -19"><span class='ocrx_word' id='word_1_343' title='bbox 155 4186 325 4233; x_wconf 88' lang='lat' dir='ltr'><strong>autem</strong></span> <span class='ocrx_word' id='word_1_344' title='bbox 354 4178 489 4233; x_wconf 84' lang='lat' dir='ltr'><strong>dixit</strong></span> <span class='ocrx_word' id='word_1_345' title='bbox 515 4193 675 4248; x_wconf 77' lang='lat' dir='ltr'><strong>apem</strong></span> <span class='ocrx_word' id='word_1_346' title='bbox 709 4176 947 4249; x_wconf 81' lang='lat' dir='ltr'><strong>(etiamsi</strong></span> <span class='ocrx_word' id='word_1_347' title='bbox 978 4192 1106 4241; x_wconf 85' lang='lat' dir='ltr'><strong>nos,</strong></span> <span class='ocrx_word' id='word_1_348' title='bbox 1139 4184 1359 4245; x_wconf 88' lang='lat' dir='ltr'><strong>propter</strong></span> <span class='ocrx_word' id='word_1_349' title='bbox 1386 4188 1481 4230; x_wconf 88' lang='lat' dir='ltr'><strong>eos</strong></span> <span class='ocrx_word' id='word_1_350' title='bbox 1504 4174 1595 4245; x_wconf 85' lang='lat' dir='ltr'><strong>qui</strong></span> <span class='ocrx_word' id='word_1_351' title='bbox 1628 4181 1755 4229; x_wconf 87' lang='lat' dir='ltr'><strong>sunt</strong></span> 
     </span>
    </p>
   </div>
   <div class='ocr_carea' id='block_1_43' title="bbox 157 4263 1754 4339">
    <p class='ocr_par' dir='ltr' id='par_1_43' title="bbox 157 4263 1754 4339">
     <span class='ocr_line' id='line_1_43' title="bbox 157 4263 1754 4339; baseline -0.003 -18"><span class='ocrx_word' id='word_1_352' title='bbox 157 4267 329 4336; x_wconf 84' lang='lat' dir='ltr'><strong>pusilli</strong></span> <span class='ocrx_word' id='word_1_353' title='bbox 359 4278 415 4324; x_wconf 91' lang='lat' dir='ltr'><strong>et</strong></span> <span class='ocrx_word' id='word_1_354' title='bbox 442 4268 633 4339; x_wconf 83' lang='lat' dir='ltr'><strong>ahjecti</strong></span> <span class='ocrx_word' id='word_1_355' title='bbox 665 4267 864 4334; x_wconf 90' lang='lat' dir='ltr'><strong>animi,</strong></span> <span class='ocrx_word' id='word_1_356' title='bbox 898 4268 1061 4322; x_wconf 88' lang='lat' dir='ltr'><strong>alium</strong></span> <span class='ocrx_word' id='word_1_357' title='bbox 1089 4280 1305 4338; x_wconf 89' lang='lat' dir='ltr'><strong>quoque</strong></span> <span class='ocrx_word' id='word_1_358' title='bbox 1331 4280 1550 4321; x_wconf 90' lang='lat' dir='ltr'><strong>sensum</strong></span> <span class='ocrx_word' id='word_1_359' title='bbox 1582 4265 1636 4319; x_wconf 92' lang='lat' dir='ltr'><strong>in</strong></span> <span class='ocrx_word' id='word_1_360' title='bbox 1669 4263 1754 4318; x_wconf 90' lang='lat' dir='ltr'><strong>his</strong></span> 
     </span>
    </p>
   </div>
   <div class='ocr_carea' id='block_1_44' title="bbox 157 4356 1758 4431">
    <p class='ocr_par' dir='ltr' id='par_1_44' title="bbox 157 4356 1758 4431">
     <span class='ocr_line' id='line_1_44' title="bbox 157 4356 1758 4431; baseline 0.001 -21"><span class='ocrx_word' id='word_1_361' title='bbox 157 4358 444 4431; x_wconf 73' lang='lat' dir='ltr'><strong>attigimus)</strong></span> <span class='ocrx_word' id='word_1_362' title='bbox 464 4400 479 4423; x_wconf 86' lang='lat'><strong>,</strong></span> <span class='ocrx_word' id='word_1_363' title='bbox 508 4358 766 4431; x_wconf 83' lang='lat' dir='ltr'><strong>prodigia,</strong></span> <span class='ocrx_word' id='word_1_364' title='bbox 784 4359 1042 4415; x_wconf 88' lang='lat' dir='ltr'><strong>miracula</strong></span> <span class='ocrx_word' id='word_1_365' title='bbox 1072 4373 1191 4429; x_wconf 60' lang='lat' dir='ltr'><strong>quae</strong></span> <span class='ocrx_word' id='word_1_366' title='bbox 1214 4372 1359 4429; x_wconf 69' lang='lat' dir='ltr'><strong>stepe</strong></span> <span class='ocrx_word' id='word_1_367' title='bbox 1385 4356 1635 4428; x_wconf 87' lang='lat' dir='ltr'><strong>perfecit,</strong></span> <span class='ocrx_word' id='word_1_368' title='bbox 1660 4356 1758 4412; x_wconf 84' lang='lat' dir='ltr'><strong>ho-</strong></span> 
     </span>
    </p>
   </div>
   <div class='ocr_carea' id='block_1_45' title="bbox 160 4451 1758 4526">
    <p class='ocr_par' dir='ltr' id='par_1_45' title="bbox 160 4451 1758 4526">
     <span class='ocr_line' id='line_1_45' title="bbox 160 4451 1758 4526; baseline -0.001 -19"><span class='ocrx_word' id='word_1_369' title='bbox 160 4453 354 4511; x_wconf 86' lang='lat' dir='ltr'><strong>minum</strong></span> <span class='ocrx_word' id='word_1_370' title='bbox 380 4469 551 4526; x_wconf 81' lang='lat' dir='ltr'><strong>genus</strong></span> <span class='ocrx_word' id='word_1_371' title='bbox 573 4454 975 4510; x_wconf 78' lang='lat' dir='ltr'><strong>adminiSIrans.</strong></span> <span class='ocrx_word' id='word_1_372' title='bbox 1005 4452 1143 4522; x_wconf 87' lang='lat' dir='ltr'><strong>Quid</strong></span> <span class='ocrx_word' id='word_1_373' title='bbox 1163 4462 1245 4510; x_wconf 88' lang='lat' dir='ltr'><strong>est</strong></span> <span class='ocrx_word' id='word_1_374' title='bbox 1265 4461 1468 4519; x_wconf 89' lang='lat' dir='ltr'><strong>autem,</strong></span> <span class='ocrx_word' id='word_1_375' title='bbox 1488 4451 1758 4524; x_wconf 72' lang='lat' dir='ltr'><strong>Exquisita</strong></span> 
     </span>
    </p>
   </div>
   <div class='ocr_carea' id='block_1_46' title="bbox 161 4543 1757 4617">
    <p class='ocr_par' dir='ltr' id='par_1_46' title="bbox 161 4543 1757 4617">
     <span class='ocr_line' id='line_1_46' title="bbox 161 4543 1757 4617; baseline 0.003 -22"><span class='ocrx_word' id='word_1_376' title='bbox 161 4543 210 4596; x_wconf 86' lang='lat' dir='ltr'><strong>in</strong></span> <span class='ocrx_word' id='word_1_377' title='bbox 234 4561 403 4602; x_wconf 80' lang='lat' dir='ltr'><strong>euntes</strong></span> <span class='ocrx_word' id='word_1_378' title='bbox 434 4546 712 4601; x_wconf 71' lang='lat' dir='ltr'><strong>voluntates</strong></span> <span class='ocrx_word' id='word_1_379' title='bbox 750 4547 903 4612; x_wconf 76' lang='lat' dir='ltr'><strong>eius?</strong></span> <span class='ocrx_word' id='word_1_380' title='bbox 921 4548 1195 4614; x_wconf 78' lang='lat' dir='ltr'><strong>Accurata,</strong></span> <span class='ocrx_word' id='word_1_381' title='bbox 1217 4546 1409 4617; x_wconf 89' lang='lat' dir='ltr'><strong>inquit,</strong></span> <span class='ocrx_word' id='word_1_382' title='bbox 1436 4545 1581 4601; x_wconf 84' lang='lat' dir='ltr'><strong>sicut</strong></span> <span class='ocrx_word' id='word_1_383' title='bbox 1594 4546 1757 4601; x_wconf 89' lang='lat' dir='ltr'><strong>etiam</strong></span> 
     </span>
    </p>
   </div>
   <div class='ocr_carea' id='block_1_47' title="bbox 162 4635 1761 4709">
    <p class='ocr_par' dir='ltr' id='par_1_47' title="bbox 162 4635 1761 4709">
     <span class='ocr_line' id='line_1_47' title="bbox 162 4635 1761 4709; baseline 0.003 -21"><span class='ocrx_word' id='word_1_384' title='bbox 162 4635 288 4692; x_wconf 85' lang='lat' dir='ltr'><strong>alius</strong></span> <span class='ocrx_word' id='word_1_385' title='bbox 302 4636 434 4694; x_wconf 88' lang='lat' dir='ltr'><strong>dicit</strong></span> <span class='ocrx_word' id='word_1_386' title='bbox 449 4638 730 4708; x_wconf 76' lang='lat' dir='ltr'><strong>interpres,</strong></span> <span class='ocrx_word' id='word_1_387' title='bbox 746 4647 1067 4708; x_wconf 62' lang='lat' dir='ltr'><strong>praeparata,</strong></span> <span class='ocrx_word' id='word_1_388' title='bbox 1090 4638 1344 4709; x_wconf 83' lang='lat' dir='ltr'><strong>perfecta,</strong></span> <span class='ocrx_word' id='word_1_389' title='bbox 1363 4637 1628 4705; x_wconf 87' lang='lat' dir='ltr'><strong>absoluta,</strong></span> <span class='ocrx_word' id='word_1_390' title='bbox 1650 4638 1761 4693; x_wconf 86' lang='lat' dir='ltr'><strong>suf-</strong></span> 
     </span>
    </p>
   </div>
   <div class='ocr_carea' id='block_1_48' title="bbox 165 4727 1763 4801">
    <p class='ocr_par' dir='ltr' id='par_1_48' title="bbox 165 4727 1763 4801">
     <span class='ocr_line' id='line_1_48' title="bbox 165 4727 1763 4801; baseline 0.003 -22"><span class='ocrx_word' id='word_1_391' title='bbox 165 4727 386 4784; x_wconf 78' lang='lat' dir='ltr'><strong>ﬁcientia</strong></span> <span class='ocrx_word' id='word_1_392' title='bbox 408 4729 477 4783; x_wconf 88' lang='lat' dir='ltr'><strong>ad</strong></span> <span class='ocrx_word' id='word_1_393' title='bbox 502 4729 618 4801; x_wconf 77' lang='lat' dir='ltr'><strong>ejus</strong></span> <span class='ocrx_word' id='word_1_394' title='bbox 643 4728 940 4786; x_wconf 80' lang='lat' dir='ltr'><strong>faciendam</strong></span> <span class='ocrx_word' id='word_1_395' title='bbox 967 4731 1317 4795; x_wconf 87' lang='lat' dir='ltr'><strong>voluntatem,</strong></span> <span class='ocrx_word' id='word_1_396' title='bbox 1335 4745 1457 4801; x_wconf 70' lang='lat' dir='ltr'><strong>qua:</strong></span> <span class='ocrx_word' id='word_1_397' title='bbox 1477 4731 1607 4786; x_wconf 88' lang='lat' dir='ltr'><strong>satis</strong></span> <span class='ocrx_word' id='word_1_398' title='bbox 1636 4740 1763 4786; x_wconf 89' lang='lat' dir='ltr'><strong>sunt</strong></span> 
     </span>
    </p>
   </div>
   <div class='ocr_carea' id='block_1_49' title="bbox 163 4818 1758 4901">
    <p class='ocr_par' dir='ltr' id='par_1_49' title="bbox 163 4818 1758 4901">
     <span class='ocr_line' id='line_1_49' title="bbox 163 4818 1758 4901; baseline 0.004 -31"><span class='ocrx_word' id='word_1_399' title='bbox 163 4818 225 4874; x_wconf 85' lang='lat' dir='ltr'><strong>ad</strong></span> <span class='ocrx_word' id='word_1_400' title='bbox 262 4820 381 4892; x_wconf 84' lang='lat' dir='ltr'><strong>ejus</strong></span> <span class='ocrx_word' id='word_1_401' title='bbox 416 4821 715 4901; x_wconf 80' lang='lat' dir='ltr'><strong>testandam</strong></span> <span class='ocrx_word' id='word_1_402' title='bbox 752 4823 1043 4893; x_wconf 84' lang='lat' dir='ltr'><strong>potentiam</strong></span> <span class='ocrx_word' id='word_1_403' title='bbox 1065 4863 1083 4890; x_wconf 95' lang='lat'><strong>,</strong></span> <span class='ocrx_word' id='word_1_404' title='bbox 1128 4839 1248 4893; x_wconf 68' lang='lat' dir='ltr'><strong>qua:</strong></span> <span class='ocrx_word' id='word_1_405' title='bbox 1294 4838 1396 4878; x_wconf 89' lang='lat' dir='ltr'><strong>nec</strong></span> <span class='ocrx_word' id='word_1_406' title='bbox 1432 4822 1758 4889; x_wconf 87' lang='lat' dir='ltr'><strong>claudicant,</strong></span> 
     </span>
    </p>
   </div>
   <div class='ocr_carea' id='block_1_50' title="bbox 168 4913 1761 4988">
    <p class='ocr_par' dir='ltr' id='par_1_50' title="bbox 168 4913 1761 4988">
     <span class='ocr_line' id='line_1_50' title="bbox 168 4913 1761 4988; baseline 0.004 -23"><span class='ocrx_word' id='word_1_407' title='bbox 168 4926 259 4969; x_wconf 82' lang='lat' dir='ltr'><strong>nec</strong></span> <span class='ocrx_word' id='word_1_408' title='bbox 284 4929 475 4969; x_wconf 87' lang='lat' dir='ltr'><strong>manca</strong></span> <span class='ocrx_word' id='word_1_409' title='bbox 504 4924 629 4970; x_wconf 91' lang='lat' dir='ltr'><strong>sunt</strong></span> <span class='ocrx_word' id='word_1_410' title='bbox 656 4914 722 4970; x_wconf 92' lang='lat' dir='ltr'><strong>ad</strong></span> <span class='ocrx_word' id='word_1_411' title='bbox 750 4915 900 4987; x_wconf 88' lang='lat' dir='ltr'><strong>jussa</strong></span> <span class='ocrx_word' id='word_1_412' title='bbox 927 4913 1045 4986; x_wconf 84' lang='lat' dir='ltr'><strong>ejus</strong></span> <span class='ocrx_word' id='word_1_413' title='bbox 1071 4916 1402 4988; x_wconf 75' lang='lat' dir='ltr'><strong>peragenda,</strong></span> <span class='ocrx_word' id='word_1_414' title='bbox 1434 4918 1572 4971; x_wconf 88' lang='lat' dir='ltr'><strong>sicut</strong></span> <span class='ocrx_word' id='word_1_415' title='bbox 1598 4918 1761 4973; x_wconf 85' lang='lat' dir='ltr'><strong>etiam</strong></span> 
     </span>
    </p>
   </div>
   <div class='ocr_carea' id='block_1_51' title="bbox 168 4996 1767 5075">
    <p class='ocr_par' dir='ltr' id='par_1_51' title="bbox 168 4996 1767 5075">
     <span class='ocr_line' id='line_1_51' title="bbox 168 4996 1767 5075; baseline 0.005 -26"><span class='ocrx_word' id='word_1_416' title='bbox 168 4996 289 5053; x_wconf 87' lang='lat' dir='ltr'><strong>dicit</strong></span> <span class='ocrx_word' id='word_1_417' title='bbox 307 4998 474 5053; x_wconf 82' lang='lat' dir='ltr'><strong>alibi:</strong></span> <span class='ocrx_word' id='word_1_418' title='bbox 507 4996 649 5069; x_wconf 82' lang='lat' dir='ltr'><strong>Ignis</strong></span> <span class='ocrx_word' id='word_1_419' title='bbox 669 5040 687 5067; x_wconf 92' lang='lat'><strong>,</strong></span> <span class='ocrx_word' id='word_1_420' title='bbox 717 5000 915 5071; x_wconf 83' lang='lat' dir='ltr'><strong>grando</strong></span> <span class='ocrx_word' id='word_1_421' title='bbox 937 5041 951 5065; x_wconf 96' lang='lat'><strong>,</strong></span> <span class='ocrx_word' id='word_1_422' title='bbox 986 5003 1078 5055; x_wconf 80' lang='lat' dir='ltr'><strong>nia:</strong></span> <span class='ocrx_word' id='word_1_423' title='bbox 1101 5043 1117 5066; x_wconf 96' lang='lat'><strong>,</strong></span> <span class='ocrx_word' id='word_1_424' title='bbox 1148 5003 1335 5073; x_wconf 82' lang='lat' dir='ltr'><strong>glacies</strong></span> <span class='ocrx_word' id='word_1_425' title='bbox 1356 5044 1370 5065; x_wconf 90' lang='lat'><strong>,</strong></span> <span class='ocrx_word' id='word_1_426' title='bbox 1404 5004 1615 5071; x_wconf 81' lang='lat' dir='ltr'><strong>spiritus</strong></span> <span class='ocrx_word' id='word_1_427' title='bbox 1646 5020 1767 5075; x_wconf 86' lang='lat' dir='ltr'><strong>pro-</strong></span> 
     </span>
    </p>
   </div>
   <div class='ocr_carea' id='block_1_52' title="bbox 170 5091 1766 5168">
    <p class='ocr_par' dir='ltr' id='par_1_52' title="bbox 170 5091 1766 5168">
     <span class='ocr_line' id='line_1_52' title="bbox 170 5091 1766 5168; baseline 0.004 -23"><span class='ocrx_word' id='word_1_428' title='bbox 170 5091 404 5146; x_wconf 69' lang='lat' dir='ltr'><strong>cellarum</strong></span> <span class='ocrx_word' id='word_1_429' title='bbox 426 5107 543 5164; x_wconf 71' lang='lat' dir='ltr'><strong>qua</strong></span> <span class='ocrx_word' id='word_1_430' title='bbox 568 5093 761 5163; x_wconf 79' lang='lat' dir='ltr'><strong>faciunt</strong></span> <span class='ocrx_word' id='word_1_431' title='bbox 791 5094 992 5148; x_wconf 81' lang='lat' dir='ltr'><strong>verbum</strong></span> <span class='ocrx_word' id='word_1_432' title='bbox 1024 5095 1135 5166; x_wconf 84' lang='lat' dir='ltr'><strong>ejus</strong></span> <span class='ocrx_word' id='word_1_433' title='bbox 1165 5092 1341 5165; x_wconf 85' lang='lat' dir='ltr'><strong>(Psal.</strong></span> <span class='ocrx_word' id='word_1_434' title='bbox 1376 5097 1497 5151; x_wconf 77' lang='lat' dir='ltr'><strong>M8.</strong></span> <span class='ocrx_word' id='word_1_435' title='bbox 1532 5095 1589 5168; x_wconf 90' lang='lat'><strong>8)</strong></span> <span class='ocrx_word' id='word_1_436' title='bbox 1616 5117 1631 5159; x_wconf 84' lang='lat'><strong>;</strong></span> <span class='ocrx_word' id='word_1_437' title='bbox 1662 5096 1766 5152; x_wconf 89' lang='lat' dir='ltr'><strong>hoc</strong></span> 
     </span>
    </p>
   </div>
   <div class='ocr_carea' id='block_1_53' title="bbox 171 5180 1768 5257">
    <p class='ocr_par' dir='ltr' id='par_1_53' title="bbox 171 5180 1768 5257">
     <span class='ocr_line' id='line_1_53' title="bbox 171 5180 1768 5257; baseline 0.004 -21"><span class='ocrx_word' id='word_1_438' title='bbox 171 5190 273 5249; x_wconf 81' lang='lat' dir='ltr'><strong>est,</strong></span> <span class='ocrx_word' id='word_1_439' title='bbox 306 5180 557 5255; x_wconf 79' lang='lat' dir='ltr'><strong>mandata</strong></span> <span class='ocrx_word' id='word_1_440' title='bbox 591 5181 729 5252; x_wconf 84' lang='lat' dir='ltr'><strong>ejus.</strong></span> <span class='ocrx_word' id='word_1_441' title='bbox 757 5182 831 5238; x_wconf 88' lang='lat' dir='ltr'><strong>ita</strong></span> <span class='ocrx_word' id='word_1_442' title='bbox 858 5186 1020 5241; x_wconf 86' lang='lat' dir='ltr'><strong>etiam</strong></span> <span class='ocrx_word' id='word_1_443' title='bbox 1047 5185 1263 5242; x_wconf 89' lang='lat' dir='ltr'><strong>dicebat</strong></span> <span class='ocrx_word' id='word_1_444' title='bbox 1289 5187 1589 5257; x_wconf 75' lang='lat' dir='ltr'><strong>preplicta:</strong></span> <span class='ocrx_word' id='word_1_445' title='bbox 1622 5186 1768 5243; x_wconf 80' lang='lat' dir='ltr'><strong>Fecit</strong></span> 
     </span>
    </p>
   </div>
   <div class='ocr_carea' id='block_1_54' title="bbox 174 5271 1769 5353">
    <p class='ocr_par' dir='ltr' id='par_1_54' title="bbox 174 5271 1769 5353">
     <span class='ocr_line' id='line_1_54' title="bbox 174 5271 1769 5353; baseline 0.007 -28"><span class='ocrx_word' id='word_1_446' title='bbox 174 5271 337 5329; x_wconf 73' lang='lat' dir='ltr'><strong>lunam</strong></span> <span class='ocrx_word' id='word_1_447' title='bbox 356 5275 410 5329; x_wconf 86' lang='lat' dir='ltr'><strong>in</strong></span> <span class='ocrx_word' id='word_1_448' title='bbox 431 5284 659 5346; x_wconf 75' lang='lat' dir='ltr'><strong>tempore</strong></span> <span class='ocrx_word' id='word_1_449' title='bbox 681 5290 701 5330; x_wconf 93' lang='lat'><strong>:</strong></span> <span class='ocrx_word' id='word_1_450' title='bbox 728 5277 807 5331; x_wconf 91' lang='lat' dir='ltr'><strong>sol</strong></span> <span class='ocrx_word' id='word_1_451' title='bbox 839 5280 1070 5349; x_wconf 78' lang='lat' dir='ltr'><strong>cognouit</strong></span> <span class='ocrx_word' id='word_1_452' title='bbox 1108 5295 1345 5334; x_wconf 77' lang='lat' dir='ltr'><strong>occasum</strong></span> <span class='ocrx_word' id='word_1_453' title='bbox 1370 5297 1520 5335; x_wconf 79' lang='lat' dir='ltr'><strong>suum</strong></span> <span class='ocrx_word' id='word_1_454' title='bbox 1545 5297 1562 5335; x_wconf 92' lang='lat'><strong>:</strong></span> <span class='ocrx_word' id='word_1_455' title='bbox 1594 5284 1769 5353; x_wconf 81' lang='lat' dir='ltr'><strong>posui-</strong></span> 
     </span>
    </p>
   </div>
   <div class='ocr_carea' id='block_1_55' title="bbox 172 5367 1768 5443">
    <p class='ocr_par' dir='ltr' id='par_1_55' title="bbox 172 5367 1768 5443">
     <span class='ocr_line' id='line_1_55' title="bbox 172 5367 1768 5443; baseline 0.008 -24"><span class='ocrx_word' id='word_1_456' title='bbox 172 5367 228 5421; x_wconf 86' lang='lat' dir='ltr'><strong>sti</strong></span> <span class='ocrx_word' id='word_1_457' title='bbox 247 5367 507 5435; x_wconf 74' lang='lat' dir='ltr'><strong>tenebras,</strong></span> <span class='ocrx_word' id='word_1_458' title='bbox 535 5378 582 5423; x_wconf 82' lang='lat' dir='ltr'><strong>et</strong></span> <span class='ocrx_word' id='word_1_459' title='bbox 612 5369 749 5438; x_wconf 78' lang='lat' dir='ltr'><strong>facta</strong></span> <span class='ocrx_word' id='word_1_460' title='bbox 787 5378 860 5424; x_wconf 85' lang='lat' dir='ltr'><strong>est</strong></span> <span class='ocrx_word' id='word_1_461' title='bbox 884 5386 988 5426; x_wconf 80' lang='lat' dir='ltr'><strong>nea:</strong></span> <span class='ocrx_word' id='word_1_462' title='bbox 1012 5369 1184 5441; x_wconf 85' lang='lat' dir='ltr'><strong>(Psal.</strong></span> <span class='ocrx_word' id='word_1_463' title='bbox 1215 5371 1341 5429; x_wconf 87' lang='grc'><strong>105.</strong></span> <span class='ocrx_word' id='word_1_464' title='bbox 1385 5374 1469 5431; x_wconf 81' lang='lat' dir='ltr'><strong>l9.</strong></span> <span class='ocrx_word' id='word_1_465' title='bbox 1504 5373 1619 5443; x_wconf 71' lang='lat'><strong>20).</strong></span> <span class='ocrx_word' id='word_1_466' title='bbox 1652 5374 1768 5431; x_wconf 88' lang='lat' dir='ltr'><strong>Non</strong></span> 
     </span>
    </p>
   </div>
   <div class='ocr_carea' id='block_1_56' title="bbox 173 5460 1769 5532">
    <p class='ocr_par' dir='ltr' id='par_1_56' title="bbox 173 5460 1769 5532">
     <span class='ocr_line' id='line_1_56' title="bbox 173 5460 1769 5532; baseline 0.007 -20"><span class='ocrx_word' id='word_1_467' title='bbox 173 5460 337 5515; x_wconf 88' lang='lat' dir='ltr'><strong>solum</strong></span> <span class='ocrx_word' id='word_1_468' title='bbox 358 5474 423 5516; x_wconf 88' lang='lat' dir='ltr'><strong>ea</strong></span> <span class='ocrx_word' id='word_1_469' title='bbox 448 5470 708 5531; x_wconf 81' lang='lat' dir='ltr'><strong>peragunt</strong></span> <span class='ocrx_word' id='word_1_470' title='bbox 726 5461 793 5516; x_wconf 86' lang='lat' dir='ltr'><strong>ad</strong></span> <span class='ocrx_word' id='word_1_471' title='bbox 816 5476 935 5532; x_wconf 70' lang='lat' dir='ltr'><strong>qua”:</strong></span> <span class='ocrx_word' id='word_1_472' title='bbox 954 5463 1245 5518; x_wconf 87' lang='lat' dir='ltr'><strong>constituta</strong></span> <span class='ocrx_word' id='word_1_473' title='bbox 1267 5475 1394 5520; x_wconf 88' lang='lat' dir='ltr'><strong>sunt</strong></span> <span class='ocrx_word' id='word_1_474' title='bbox 1418 5484 1433 5531; x_wconf 90' lang='lat'><strong>;</strong></span> <span class='ocrx_word' id='word_1_475' title='bbox 1456 5466 1550 5522; x_wconf 88' lang='lat' dir='ltr'><strong>sed</strong></span> <span class='ocrx_word' id='word_1_476' title='bbox 1573 5467 1769 5523; x_wconf 89' lang='lat' dir='ltr'><strong>etiam-</strong></span> 
     </span>
    </p>
   </div>
   <div class='ocr_carea' id='block_1_57' title="bbox 175 5547 1769 5624">
    <p class='ocr_par' dir='ltr' id='par_1_57' title="bbox 175 5547 1769 5624">
     <span class='ocr_line' id='line_1_57' title="bbox 175 5547 1769 5624; baseline 0.008 -24"><span class='ocrx_word' id='word_1_477' title='bbox 175 5547 215 5602; x_wconf 85' lang='lat' dir='ltr'><strong>si</strong></span> <span class='ocrx_word' id='word_1_478' title='bbox 236 5549 457 5619; x_wconf 81' lang='lat' dir='ltr'><strong>jusserit</strong></span> <span class='ocrx_word' id='word_1_479' title='bbox 482 5552 750 5606; x_wconf 75' lang='lat' dir='ltr'><strong>conitraria</strong></span> <span class='ocrx_word' id='word_1_480' title='bbox 769 5593 786 5619; x_wconf 93' lang='lat'><strong>,</strong></span> <span class='ocrx_word' id='word_1_481' title='bbox 816 5551 905 5607; x_wconf 84' lang='lat' dir='ltr'><strong>hic</strong></span> <span class='ocrx_word' id='word_1_482' title='bbox 929 5567 1143 5623; x_wconf 89' lang='lat' dir='ltr'><strong>quoque</strong></span> <span class='ocrx_word' id='word_1_483' title='bbox 1170 5569 1362 5624; x_wconf 84' lang='lat' dir='ltr'><strong>magna</strong></span> <span class='ocrx_word' id='word_1_484' title='bbox 1392 5565 1478 5612; x_wconf 90' lang='lat' dir='ltr'><strong>est</strong></span> <span class='ocrx_word' id='word_1_485' title='bbox 1503 5557 1769 5615; x_wconf 80' lang='lat' dir='ltr'><strong>obedien-</strong></span> 
     </span>
    </p>
   </div>
   <div class='ocr_carea' id='block_1_58' title="bbox 178 5638 1775 5725">
    <p class='ocr_par' dir='ltr' id='par_1_58' title="bbox 178 5638 1775 5725">
     <span class='ocr_line' id='line_1_58' title="bbox 178 5638 1775 5725; baseline 0.009 -30"><span class='ocrx_word' id='word_1_486' title='bbox 178 5638 259 5696; x_wconf 86' lang='lat' dir='ltr'><strong>tia.</strong></span> <span class='ocrx_word' id='word_1_487' title='bbox 294 5640 465 5698; x_wconf 71' lang='lat' dir='ltr'><strong>Iussit</strong></span> <span class='ocrx_word' id='word_1_488' title='bbox 506 5644 672 5713; x_wconf 85' lang='lat' dir='ltr'><strong>mari;</strong></span> <span class='ocrx_word' id='word_1_489' title='bbox 698 5654 756 5701; x_wconf 90' lang='lat' dir='ltr'><strong>ct</strong></span> <span class='ocrx_word' id='word_1_490' title='bbox 780 5661 886 5702; x_wconf 92' lang='lat' dir='ltr'><strong>non</strong></span> <span class='ocrx_word' id='word_1_491' title='bbox 920 5648 1093 5703; x_wconf 90' lang='lat' dir='ltr'><strong>solum</strong></span> <span class='ocrx_word' id='word_1_492' title='bbox 1117 5662 1224 5704; x_wconf 89' lang='lat' dir='ltr'><strong>non</strong></span> <span class='ocrx_word' id='word_1_493' title='bbox 1265 5649 1587 5719; x_wconf 86' lang='lat' dir='ltr'><strong>submersit,</strong></span> <span class='ocrx_word' id='word_1_494' title='bbox 1621 5652 1775 5725; x_wconf 89' lang='lat' dir='ltr'><strong>quod</strong></span> 
     </span>
    </p>
   </div>
   <div class='ocr_carea' id='block_1_59' title="bbox 175 5732 1769 5807">
    <p class='ocr_par' dir='ltr' id='par_1_59' title="bbox 175 5732 1769 5807">
     <span class='ocr_line' id='line_1_59' title="bbox 175 5732 1769 5807; baseline 0.007 -19"><span class='ocrx_word' id='word_1_495' title='bbox 175 5742 250 5788; x_wconf 85' lang='lat' dir='ltr'><strong>est</strong></span> <span class='ocrx_word' id='word_1_496' title='bbox 275 5732 394 5804; x_wconf 87' lang='lat' dir='ltr'><strong>ejus</strong></span> <span class='ocrx_word' id='word_1_497' title='bbox 423 5735 694 5806; x_wconf 81' lang='lat' dir='ltr'><strong>preprium</strong></span> <span class='ocrx_word' id='word_1_498' title='bbox 731 5736 1004 5807; x_wconf 82' lang='lat' dir='ltr'><strong>ofﬁcium,</strong></span> <span class='ocrx_word' id='word_1_499' title='bbox 1035 5738 1134 5795; x_wconf 88' lang='lat' dir='ltr'><strong>sed</strong></span> <span class='ocrx_word' id='word_1_500' title='bbox 1173 5740 1357 5797; x_wconf 89' lang='lat' dir='ltr'><strong>stratis</strong></span> <span class='ocrx_word' id='word_1_501' title='bbox 1381 5742 1495 5796; x_wconf 86' lang='lat' dir='ltr'><strong>suis</strong></span> <span class='ocrx_word' id='word_1_502' title='bbox 1520 5743 1769 5799; x_wconf 83' lang='lat' dir='ltr'><strong>ﬂuctibus</strong></span> 
     </span>
    </p>
   </div>
   <div class='ocr_carea' id='block_1_60' title="bbox 177 5829 1767 5909">
    <p class='ocr_par' dir='ltr' id='par_1_60' title="bbox 177 5829 1767 5909">
     <span class='ocr_line' id='line_1_60' title="bbox 177 5829 1767 5909; baseline 0.009 -28"><span class='ocrx_word' id='word_1_503' title='bbox 177 5829 252 5885; x_wconf 84' lang='lat' dir='ltr'><strong>vel</strong></span> <span class='ocrx_word' id='word_1_504' title='bbox 273 5837 423 5903; x_wconf 81' lang='lat' dir='ltr'><strong>petra</strong></span> <span class='ocrx_word' id='word_1_505' title='bbox 442 5829 646 5887; x_wconf 77' lang='lat' dir='ltr'><strong>ﬁrmius</strong></span> <span class='ocrx_word' id='word_1_506' title='bbox 664 5844 727 5887; x_wconf 89' lang='lat' dir='ltr'><strong>ac</strong></span> <span class='ocrx_word' id='word_1_507' title='bbox 752 5831 1014 5905; x_wconf 88' lang='lat' dir='ltr'><strong>stabilius,</strong></span> <span class='ocrx_word' id='word_1_508' title='bbox 1041 5832 1249 5906; x_wconf 85' lang='lat' dir='ltr'><strong>trajecit</strong></span> <span class='ocrx_word' id='word_1_509' title='bbox 1268 5837 1526 5909; x_wconf 86' lang='lat' dir='ltr'><strong>populum</strong></span> <span class='ocrx_word' id='word_1_510' title='bbox 1549 5836 1767 5896; x_wconf 70' lang='lat' dir='ltr'><strong>Judato-</strong></span> 
     </span>
    </p>
   </div>
   <div class='ocr_carea' id='block_1_61' title="bbox 3320 327 3427 385">
    <p class='ocr_par' dir='ltr' id='par_1_61' title="bbox 3320 327 3427 385">
     <span class='ocr_line' id='line_1_61' title="bbox 3320 327 3427 385; baseline 0 -1"><span class='ocrx_word' id='word_1_511' title='bbox 3320 327 3427 385; x_wconf 68' lang='grc'><strong>282</strong></span> 
     </span>
    </p>
   </div>
   <div class='ocr_carea' id='block_1_62' title="bbox 1808 444 3429 535">
    <p class='ocr_par' dir='ltr' id='par_1_62' title="bbox 1808 444 3429 535">
     <span class='ocr_line' id='line_1_62' title="bbox 1808 444 3429 535; baseline -0.017 -12"><span class='ocrx_word' id='word_1_512' title='bbox 1808 481 1929 523; x_wconf 85' lang='lat' dir='ltr'><strong>rum</strong></span> <span class='ocrx_word' id='word_1_513' title='bbox 1978 460 2180 535; x_wconf 77' lang='lat' dir='ltr'><strong>(Exod.</strong></span> <span class='ocrx_word' id='word_1_514' title='bbox 2211 459 2299 516; x_wconf 71' lang='lat' dir='ltr'><strong>ﬂ.</strong></span> <span class='ocrx_word' id='word_1_515' title='bbox 2323 456 2441 525; x_wconf 65' lang='grc' dir='ltr'><strong>ΞΩ).</strong></span> <span class='ocrx_word' id='word_1_516' title='bbox 2476 455 2690 510; x_wconf 78' lang='lat' dir='ltr'><strong>Fornax</strong></span> <span class='ocrx_word' id='word_1_517' title='bbox 2733 466 2839 507; x_wconf 85' lang='lat' dir='ltr'><strong>non</strong></span> <span class='ocrx_word' id='word_1_518' title='bbox 2863 447 3040 504; x_wconf 86' lang='lat' dir='ltr'><strong>solum</strong></span> <span class='ocrx_word' id='word_1_519' title='bbox 3070 460 3176 499; x_wconf 87' lang='lat' dir='ltr'><strong>non</strong></span> <span class='ocrx_word' id='word_1_520' title='bbox 3207 444 3429 510; x_wconf 82' lang='lat' dir='ltr'><strong>urebat,</strong></span> 
     </span>
    </p>
   </div>
   <div class='ocr_carea' id='block_1_63' title="bbox 1808 534 3430 621">
    <p class='ocr_par' dir='ltr' id='par_1_63' title="bbox 1808 534 3430 621">
     <span class='ocr_line' id='line_1_63' title="bbox 1808 534 3430 621; baseline -0.016 -6"><span class='ocrx_word' id='word_1_521' title='bbox 1808 557 1905 616; x_wconf 88' lang='lat' dir='ltr'><strong>sed</strong></span> <span class='ocrx_word' id='word_1_522' title='bbox 1939 534 2117 612; x_wconf 80' lang='lat' dir='ltr'><strong>ratem</strong></span> <span class='ocrx_word' id='word_1_523' title='bbox 2161 551 2325 608; x_wconf 83' lang='lat' dir='ltr'><strong>etiam</strong></span> <span class='ocrx_word' id='word_1_524' title='bbox 2352 546 2626 621; x_wconf 72' lang='lat' dir='ltr'><strong>prtebebat</strong></span> <span class='ocrx_word' id='word_1_525' title='bbox 2664 542 2971 600; x_wconf 87' lang='lat' dir='ltr'><strong>sibilantem</strong></span> <span class='ocrx_word' id='word_1_526' title='bbox 3014 537 3179 610; x_wconf 82' lang='lat' dir='ltr'><strong>(Dan.</strong></span> <span class='ocrx_word' id='word_1_527' title='bbox 3209 536 3266 593; x_wconf 66' lang='grc' dir='ltr'><strong>δ.</strong></span> <span class='ocrx_word' id='word_1_528' title='bbox 3313 534 3430 604; x_wconf 76' lang='lat' dir='ltr'><strong>si).</strong></span> 
     </span>
    </p>
   </div>
   <div class='ocr_carea' id='block_1_64' title="bbox 1810 625 3433 709">
    <p class='ocr_par' dir='ltr' id='par_1_64' title="bbox 1810 625 3433 709">
     <span class='ocr_line' id='line_1_64' title="bbox 1810 625 3433 709; baseline -0.017 0"><span class='ocrx_word' id='word_1_529' title='bbox 1810 652 1967 709; x_wconf 70' lang='lat' dir='ltr'><strong>Ferte</strong></span> <span class='ocrx_word' id='word_1_530' title='bbox 1995 664 2103 706; x_wconf 91' lang='lat' dir='ltr'><strong>non</strong></span> <span class='ocrx_word' id='word_1_531' title='bbox 2133 646 2309 703; x_wconf 89' lang='lat' dir='ltr'><strong>solum</strong></span> <span class='ocrx_word' id='word_1_532' title='bbox 2340 658 2449 700; x_wconf 90' lang='lat' dir='ltr'><strong>non</strong></span> <span class='ocrx_word' id='word_1_533' title='bbox 2475 640 2843 703; x_wconf 81' lang='lat' dir='ltr'><strong>devorabam,</strong></span> <span class='ocrx_word' id='word_1_534' title='bbox 2875 634 2971 690; x_wconf 89' lang='lat' dir='ltr'><strong>sed</strong></span> <span class='ocrx_word' id='word_1_535' title='bbox 3015 633 3177 689; x_wconf 87' lang='lat' dir='ltr'><strong>etiam</strong></span> <span class='ocrx_word' id='word_1_536' title='bbox 3221 625 3433 685; x_wconf 87' lang='lat' dir='ltr'><strong>Danieli</strong></span> 
     </span>
    </p>
   </div>
   <div class='ocr_carea' id='block_1_65' title="bbox 1810 721 3431 803">
    <p class='ocr_par' dir='ltr' id='par_1_65' title="bbox 1810 721 3431 803">
     <span class='ocr_line' id='line_1_65' title="bbox 1810 721 3431 803; baseline -0.018 -1"><span class='ocrx_word' id='word_1_537' title='bbox 1810 752 1968 802; x_wconf 83' lang='lat' dir='ltr'><strong>erant</strong></span> <span class='ocrx_word' id='word_1_538' title='bbox 2017 741 2140 798; x_wconf 91' lang='lat' dir='ltr'><strong>loco</strong></span> <span class='ocrx_word' id='word_1_539' title='bbox 2177 736 2474 795; x_wconf 81' lang='lat' dir='ltr'><strong>satellitum</strong></span> <span class='ocrx_word' id='word_1_540' title='bbox 2516 730 2631 803; x_wconf 82' lang='lat' dir='ltr'><strong>(Id.</strong></span> <span class='ocrx_word' id='word_1_541' title='bbox 2669 731 2723 787; x_wconf 85' lang='lat'><strong>5.</strong></span> <span class='ocrx_word' id='word_1_542' title='bbox 2914 725 3082 782; x_wconf 80' lang='lat' dir='ltr'><strong>Cetns</strong></span> <span class='ocrx_word' id='word_1_543' title='bbox 3113 738 3218 780; x_wconf 83' lang='lat' dir='ltr'><strong>non</strong></span> <span class='ocrx_word' id='word_1_544' title='bbox 3253 721 3431 776; x_wconf 85' lang='lat' dir='ltr'><strong>solum</strong></span> 
     </span>
    </p>
   </div>
   <div class='ocr_carea' id='block_1_66' title="bbox 1812 813 3432 898">
    <p class='ocr_par' dir='ltr' id='par_1_66' title="bbox 1812 813 3432 898">
     <span class='ocr_line' id='line_1_66' title="bbox 1812 813 3432 898; baseline -0.016 -6"><span class='ocrx_word' id='word_1_545' title='bbox 1812 851 1920 892; x_wconf 89' lang='lat' dir='ltr'><strong>non</strong></span> <span class='ocrx_word' id='word_1_546' title='bbox 1952 830 2280 898; x_wconf 83' lang='lat' dir='ltr'><strong>devorabat,</strong></span> <span class='ocrx_word' id='word_1_547' title='bbox 2312 827 2409 884; x_wconf 85' lang='lat' dir='ltr'><strong>sed</strong></span> <span class='ocrx_word' id='word_1_548' title='bbox 2438 826 2604 882; x_wconf 90' lang='lat' dir='ltr'><strong>etiam</strong></span> <span class='ocrx_word' id='word_1_549' title='bbox 2630 823 2839 880; x_wconf 82' lang='lat' dir='ltr'><strong>salvum</strong></span> <span class='ocrx_word' id='word_1_550' title='bbox 2870 816 3229 889; x_wconf 83' lang='lat' dir='ltr'><strong>conservabat</strong></span> <span class='ocrx_word' id='word_1_551' title='bbox 3259 813 3432 883; x_wconf 87' lang='lat' dir='ltr'><strong>depo-</strong></span> 
     </span>
    </p>
   </div>
   <div class='ocr_carea' id='block_1_67' title="bbox 1811 905 3433 997">
    <p class='ocr_par' dir='ltr' id='par_1_67' title="bbox 1811 905 3433 997">
     <span class='ocr_line' id='line_1_67' title="bbox 1811 905 3433 997; baseline -0.017 -12"><span class='ocrx_word' id='word_1_552' title='bbox 1811 928 1973 985; x_wconf 90' lang='lat' dir='ltr'><strong>situm</strong></span> <span class='ocrx_word' id='word_1_553' title='bbox 2000 924 2149 997; x_wconf 82' lang='lat' dir='ltr'><strong>(Jan.</strong></span> <span class='ocrx_word' id='word_1_554' title='bbox 2177 920 2260 995; x_wconf 67' lang='grc' dir='ltr'><strong>Ξ).</strong></span> <span class='ocrx_word' id='word_1_555' title='bbox 2291 920 2460 977; x_wconf 85' lang='lat' dir='ltr'><strong>Terra</strong></span> <span class='ocrx_word' id='word_1_556' title='bbox 2492 931 2602 973; x_wconf 90' lang='lat' dir='ltr'><strong>non</strong></span> <span class='ocrx_word' id='word_1_557' title='bbox 2629 915 2803 971; x_wconf 89' lang='lat' dir='ltr'><strong>solum</strong></span> <span class='ocrx_word' id='word_1_558' title='bbox 2837 927 2945 968; x_wconf 86' lang='lat' dir='ltr'><strong>non</strong></span> <span class='ocrx_word' id='word_1_559' title='bbox 2969 910 3120 971; x_wconf 83' lang='lat' dir='ltr'><strong>tulit,</strong></span> <span class='ocrx_word' id='word_1_560' title='bbox 3149 905 3245 963; x_wconf 85' lang='lat' dir='ltr'><strong>sed</strong></span> <span class='ocrx_word' id='word_1_561' title='bbox 3268 905 3433 961; x_wconf 86' lang='lat' dir='ltr'><strong>ctiam</strong></span> 
     </span>
    </p>
   </div>
   <div class='ocr_carea' id='block_1_68' title="bbox 1812 1004 3438 1079">
    <p class='ocr_par' dir='ltr' id='par_1_68' title="bbox 1812 1004 3438 1079">
     <span class='ocr_line' id='line_1_68' title="bbox 1812 1004 3438 1079; baseline -0.015 -2"><span class='ocrx_word' id='word_1_562' title='bbox 1812 1018 1950 1076; x_wconf 89' lang='lat' dir='ltr'><strong>mari</strong></span> <span class='ocrx_word' id='word_1_563' title='bbox 1980 1015 2355 1074; x_wconf 84' lang='lat' dir='ltr'><strong>vehementius</strong></span> <span class='ocrx_word' id='word_1_564' title='bbox 2380 1009 2709 1075; x_wconf 88' lang='lat' dir='ltr'><strong>submersit,</strong></span> <span class='ocrx_word' id='word_1_565' title='bbox 2755 1004 2973 1079; x_wconf 86' lang='lat' dir='ltr'><strong>quando</strong></span> <span class='ocrx_word' id='word_1_566' title='bbox 3015 1014 3202 1073; x_wconf 84' lang='lat' dir='ltr'><strong>aperta</strong></span> <span class='ocrx_word' id='word_1_567' title='bbox 3231 1008 3345 1065; x_wconf 83' lang='lat' dir='ltr'><strong>est,</strong></span> <span class='ocrx_word' id='word_1_568' title='bbox 3380 1006 3438 1054; x_wconf 90' lang='lat' dir='ltr'><strong>et</strong></span> 
     </span>
    </p>
   </div>
   <div class='ocr_carea' id='block_1_69' title="bbox 1812 1092 3435 1174">
    <p class='ocr_par' dir='ltr' id='par_1_69' title="bbox 1812 1092 3435 1174">
     <span class='ocr_line' id='line_1_69' title="bbox 1812 1092 3435 1174; baseline -0.014 -7"><span class='ocrx_word' id='word_1_569' title='bbox 1812 1110 2093 1169; x_wconf 81' lang='lat' dir='ltr'><strong>devoravit</strong></span> <span class='ocrx_word' id='word_1_570' title='bbox 2132 1106 2381 1174; x_wconf 69' lang='lat' dir='ltr'><strong>Dathan’,</strong></span> <span class='ocrx_word' id='word_1_571' title='bbox 2430 1114 2487 1160; x_wconf 88' lang='lat' dir='ltr'><strong>et</strong></span> <span class='ocrx_word' id='word_1_572' title='bbox 2524 1102 2706 1159; x_wconf 85' lang='lat' dir='ltr'><strong>obruit</strong></span> <span class='ocrx_word' id='word_1_573' title='bbox 2753 1114 2917 1171; x_wconf 83' lang='lat' dir='ltr'><strong>super</strong></span> <span class='ocrx_word' id='word_1_574' title='bbox 2959 1092 3435 1167; x_wconf 78' lang='lat' dir='ltr'><strong>congregationem</strong></span> 
     </span>
    </p>
   </div>
   <div class='ocr_carea' id='block_1_70' title="bbox 1816 1184 3437 1274">
    <p class='ocr_par' dir='ltr' id='par_1_70' title="bbox 1816 1184 3437 1274">
     <span class='ocr_line' id='line_1_70' title="bbox 1816 1184 3437 1274; baseline -0.015 -13"><span class='ocrx_word' id='word_1_575' title='bbox 1816 1204 2020 1261; x_wconf 80' lang='lat' dir='ltr'><strong>Abiron</strong></span> <span class='ocrx_word' id='word_1_576' title='bbox 2051 1199 2256 1274; x_wconf 79' lang='lat' dir='ltr'><strong>(Num.</strong></span> <span class='ocrx_word' id='word_1_577' title='bbox 2294 1198 2382 1253; x_wconf 81' lang='grc'><strong>16.</strong></span> <span class='ocrx_word' id='word_1_578' title='bbox 2410 1195 2516 1267; x_wconf 72' lang='grc'><strong>52)</strong></span> <span class='ocrx_word' id='word_1_579' title='bbox 2546 1212 2559 1248; x_wconf 93' lang='lat'><strong>:</strong></span> <span class='ocrx_word' id='word_1_580' title='bbox 2588 1204 2643 1251; x_wconf 87' lang='lat' dir='ltr'><strong>et</strong></span> <span class='ocrx_word' id='word_1_581' title='bbox 2674 1192 2840 1248; x_wconf 89' lang='lat' dir='ltr'><strong>multa</strong></span> <span class='ocrx_word' id='word_1_582' title='bbox 2870 1186 3137 1261; x_wconf 88' lang='lat' dir='ltr'><strong>ejusmodi</strong></span> <span class='ocrx_word' id='word_1_583' title='bbox 3165 1184 3271 1241; x_wconf 90' lang='lat' dir='ltr'><strong>alia</strong></span> <span class='ocrx_word' id='word_1_584' title='bbox 3302 1198 3437 1253; x_wconf 49' lang='lat' dir='ltr'><strong>pro:</strong></span> 
     </span>
    </p>
   </div>
   <div class='ocr_carea' id='block_1_71' title="bbox 1814 1276 3438 1369">
    <p class='ocr_par' dir='ltr' id='par_1_71' title="bbox 1814 1276 3438 1369">
     <span class='ocr_line' id='line_1_71' title="bbox 1814 1276 3438 1369; baseline -0.013 -16"><span class='ocrx_word' id='word_1_585' title='bbox 1814 1297 1960 1369; x_wconf 83' lang='lat' dir='ltr'><strong>digia</strong></span> <span class='ocrx_word' id='word_1_586' title='bbox 2003 1295 2061 1351; x_wconf 92' lang='lat' dir='ltr'><strong>in</strong></span> <span class='ocrx_word' id='word_1_587' title='bbox 2098 1293 2264 1351; x_wconf 88' lang='lat' dir='ltr'><strong>rebus</strong></span> <span class='ocrx_word' id='word_1_588' title='bbox 2299 1290 2499 1349; x_wconf 85' lang='lat' dir='ltr'><strong>creatis</strong></span> <span class='ocrx_word' id='word_1_589' title='bbox 2531 1288 2700 1351; x_wconf 81' lang='lat' dir='ltr'><strong>videri</strong></span> <span class='ocrx_word' id='word_1_590' title='bbox 2742 1292 2998 1358; x_wconf 88' lang='lat' dir='ltr'><strong>possunt;</strong></span> <span class='ocrx_word' id='word_1_591' title='bbox 3038 1290 3098 1338; x_wconf 89' lang='lat' dir='ltr'><strong>ut</strong></span> <span class='ocrx_word' id='word_1_592' title='bbox 3127 1279 3315 1337; x_wconf 73' lang='lat' dir='ltr'><strong>sciant</strong></span> <span class='ocrx_word' id='word_1_593' title='bbox 3346 1276 3438 1348; x_wconf 90' lang='lat' dir='ltr'><strong>qui</strong></span> 
     </span>
    </p>
   </div>
   <div class='ocr_carea' id='block_1_72' title="bbox 1816 1376 3439 1460">
    <p class='ocr_par' dir='ltr' id='par_1_72' title="bbox 1816 1376 3439 1460">
     <span class='ocr_line' id='line_1_72' title="bbox 1816 1376 3439 1460; baseline -0.014 -13"><span class='ocrx_word' id='word_1_594' title='bbox 1816 1391 1977 1446; x_wconf 86' lang='lat' dir='ltr'><strong>valde</strong></span> <span class='ocrx_word' id='word_1_595' title='bbox 2002 1388 2296 1460; x_wconf 77' lang='lat' dir='ltr'><strong>desipiunt,</strong></span> <span class='ocrx_word' id='word_1_596' title='bbox 2313 1394 2369 1442; x_wconf 88' lang='lat' dir='ltr'><strong>et</strong></span> <span class='ocrx_word' id='word_1_597' title='bbox 2388 1393 2641 1440; x_wconf 88' lang='lat' dir='ltr'><strong>naturam</strong></span> <span class='ocrx_word' id='word_1_598' title='bbox 2660 1384 2716 1439; x_wconf 90' lang='lat' dir='ltr'><strong>in</strong></span> <span class='ocrx_word' id='word_1_599' title='bbox 2747 1381 2885 1436; x_wconf 87' lang='lat' dir='ltr'><strong>Deos</strong></span> <span class='ocrx_word' id='word_1_600' title='bbox 2914 1376 3178 1439; x_wconf 79' lang='lat' dir='ltr'><strong>referunt,</strong></span> <span class='ocrx_word' id='word_1_601' title='bbox 3209 1388 3301 1430; x_wconf 87' lang='lat' dir='ltr'><strong>res</strong></span> <span class='ocrx_word' id='word_1_602' title='bbox 3329 1388 3439 1427; x_wconf 91' lang='lat' dir='ltr'><strong>non</strong></span> 
     </span>
    </p>
   </div>
   <div class='ocr_carea' id='block_1_73' title="bbox 1817 1468 3439 1557">
    <p class='ocr_par' dir='ltr' id='par_1_73' title="bbox 1817 1468 3439 1557">
     <span class='ocr_line' id='line_1_73' title="bbox 1817 1468 3439 1557; baseline -0.015 -16"><span class='ocrx_word' id='word_1_603' title='bbox 1817 1485 1903 1557; x_wconf 83' lang='lat' dir='ltr'><strong>agi</strong></span> <span class='ocrx_word' id='word_1_604' title='bbox 1932 1498 2027 1556; x_wconf 88' lang='lat' dir='ltr'><strong>per</strong></span> <span class='ocrx_word' id='word_1_605' title='bbox 2054 1490 2262 1539; x_wconf 67' lang='lat' dir='ltr'><strong>natura:</strong></span> <span class='ocrx_word' id='word_1_606' title='bbox 2289 1478 2628 1552; x_wconf 77' lang='lat' dir='ltr'><strong>tyrannidem</strong></span> <span class='ocrx_word' id='word_1_607' title='bbox 2648 1515 2666 1541; x_wconf 88' lang='lat'><strong>,</strong></span> <span class='ocrx_word' id='word_1_608' title='bbox 2710 1471 2805 1528; x_wconf 86' lang='lat' dir='ltr'><strong>sed</strong></span> <span class='ocrx_word' id='word_1_609' title='bbox 2847 1471 2941 1527; x_wconf 92' lang='lat' dir='ltr'><strong>Dei</strong></span> <span class='ocrx_word' id='word_1_610' title='bbox 2966 1468 3229 1526; x_wconf 79' lang='lat' dir='ltr'><strong>voluntati</strong></span> <span class='ocrx_word' id='word_1_611' title='bbox 3256 1469 3439 1522; x_wconf 84' lang='lat' dir='ltr'><strong>omnia</strong></span> 
     </span>
    </p>
   </div>
   <div class='ocr_carea' id='block_1_74' title="bbox 1819 1560 3445 1644">
    <p class='ocr_par' dir='ltr' id='par_1_74' title="bbox 1819 1560 3445 1644">
     <span class='ocr_line' id='line_1_74' title="bbox 1819 1560 3445 1644; baseline -0.013 -10"><span class='ocrx_word' id='word_1_612' title='bbox 1819 1576 2015 1634; x_wconf 88' lang='lat' dir='ltr'><strong>cedere</strong></span> <span class='ocrx_word' id='word_1_613' title='bbox 2040 1584 2096 1632; x_wconf 92' lang='lat' dir='ltr'><strong>ct</strong></span> <span class='ocrx_word' id='word_1_614' title='bbox 2116 1574 2513 1644; x_wconf 86' lang='lat' dir='ltr'><strong>obtemperare.</strong></span> <span class='ocrx_word' id='word_1_615' title='bbox 2543 1571 2616 1625; x_wconf 83' lang='lat' dir='ltr'><strong>Ea</strong></span> <span class='ocrx_word' id='word_1_616' title='bbox 2633 1568 2777 1624; x_wconf 89' lang='lat' dir='ltr'><strong>enim</strong></span> <span class='ocrx_word' id='word_1_617' title='bbox 2805 1574 2889 1622; x_wconf 81' lang='lat' dir='ltr'><strong>est</strong></span> <span class='ocrx_word' id='word_1_618' title='bbox 2908 1571 3115 1619; x_wconf 72' lang='lat' dir='ltr'><strong>natum</strong></span> <span class='ocrx_word' id='word_1_619' title='bbox 3135 1560 3315 1633; x_wconf 88' lang='lat' dir='ltr'><strong>opifex</strong></span> <span class='ocrx_word' id='word_1_620' title='bbox 3334 1600 3349 1623; x_wconf 88' lang='lat'><strong>,</strong></span> <span class='ocrx_word' id='word_1_621' title='bbox 3389 1566 3445 1613; x_wconf 84' lang='lat' dir='ltr'><strong>et</strong></span> 
     </span>
    </p>
   </div>
   <div class='ocr_carea' id='block_1_75' title="bbox 1822 1654 3440 1741">
    <p class='ocr_par' dir='ltr' id='par_1_75' title="bbox 1822 1654 3440 1741">
     <span class='ocr_line' id='line_1_75' title="bbox 1822 1654 3440 1741; baseline -0.013 -15"><span class='ocrx_word' id='word_1_622' title='bbox 1822 1678 1983 1741; x_wconf 84' lang='lat' dir='ltr'><strong>prout</strong></span> <span class='ocrx_word' id='word_1_623' title='bbox 2009 1667 2110 1739; x_wconf 88' lang='lat' dir='ltr'><strong>ipsi</strong></span> <span class='ocrx_word' id='word_1_624' title='bbox 2139 1666 2385 1734; x_wconf 86' lang='lat' dir='ltr'><strong>videtur,</strong></span> <span class='ocrx_word' id='word_1_625' title='bbox 2414 1663 2595 1718; x_wconf 89' lang='lat' dir='ltr'><strong>omnia</strong></span> <span class='ocrx_word' id='word_1_626' title='bbox 2626 1672 2981 1731; x_wconf 66' lang='lat' dir='ltr'><strong>quaecumque</strong></span> <span class='ocrx_word' id='word_1_627' title='bbox 3007 1663 3136 1713; x_wconf 88' lang='lat' dir='ltr'><strong>sunt</strong></span> <span class='ocrx_word' id='word_1_628' title='bbox 3159 1654 3440 1716; x_wconf 85' lang='lat' dir='ltr'><strong>immutat,</strong></span> 
     </span>
    </p>
   </div>
   <div class='ocr_carea' id='block_1_76' title="bbox 1824 1752 3444 1832">
    <p class='ocr_par' dir='ltr' id='par_1_76' title="bbox 1824 1752 3444 1832">
     <span class='ocr_line' id='line_1_76' title="bbox 1824 1752 3444 1832; baseline -0.013 -14"><span class='ocrx_word' id='word_1_629' title='bbox 1824 1778 1966 1818; x_wconf 89' lang='lat' dir='ltr'><strong>nunc</strong></span> <span class='ocrx_word' id='word_1_630' title='bbox 1992 1759 2212 1832; x_wconf 85' lang='lat' dir='ltr'><strong>quidem</strong></span> <span class='ocrx_word' id='word_1_631' title='bbox 2230 1755 2535 1813; x_wconf 86' lang='lat' dir='ltr'><strong>immobiles</strong></span> <span class='ocrx_word' id='word_1_632' title='bbox 2554 1767 2745 1809; x_wconf 87' lang='lat' dir='ltr'><strong>eorum</strong></span> <span class='ocrx_word' id='word_1_633' title='bbox 2772 1752 2908 1807; x_wconf 82' lang='lat' dir='ltr'><strong>lines</strong></span> <span class='ocrx_word' id='word_1_634' title='bbox 2924 1760 3278 1811; x_wconf 84' lang='lat' dir='ltr'><strong>conservans,</strong></span> <span class='ocrx_word' id='word_1_635' title='bbox 3300 1757 3444 1800; x_wconf 89' lang='lat' dir='ltr'><strong>nunc</strong></span> 
     </span>
    </p>
   </div>
   <div class='ocr_carea' id='block_1_77' title="bbox 1822 1841 3444 1920">
    <p class='ocr_par' dir='ltr' id='par_1_77' title="bbox 1822 1841 3444 1920">
     <span class='ocr_line' id='line_1_77' title="bbox 1822 1841 3444 1920; baseline -0.014 -10"><span class='ocrx_word' id='word_1_636' title='bbox 1822 1864 2024 1920; x_wconf 81' lang='lat' dir='ltr'><strong>autem,</strong></span> <span class='ocrx_word' id='word_1_637' title='bbox 2065 1866 2189 1908; x_wconf 87' lang='lat' dir='ltr'><strong>cum</strong></span> <span class='ocrx_word' id='word_1_638' title='bbox 2222 1848 2475 1913; x_wconf 88' lang='lat' dir='ltr'><strong>voluerit,</strong></span> <span class='ocrx_word' id='word_1_639' title='bbox 2493 1861 2591 1904; x_wconf 88' lang='lat' dir='ltr'><strong>eos</strong></span> <span class='ocrx_word' id='word_1_640' title='bbox 2614 1843 2769 1901; x_wconf 82' lang='lat' dir='ltr'><strong>facile</strong></span> <span class='ocrx_word' id='word_1_641' title='bbox 2786 1841 3120 1907; x_wconf 77' lang='lat' dir='ltr'><strong>convellens,</strong></span> <span class='ocrx_word' id='word_1_642' title='bbox 3146 1848 3204 1894; x_wconf 90' lang='lat' dir='ltr'><strong>ct</strong></span> <span class='ocrx_word' id='word_1_643' title='bbox 3226 1844 3444 1891; x_wconf 85' lang='lat' dir='ltr'><strong>mutans</strong></span> 
     </span>
    </p>
   </div>
   <div class='ocr_carea' id='block_1_78' title="bbox 1824 1928 3443 2011">
    <p class='ocr_par' dir='ltr' id='par_1_78' title="bbox 1824 1928 3443 2011">
     <span class='ocr_line' id='line_1_78' title="bbox 1824 1928 3443 2011; baseline -0.014 -9"><span class='ocrx_word' id='word_1_644' title='bbox 1824 1946 1879 2003; x_wconf 89' lang='lat' dir='ltr'><strong>in</strong></span> <span class='ocrx_word' id='word_1_645' title='bbox 1907 1943 2258 2001; x_wconf 88' lang='lat' dir='ltr'><strong>contrarium.</strong></span> <span class='ocrx_word' id='word_1_646' title='bbox 2292 1938 2563 2011; x_wconf 70' lang='lat' dir='ltr'><strong>Exquisita</strong></span> <span class='ocrx_word' id='word_1_647' title='bbox 2582 1936 2636 1992; x_wconf 92' lang='lat' dir='ltr'><strong>in</strong></span> <span class='ocrx_word' id='word_1_648' title='bbox 2661 1951 2835 1992; x_wconf 84' lang='lat' dir='ltr'><strong>omnes</strong></span> <span class='ocrx_word' id='word_1_649' title='bbox 2877 1934 3159 1990; x_wconf 77' lang='lat' dir='ltr'><strong>voluntates</strong></span> <span class='ocrx_word' id='word_1_650' title='bbox 3199 1931 3330 2000; x_wconf 85' lang='lat' dir='ltr'><strong>ejus.</strong></span> <span class='ocrx_word' id='word_1_651' title='bbox 3364 1928 3443 1981; x_wconf 80' lang='lat' dir='ltr'><strong>Ad</strong></span> 
     </span>
    </p>
   </div>
   <div class='ocr_carea' id='block_1_79' title="bbox 1827 2023 3444 2111">
    <p class='ocr_par' dir='ltr' id='par_1_79' title="bbox 1827 2023 3444 2111">
     <span class='ocr_line' id='line_1_79' title="bbox 1827 2023 3444 2111; baseline -0.014 -16"><span class='ocrx_word' id='word_1_652' title='bbox 1827 2045 2093 2111; x_wconf 62' lang='lat' dir='ltr'><strong>praeoptat</strong></span> <span class='ocrx_word' id='word_1_653' title='bbox 2110 2034 2249 2105; x_wconf 84' lang='lat' dir='ltr'><strong>ejus,</strong></span> <span class='ocrx_word' id='word_1_654' title='bbox 2272 2030 2465 2104; x_wconf 82' lang='lat' dir='ltr'><strong>inquit,</strong></span> <span class='ocrx_word' id='word_1_655' title='bbox 2491 2028 2561 2086; x_wconf 88' lang='lat' dir='ltr'><strong>ad</strong></span> <span class='ocrx_word' id='word_1_656' title='bbox 2578 2027 2830 2085; x_wconf 84' lang='lat' dir='ltr'><strong>mandata</strong></span> <span class='ocrx_word' id='word_1_657' title='bbox 2846 2026 2965 2098; x_wconf 85' lang='lat' dir='ltr'><strong>cjus</strong></span> <span class='ocrx_word' id='word_1_658' title='bbox 2984 2044 2996 2080; x_wconf 93' lang='lat'><strong>:</strong></span> <span class='ocrx_word' id='word_1_659' title='bbox 3019 2040 3126 2079; x_wconf 93' lang='lat' dir='ltr'><strong>non</strong></span> <span class='ocrx_word' id='word_1_660' title='bbox 3145 2023 3319 2078; x_wconf 89' lang='lat' dir='ltr'><strong>solum</strong></span> <span class='ocrx_word' id='word_1_661' title='bbox 3343 2035 3412 2073; x_wconf 85' lang='lat' dir='ltr'><strong>an</strong></span> <span class='ocrx_word' id='word_1_662' title='bbox 3425 2046 3444 2057; x_wconf 88' lang='lat'><em>-</em></span> 
     </span>
    </p>
   </div>
   <div class='ocr_carea' id='block_1_80' title="bbox 1828 2117 3448 2202">
    <p class='ocr_par' dir='ltr' id='par_1_80' title="bbox 1828 2117 3448 2202">
     <span class='ocr_line' id='line_1_80' title="bbox 1828 2117 3448 2202; baseline -0.012 -14"><span class='ocrx_word' id='word_1_663' title='bbox 1828 2141 1936 2188; x_wconf 90' lang='lat' dir='ltr'><strong>tem</strong></span> <span class='ocrx_word' id='word_1_664' title='bbox 1952 2131 2021 2188; x_wconf 87' lang='lat' dir='ltr'><strong>ad</strong></span> <span class='ocrx_word' id='word_1_665' title='bbox 2043 2136 2314 2202; x_wconf 49' lang='lat' dir='ltr'><strong>praecepta</strong></span> <span class='ocrx_word' id='word_1_666' title='bbox 2334 2128 2474 2198; x_wconf 84' lang='lat' dir='ltr'><strong>ejus,</strong></span> <span class='ocrx_word' id='word_1_667' title='bbox 2488 2125 2584 2184; x_wconf 83' lang='lat' dir='ltr'><strong>sed</strong></span> <span class='ocrx_word' id='word_1_668' title='bbox 2602 2134 2661 2182; x_wconf 90' lang='lat' dir='ltr'><strong>ut</strong></span> <span class='ocrx_word' id='word_1_669' title='bbox 2684 2124 2800 2195; x_wconf 83' lang='lat' dir='ltr'><strong>ipse</strong></span> <span class='ocrx_word' id='word_1_670' title='bbox 2823 2122 2985 2179; x_wconf 89' lang='lat' dir='ltr'><strong>etiam</strong></span> <span class='ocrx_word' id='word_1_671' title='bbox 3004 2126 3362 2190; x_wconf 76' lang='lat' dir='ltr'><strong>cognoscatur</strong></span> <span class='ocrx_word' id='word_1_672' title='bbox 3379 2117 3448 2170; x_wconf 89' lang='lat' dir='ltr'><strong>ab</strong></span> 
     </span>
    </p>
   </div>
   <div class='ocr_carea' id='block_1_81' title="bbox 1827 2209 3445 2293">
    <p class='ocr_par' dir='ltr' id='par_1_81' title="bbox 1827 2209 3445 2293">
     <span class='ocr_line' id='line_1_81' title="bbox 1827 2209 3445 2293; baseline -0.012 -13"><span class='ocrx_word' id='word_1_673' title='bbox 1827 2224 2140 2282; x_wconf 88' lang='lat' dir='ltr'><strong>hominibus</strong></span> <span class='ocrx_word' id='word_1_674' title='bbox 2157 2264 2176 2290; x_wconf 92' lang='lat'><strong>,</strong></span> <span class='ocrx_word' id='word_1_675' title='bbox 2203 2236 2326 2293; x_wconf 71' lang='lat' dir='ltr'><strong>qua:</strong></span> <span class='ocrx_word' id='word_1_676' title='bbox 2350 2218 2567 2291; x_wconf 86' lang='lat' dir='ltr'><strong>quidem</strong></span> <span class='ocrx_word' id='word_1_677' title='bbox 2588 2225 2675 2275; x_wconf 88' lang='lat' dir='ltr'><strong>est</strong></span> <span class='ocrx_word' id='word_1_678' title='bbox 2701 2213 3010 2288; x_wconf 85' lang='lat' dir='ltr'><strong>principalis</strong></span> <span class='ocrx_word' id='word_1_679' title='bbox 3034 2211 3153 2281; x_wconf 88' lang='lat' dir='ltr'><strong>ejus</strong></span> <span class='ocrx_word' id='word_1_680' title='bbox 3172 2209 3445 2287; x_wconf 80' lang='lat' dir='ltr'><strong>voluntas,</strong></span> 
     </span>
    </p>
   </div>
   <div class='ocr_carea' id='block_1_82' title="bbox 1829 2299 3452 2389">
    <p class='ocr_par' dir='ltr' id='par_1_82' title="bbox 1829 2299 3452 2389">
     <span class='ocr_line' id='line_1_82' title="bbox 1829 2299 3452 2389; baseline -0.013 -15"><span class='ocrx_word' id='word_1_681' title='bbox 1829 2327 1883 2374; x_wconf 93' lang='lat' dir='ltr'><strong>et</strong></span> <span class='ocrx_word' id='word_1_682' title='bbox 1905 2324 2125 2389; x_wconf 86' lang='lat' dir='ltr'><strong>propter</strong></span> <span class='ocrx_word' id='word_1_683' title='bbox 2149 2328 2315 2387; x_wconf 88' lang='lat' dir='ltr'><strong>quam</strong></span> <span class='ocrx_word' id='word_1_684' title='bbox 2341 2311 2461 2369; x_wconf 63' lang='lat' dir='ltr'><strong>hac</strong></span> <span class='ocrx_word' id='word_1_685' title='bbox 2485 2310 2720 2366; x_wconf 78' lang='lat' dir='ltr'><strong>maxime</strong></span> <span class='ocrx_word' id='word_1_686' title='bbox 2747 2306 2892 2364; x_wconf 86' lang='lat' dir='ltr'><strong>fecit.</strong></span> <span class='ocrx_word' id='word_1_687' title='bbox 2921 2303 3078 2375; x_wconf 83' lang='lat' dir='ltr'><strong>Quod</strong></span> <span class='ocrx_word' id='word_1_688' title='bbox 3109 2304 3291 2373; x_wconf 88' lang='lat' dir='ltr'><strong>itaque</strong></span> <span class='ocrx_word' id='word_1_689' title='bbox 3318 2299 3452 2356; x_wconf 87' lang='lat' dir='ltr'><strong>dicit</strong></span> 
     </span>
    </p>
   </div>
   <div class='ocr_carea' id='block_1_83' title="bbox 1830 2391 3452 2483">
    <p class='ocr_par' dir='ltr' id='par_1_83' title="bbox 1830 2391 3452 2483">
     <span class='ocr_line' id='line_1_83' title="bbox 1830 2391 3452 2483; baseline -0.013 -16"><span class='ocrx_word' id='word_1_690' title='bbox 1830 2410 2093 2483; x_wconf 84' lang='lat' dir='ltr'><strong>propheta</strong></span> <span class='ocrx_word' id='word_1_691' title='bbox 2114 2449 2129 2476; x_wconf 94' lang='lat'><strong>,</strong></span> <span class='ocrx_word' id='word_1_692' title='bbox 2160 2415 2248 2465; x_wconf 89' lang='lat' dir='ltr'><strong>est</strong></span> <span class='ocrx_word' id='word_1_693' title='bbox 2288 2404 2553 2478; x_wconf 88' lang='lat' dir='ltr'><strong>ejusmodi</strong></span> <span class='ocrx_word' id='word_1_694' title='bbox 2582 2421 2595 2457; x_wconf 92' lang='lat'><strong>:</strong></span> <span class='ocrx_word' id='word_1_695' title='bbox 2633 2401 2773 2458; x_wconf 89' lang='lat' dir='ltr'><strong>adeo</strong></span> <span class='ocrx_word' id='word_1_696' title='bbox 2810 2397 3051 2471; x_wconf 86' lang='lat' dir='ltr'><strong>perfecta</strong></span> <span class='ocrx_word' id='word_1_697' title='bbox 3094 2406 3224 2451; x_wconf 87' lang='lat' dir='ltr'><strong>sunt</strong></span> <span class='ocrx_word' id='word_1_698' title='bbox 3246 2435 3264 2461; x_wconf 93' lang='lat'><strong>,</strong></span> <span class='ocrx_word' id='word_1_699' title='bbox 3297 2402 3356 2448; x_wconf 92' lang='lat' dir='ltr'><strong>ut</strong></span> <span class='ocrx_word' id='word_1_700' title='bbox 3386 2391 3452 2448; x_wconf 83' lang='lat' dir='ltr'><strong>iis</strong></span> 
     </span>
    </p>
   </div>
   <div class='ocr_carea' id='block_1_84' title="bbox 1832 2484 3453 2574">
    <p class='ocr_par' dir='ltr' id='par_1_84' title="bbox 1832 2484 3453 2574">
     <span class='ocr_line' id='line_1_84' title="bbox 1832 2484 3453 2574; baseline -0.011 -16"><span class='ocrx_word' id='word_1_701' title='bbox 1832 2501 1925 2574; x_wconf 91' lang='lat' dir='ltr'><strong>qui</strong></span> <span class='ocrx_word' id='word_1_702' title='bbox 1950 2499 2238 2557; x_wconf 88' lang='lat' dir='ltr'><strong>attendunt</strong></span> <span class='ocrx_word' id='word_1_703' title='bbox 2273 2504 2329 2553; x_wconf 90' lang='lat' dir='ltr'><strong>et</strong></span> <span class='ocrx_word' id='word_1_704' title='bbox 2357 2496 2609 2568; x_wconf 90' lang='lat' dir='ltr'><strong>sapiunt,</strong></span> <span class='ocrx_word' id='word_1_705' title='bbox 2654 2490 3140 2565; x_wconf 87' lang='lat' dir='ltr'><strong>perfectissimam,</strong></span> <span class='ocrx_word' id='word_1_706' title='bbox 3172 2484 3453 2557; x_wconf 85' lang='lat' dir='ltr'><strong>apertissi-</strong></span> 
     </span>
    </p>
   </div>
   <div class='ocr_carea' id='block_1_85' title="bbox 1834 2579 3454 2664">
    <p class='ocr_par' dir='ltr' id='par_1_85' title="bbox 1834 2579 3454 2664">
     <span class='ocr_line' id='line_1_85' title="bbox 1834 2579 3454 2664; baseline -0.012 -11"><span class='ocrx_word' id='word_1_707' title='bbox 1834 2611 2012 2664; x_wconf 87' lang='lat' dir='ltr'><strong>mam,</strong></span> <span class='ocrx_word' id='word_1_708' title='bbox 2045 2603 2102 2651; x_wconf 91' lang='lat' dir='ltr'><strong>et</strong></span> <span class='ocrx_word' id='word_1_709' title='bbox 2127 2591 2586 2650; x_wconf 89' lang='lat' dir='ltr'><strong>evidentissimam</strong></span> <span class='ocrx_word' id='word_1_710' title='bbox 2634 2588 2727 2644; x_wconf 87' lang='lat' dir='ltr'><strong>Dei</strong></span> <span class='ocrx_word' id='word_1_711' title='bbox 2767 2584 3130 2656; x_wconf 80' lang='lat' dir='ltr'><strong>cognitionem</strong></span> <span class='ocrx_word' id='word_1_712' title='bbox 3174 2579 3454 2636; x_wconf 86' lang='lat' dir='ltr'><strong>hominum</strong></span> 
     </span>
    </p>
   </div>
   <div class='ocr_carea' id='block_1_86' title="bbox 1835 2671 3457 2749">
    <p class='ocr_par' dir='ltr' id='par_1_86' title="bbox 1835 2671 3457 2749">
     <span class='ocr_line' id='line_1_86' title="bbox 1835 2671 3457 2749; baseline -0.012 -4"><span class='ocrx_word' id='word_1_713' title='bbox 1835 2686 2002 2745; x_wconf 88' lang='lat' dir='ltr'><strong>menti</strong></span> <span class='ocrx_word' id='word_1_714' title='bbox 2043 2686 2292 2742; x_wconf 82' lang='lat' dir='ltr'><strong>all&#39;erant.</strong></span> <span class='ocrx_word' id='word_1_715' title='bbox 2324 2682 2411 2740; x_wconf 80' lang='lat' dir='ltr'><strong>Ad</strong></span> <span class='ocrx_word' id='word_1_716' title='bbox 2440 2683 2579 2737; x_wconf 89' lang='lat' dir='ltr'><strong>hanc</strong></span> <span class='ocrx_word' id='word_1_717' title='bbox 2602 2679 2747 2736; x_wconf 89' lang='lat' dir='ltr'><strong>enim</strong></span> <span class='ocrx_word' id='word_1_718' title='bbox 2779 2678 2899 2749; x_wconf 91' lang='lat' dir='ltr'><strong>ejus</strong></span> <span class='ocrx_word' id='word_1_719' title='bbox 2927 2674 3262 2732; x_wconf 85' lang='lat' dir='ltr'><strong>voluntatem</strong></span> <span class='ocrx_word' id='word_1_720' title='bbox 3289 2687 3354 2727; x_wconf 88' lang='lat' dir='ltr'><strong>ea</strong></span> <span class='ocrx_word' id='word_1_721' title='bbox 3386 2671 3457 2726; x_wconf 84' lang='lat' dir='ltr'><strong>ab</strong></span> 
     </span>
    </p>
   </div>
   <div class='ocr_carea' id='block_1_87' title="bbox 1837 2765 3454 2850">
    <p class='ocr_par' dir='ltr' id='par_1_87' title="bbox 1837 2765 3454 2850">
     <span class='ocr_line' id='line_1_87' title="bbox 1837 2765 3454 2850; baseline -0.011 -13"><span class='ocrx_word' id='word_1_722' title='bbox 1837 2781 1993 2837; x_wconf 90' lang='lat' dir='ltr'><strong>initio</strong></span> <span class='ocrx_word' id='word_1_723' title='bbox 2014 2780 2082 2837; x_wconf 91' lang='lat' dir='ltr'><strong>ab</strong></span> <span class='ocrx_word' id='word_1_724' title='bbox 2102 2780 2220 2850; x_wconf 91' lang='lat' dir='ltr'><strong>ipso</strong></span> <span class='ocrx_word' id='word_1_725' title='bbox 2241 2777 2478 2834; x_wconf 82' lang='lat' dir='ltr'><strong>maxime</strong></span> <span class='ocrx_word' id='word_1_726' title='bbox 2497 2775 2788 2832; x_wconf 89' lang='lat' dir='ltr'><strong>constituta</strong></span> <span class='ocrx_word' id='word_1_727' title='bbox 2813 2779 2959 2836; x_wconf 87' lang='lat' dir='ltr'><strong>sunt,</strong></span> <span class='ocrx_word' id='word_1_728' title='bbox 2983 2778 3043 2825; x_wconf 90' lang='lat' dir='ltr'><strong>ut</strong></span> <span class='ocrx_word' id='word_1_729' title='bbox 3058 2765 3454 2839; x_wconf 73' lang='lat' dir='ltr'><strong>magnitudine,</strong></span> 
     </span>
    </p>
   </div>
   <div class='ocr_carea' id='block_1_88' title="bbox 1839 2860 3458 2946">
    <p class='ocr_par' dir='ltr' id='par_1_88' title="bbox 1839 2860 3458 2946">
     <span class='ocr_line' id='line_1_88' title="bbox 1839 2860 3458 2946; baseline -0.012 -14"><span class='ocrx_word' id='word_1_730' title='bbox 1839 2872 2271 2946; x_wconf 88' lang='lat' dir='ltr'><strong>pulchritudine,</strong></span> <span class='ocrx_word' id='word_1_731' title='bbox 2302 2869 2580 2942; x_wconf 88' lang='lat' dir='ltr'><strong>positura,</strong></span> <span class='ocrx_word' id='word_1_732' title='bbox 2623 2867 2978 2940; x_wconf 88' lang='lat' dir='ltr'><strong>operatione,</strong></span> <span class='ocrx_word' id='word_1_733' title='bbox 3026 2860 3356 2929; x_wconf 71' lang='lat' dir='ltr'><strong>ministerio,</strong></span> <span class='ocrx_word' id='word_1_734' title='bbox 3405 2867 3458 2913; x_wconf 79' lang='lat' dir='ltr'><strong>et</strong></span> 
     </span>
    </p>
   </div>
   <div class='ocr_carea' id='block_1_89' title="bbox 1838 2960 3464 3032">
    <p class='ocr_par' dir='ltr' id='par_1_89' title="bbox 1838 2960 3464 3032">
     <span class='ocr_line' id='line_1_89' title="bbox 1838 2960 3464 3032; baseline -0.011 -11"><span class='ocrx_word' id='word_1_735' title='bbox 1838 2966 1961 3021; x_wconf 84' lang='lat' dir='ltr'><strong>aliis</strong></span> <span class='ocrx_word' id='word_1_736' title='bbox 1982 2965 2231 3021; x_wconf 88' lang='lat' dir='ltr'><strong>omnibus</strong></span> <span class='ocrx_word' id='word_1_737' title='bbox 2257 2963 2496 3019; x_wconf 85' lang='lat' dir='ltr'><strong>animum</strong></span> <span class='ocrx_word' id='word_1_738' title='bbox 2521 2960 2841 3032; x_wconf 87' lang='lat' dir='ltr'><strong>spectatoris</strong></span> <span class='ocrx_word' id='word_1_739' title='bbox 2866 2962 3275 3020; x_wconf 87' lang='lat' dir='ltr'><strong>commoveret,</strong></span> <span class='ocrx_word' id='word_1_740' title='bbox 3309 2965 3464 3007; x_wconf 85' lang='lat' dir='ltr'><strong>men-</strong></span> 
     </span>
    </p>
   </div>
   <div class='ocr_carea' id='block_1_90' title="bbox 1843 3046 3467 3131">
    <p class='ocr_par' dir='ltr' id='par_1_90' title="bbox 1843 3046 3467 3131">
     <span class='ocr_line' id='line_1_90' title="bbox 1843 3046 3467 3131; baseline -0.012 -15"><span class='ocrx_word' id='word_1_741' title='bbox 1843 3067 2061 3131; x_wconf 83' lang='lat' dir='ltr'><strong>temque</strong></span> <span class='ocrx_word' id='word_1_742' title='bbox 2101 3068 2159 3114; x_wconf 83' lang='lat' dir='ltr'><strong>et</strong></span> <span class='ocrx_word' id='word_1_743' title='bbox 2210 3054 2619 3128; x_wconf 72' lang='lat' dir='ltr'><strong>intelligentiam</strong></span> <span class='ocrx_word' id='word_1_744' title='bbox 2677 3052 2949 3109; x_wconf 88' lang='lat' dir='ltr'><strong>excitaret</strong></span> <span class='ocrx_word' id='word_1_745' title='bbox 2996 3047 3064 3102; x_wconf 89' lang='lat' dir='ltr'><strong>ad</strong></span> <span class='ocrx_word' id='word_1_746' title='bbox 3112 3046 3361 3117; x_wconf 83' lang='lat' dir='ltr'><strong>opificem</strong></span> <span class='ocrx_word' id='word_1_747' title='bbox 3410 3056 3467 3099; x_wconf 88' lang='lat' dir='ltr'><strong>et</strong></span> 
     </span>
    </p>
   </div>
   <div class='ocr_carea' id='block_1_91' title="bbox 1844 3138 3465 3224">
    <p class='ocr_par' dir='ltr' id='par_1_91' title="bbox 1844 3138 3465 3224">
     <span class='ocr_line' id='line_1_91' title="bbox 1844 3138 3465 3224; baseline -0.014 -13"><span class='ocrx_word' id='word_1_748' title='bbox 1844 3151 2347 3224; x_wconf 67' lang='lat' dir='ltr'><strong>praestantissimum</strong></span> <span class='ocrx_word' id='word_1_749' title='bbox 2400 3147 2664 3204; x_wconf 78' lang='lat' dir='ltr'><strong>artiﬁcem</strong></span> <span class='ocrx_word' id='word_1_750' title='bbox 2715 3145 2884 3202; x_wconf 89' lang='lat' dir='ltr'><strong>Deum</strong></span> <span class='ocrx_word' id='word_1_751' title='bbox 2941 3138 3359 3213; x_wconf 87' lang='lat' dir='ltr'><strong>inquirendum,</strong></span> <span class='ocrx_word' id='word_1_752' title='bbox 3412 3146 3465 3190; x_wconf 80' lang='lat' dir='ltr'><strong>et</strong></span> 
     </span>
    </p>
   </div>
   <div class='ocr_carea' id='block_1_92' title="bbox 1842 3236 3467 3314">
    <p class='ocr_par' dir='ltr' id='par_1_92' title="bbox 1842 3236 3467 3314">
     <span class='ocr_line' id='line_1_92' title="bbox 1842 3236 3467 3314; baseline -0.01 -11"><span class='ocrx_word' id='word_1_753' title='bbox 1842 3245 2178 3303; x_wconf 86' lang='lat' dir='ltr'><strong>adorandum</strong></span> <span class='ocrx_word' id='word_1_754' title='bbox 2198 3259 2324 3300; x_wconf 76' lang='lat' dir='ltr'><strong>etim</strong></span> <span class='ocrx_word' id='word_1_755' title='bbox 2350 3242 2444 3314; x_wconf 87' lang='lat' dir='ltr'><strong>qni</strong></span> <span class='ocrx_word' id='word_1_756' title='bbox 2466 3241 2556 3298; x_wconf 83' lang='lat' dir='ltr'><strong>illa</strong></span> <span class='ocrx_word' id='word_1_757' title='bbox 2583 3239 2806 3305; x_wconf 89' lang='lat' dir='ltr'><strong>fecerit,</strong></span> <span class='ocrx_word' id='word_1_758' title='bbox 2832 3245 2887 3292; x_wconf 89' lang='lat' dir='ltr'><strong>et</strong></span> <span class='ocrx_word' id='word_1_759' title='bbox 2915 3247 2974 3292; x_wconf 89' lang='lat' dir='ltr'><strong>ut</strong></span> <span class='ocrx_word' id='word_1_760' title='bbox 3002 3236 3315 3290; x_wconf 90' lang='lat' dir='ltr'><strong>universum</strong></span> <span class='ocrx_word' id='word_1_761' title='bbox 3343 3246 3467 3287; x_wconf 85' lang='lat' dir='ltr'><strong>cor-</strong></span> 
     </span>
    </p>
   </div>
   <div class='ocr_carea' id='block_1_93' title="bbox 1845 3325 3283 3410">
    <p class='ocr_par' dir='ltr' id='par_1_93' title="bbox 1845 3325 3283 3410">
     <span class='ocr_line' id='line_1_93' title="bbox 1845 3325 3283 3410; baseline -0.012 -15"><span class='ocrx_word' id='word_1_762' title='bbox 1845 3353 1948 3410; x_wconf 89' lang='lat' dir='ltr'><strong>pus</strong></span> <span class='ocrx_word' id='word_1_763' title='bbox 1975 3337 2138 3393; x_wconf 88' lang='lat' dir='ltr'><strong>totius</strong></span> <span class='ocrx_word' id='word_1_764' title='bbox 2168 3344 2433 3392; x_wconf 76' lang='lat' dir='ltr'><strong>creatura:</strong></span> <span class='ocrx_word' id='word_1_765' title='bbox 2455 3341 2603 3388; x_wconf 88' lang='lat' dir='ltr'><strong>esset</strong></span> <span class='ocrx_word' id='word_1_766' title='bbox 2628 3331 2679 3387; x_wconf 89' lang='lat' dir='ltr'><strong>ei</strong></span> <span class='ocrx_word' id='word_1_767' title='bbox 2710 3346 2806 3399; x_wconf 88' lang='lat' dir='ltr'><strong>pro</strong></span> <span class='ocrx_word' id='word_1_768' title='bbox 2831 3327 2983 3384; x_wconf 88' lang='lat' dir='ltr'><strong>libris</strong></span> <span class='ocrx_word' id='word_1_769' title='bbox 3004 3335 3059 3382; x_wconf 90' lang='lat' dir='ltr'><strong>et</strong></span> <span class='ocrx_word' id='word_1_770' title='bbox 3090 3325 3283 3381; x_wconf 86' lang='lat' dir='ltr'><strong>literis.</strong></span> 
     </span>
    </p>
   </div>
   <div class='ocr_carea' id='block_1_94' title="bbox 1919 3418 3470 3500">
    <p class='ocr_par' dir='ltr' id='par_1_94' title="bbox 1919 3418 3470 3500">
     <span class='ocr_line' id='line_1_94' title="bbox 1919 3418 3470 3500; baseline -0.012 -12"><span class='ocrx_word' id='word_1_771' title='bbox 1919 3433 1974 3488; x_wconf 89' lang='grc'><strong>5.</strong></span> <span class='ocrx_word' id='word_1_772' title='bbox 2008 3428 2382 3500; x_wconf 80' lang='lat' dir='ltr'><strong>Contemplatio</strong></span> <span class='ocrx_word' id='word_1_773' title='bbox 2398 3437 2751 3481; x_wconf 85' lang='lat' dir='ltr'><strong>creaturarum</strong></span> <span class='ocrx_word' id='word_1_774' title='bbox 2775 3420 2935 3477; x_wconf 85' lang='lat' dir='ltr'><strong>utilis.</strong></span> <span class='ocrx_word' id='word_1_775' title='bbox 2954 3450 3029 3462; x_wconf 90' lang='lat'><strong>—</strong></span> <span class='ocrx_word' id='word_1_776' title='bbox 3044 3420 3158 3475; x_wconf 87' lang='lat' dir='ltr'><strong>Non</strong></span> <span class='ocrx_word' id='word_1_777' title='bbox 3181 3418 3356 3473; x_wconf 89' lang='lat' dir='ltr'><strong>solum</strong></span> <span class='ocrx_word' id='word_1_778' title='bbox 3376 3431 3470 3471; x_wconf 88' lang='lat' dir='ltr'><strong>au-</strong></span> 
     </span>
    </p>
   </div>
   <div class='ocr_carea' id='block_1_95' title="bbox 1852 3508 3469 3591">
    <p class='ocr_par' dir='ltr' id='par_1_95' title="bbox 1852 3508 3469 3591">
     <span class='ocr_line' id='line_1_95' title="bbox 1852 3508 3469 3591; baseline -0.012 -10"><span class='ocrx_word' id='word_1_779' title='bbox 1852 3536 1961 3581; x_wconf 89' lang='lat' dir='ltr'><strong>tem</strong></span> <span class='ocrx_word' id='word_1_780' title='bbox 1986 3522 2054 3579; x_wconf 90' lang='lat' dir='ltr'><strong>ad</strong></span> <span class='ocrx_word' id='word_1_781' title='bbox 2074 3522 2168 3577; x_wconf 88' lang='lat' dir='ltr'><strong>Dei</strong></span> <span class='ocrx_word' id='word_1_782' title='bbox 2191 3518 2580 3591; x_wconf 90' lang='lat' dir='ltr'><strong>cognitionem,</strong></span> <span class='ocrx_word' id='word_1_783' title='bbox 2603 3516 2698 3571; x_wconf 89' lang='lat' dir='ltr'><strong>sed</strong></span> <span class='ocrx_word' id='word_1_784' title='bbox 2726 3516 2888 3571; x_wconf 91' lang='lat' dir='ltr'><strong>etiam</strong></span> <span class='ocrx_word' id='word_1_785' title='bbox 2911 3511 2977 3567; x_wconf 91' lang='lat' dir='ltr'><strong>ad</strong></span> <span class='ocrx_word' id='word_1_786' title='bbox 3003 3513 3129 3566; x_wconf 77' lang='lat' dir='ltr'><strong>vita:</strong></span> <span class='ocrx_word' id='word_1_787' title='bbox 3154 3518 3355 3566; x_wconf 80' lang='lat' dir='ltr'><strong>nostra:</strong></span> <span class='ocrx_word' id='word_1_788' title='bbox 3384 3508 3469 3563; x_wconf 80' lang='lat' dir='ltr'><strong>in-</strong></span> 
     </span>
    </p>
   </div>
   <div class='ocr_carea' id='block_1_96' title="bbox 1850 3606 3466 3680">
    <p class='ocr_par' dir='ltr' id='par_1_96' title="bbox 1850 3606 3466 3680">
     <span class='ocr_line' id='line_1_96' title="bbox 1850 3606 3466 3680; baseline -0.014 -6"><span class='ocrx_word' id='word_1_789' title='bbox 1850 3617 2184 3674; x_wconf 88' lang='lat' dir='ltr'><strong>stitutionem</strong></span> <span class='ocrx_word' id='word_1_790' title='bbox 2206 3655 2222 3680; x_wconf 96' lang='lat'><strong>,</strong></span> <span class='ocrx_word' id='word_1_791' title='bbox 2260 3610 2552 3669; x_wconf 82' lang='lat' dir='ltr'><strong>maximam</strong></span> <span class='ocrx_word' id='word_1_792' title='bbox 2579 3608 2812 3664; x_wconf 71' lang='lat' dir='ltr'><strong>aﬂcrunt</strong></span> <span class='ocrx_word' id='word_1_793' title='bbox 2844 3606 3148 3663; x_wconf 90' lang='lat' dir='ltr'><strong>doctrinam</strong></span> <span class='ocrx_word' id='word_1_794' title='bbox 3178 3610 3466 3659; x_wconf 58' lang='lat' dir='ltr'><strong>creaturae.</strong></span> 
     </span>
    </p>
   </div>
   <div class='ocr_carea' id='block_1_97' title="bbox 1852 3696 3473 3776">
    <p class='ocr_par' dir='ltr' id='par_1_97' title="bbox 1852 3696 3473 3776">
     <span class='ocr_line' id='line_1_97' title="bbox 1852 3696 3473 3776; baseline -0.011 -10"><span class='ocrx_word' id='word_1_795' title='bbox 1852 3709 1987 3766; x_wconf 84' lang='lat' dir='ltr'><strong>Nam</strong></span> <span class='ocrx_word' id='word_1_796' title='bbox 2016 3717 2083 3765; x_wconf 84' lang='lat' dir='ltr'><strong>et</strong></span> <span class='ocrx_word' id='word_1_797' title='bbox 2098 3722 2294 3763; x_wconf 87' lang='lat' dir='ltr'><strong>avarus</strong></span> <span class='ocrx_word' id='word_1_798' title='bbox 2325 3714 2613 3776; x_wconf 89' lang='lat' dir='ltr'><strong>postquam</strong></span> <span class='ocrx_word' id='word_1_799' title='bbox 2657 3701 2854 3756; x_wconf 87' lang='lat' dir='ltr'><strong>viderit</strong></span> <span class='ocrx_word' id='word_1_800' title='bbox 2896 3698 3041 3754; x_wconf 87' lang='lat' dir='ltr'><strong>diem</strong></span> <span class='ocrx_word' id='word_1_801' title='bbox 3084 3697 3228 3753; x_wconf 92' lang='lat' dir='ltr'><strong>nocti</strong></span> <span class='ocrx_word' id='word_1_802' title='bbox 3269 3696 3473 3751; x_wconf 87' lang='lat' dir='ltr'><strong>ceden-</strong></span> 
     </span>
    </p>
   </div>
   <div class='ocr_carea' id='block_1_98' title="bbox 1855 3786 3475 3869">
    <p class='ocr_par' dir='ltr' id='par_1_98' title="bbox 1855 3786 3475 3869">
     <span class='ocr_line' id='line_1_98' title="bbox 1855 3786 3475 3869; baseline -0.011 -11"><span class='ocrx_word' id='word_1_803' title='bbox 1855 3810 1988 3869; x_wconf 89' lang='lat' dir='ltr'><strong>tem,</strong></span> <span class='ocrx_word' id='word_1_804' title='bbox 2017 3809 2075 3856; x_wconf 91' lang='lat' dir='ltr'><strong>et</strong></span> <span class='ocrx_word' id='word_1_805' title='bbox 2097 3799 2268 3855; x_wconf 87' lang='lat' dir='ltr'><strong>solem</strong></span> <span class='ocrx_word' id='word_1_806' title='bbox 2313 3797 2479 3863; x_wconf 84' lang='lat' dir='ltr'><strong>lunae,</strong></span> <span class='ocrx_word' id='word_1_807' title='bbox 2521 3794 2860 3851; x_wconf 86' lang='lat' dir='ltr'><strong>reverehitur</strong></span> <span class='ocrx_word' id='word_1_808' title='bbox 2890 3792 3282 3847; x_wconf 80' lang='lat' dir='ltr'><strong>elementorum</strong></span> <span class='ocrx_word' id='word_1_809' title='bbox 3323 3786 3475 3842; x_wconf 88' lang='lat' dir='ltr'><strong>ordi-</strong></span> 
     </span>
    </p>
   </div>
   <div class='ocr_carea' id='block_1_99' title="bbox 1856 3882 3473 3960">
    <p class='ocr_par' dir='ltr' id='par_1_99' title="bbox 1856 3882 3473 3960">
     <span class='ocr_line' id='line_1_99' title="bbox 1856 3882 3473 3960; baseline -0.009 -11"><span class='ocrx_word' id='word_1_810' title='bbox 1856 3907 1980 3949; x_wconf 90' lang='lat' dir='ltr'><strong>nem</strong></span> <span class='ocrx_word' id='word_1_811' title='bbox 2007 3909 2022 3947; x_wconf 91' lang='lat'><strong>:</strong></span> <span class='ocrx_word' id='word_1_812' title='bbox 2049 3899 2108 3948; x_wconf 88' lang='lat' dir='ltr'><strong>et</strong></span> <span class='ocrx_word' id='word_1_813' title='bbox 2132 3890 2176 3946; x_wconf 92' lang='lat' dir='ltr'><strong>si</strong></span> <span class='ocrx_word' id='word_1_814' title='bbox 2204 3890 2277 3945; x_wconf 91' lang='lat' dir='ltr'><strong>sit</strong></span> <span class='ocrx_word' id='word_1_815' title='bbox 2302 3888 2597 3960; x_wconf 79' lang='lat' dir='ltr'><strong>potentior,</strong></span> <span class='ocrx_word' id='word_1_816' title='bbox 2626 3900 2715 3941; x_wconf 89' lang='lat' dir='ltr'><strong>res</strong></span> <span class='ocrx_word' id='word_1_817' title='bbox 2742 3883 3057 3941; x_wconf 87' lang='lat' dir='ltr'><strong>inferiorum</strong></span> <span class='ocrx_word' id='word_1_818' title='bbox 3084 3882 3308 3937; x_wconf 86' lang='lat' dir='ltr'><strong>minime</strong></span> <span class='ocrx_word' id='word_1_819' title='bbox 3337 3895 3473 3936; x_wconf 87' lang='lat' dir='ltr'><strong>con-</strong></span> 
     </span>
    </p>
   </div>
   <div class='ocr_carea' id='block_1_100' title="bbox 1856 3972 3478 4057">
    <p class='ocr_par' dir='ltr' id='par_1_100' title="bbox 1856 3972 3478 4057">
     <span class='ocr_line' id='line_1_100' title="bbox 1856 3972 3478 4057; baseline -0.012 -13"><span class='ocrx_word' id='word_1_820' title='bbox 1856 3983 2136 4057; x_wconf 87' lang='lat' dir='ltr'><strong>cupiscet;</strong></span> <span class='ocrx_word' id='word_1_821' title='bbox 2169 3990 2227 4040; x_wconf 89' lang='lat' dir='ltr'><strong>et</strong></span> <span class='ocrx_word' id='word_1_822' title='bbox 2255 3981 2468 4038; x_wconf 79' lang='lat' dir='ltr'><strong>adulter</strong></span> <span class='ocrx_word' id='word_1_823' title='bbox 2493 3989 2551 4036; x_wconf 89' lang='lat' dir='ltr'><strong>et</strong></span> <span class='ocrx_word' id='word_1_824' title='bbox 2576 3978 2939 4040; x_wconf 89' lang='lat' dir='ltr'><strong>incontinens,</strong></span> <span class='ocrx_word' id='word_1_825' title='bbox 2964 3986 3253 4047; x_wconf 81' lang='lat' dir='ltr'><strong>postquam</strong></span> <span class='ocrx_word' id='word_1_826' title='bbox 3282 3972 3478 4027; x_wconf 88' lang='lat' dir='ltr'><strong>videt-it</strong></span> 
     </span>
    </p>
   </div>
   <div class='ocr_carea' id='block_1_101' title="bbox 1858 4063 3475 4140">
    <p class='ocr_par' dir='ltr' id='par_1_101' title="bbox 1858 4063 3475 4140">
     <span class='ocr_line' id='line_1_101' title="bbox 1858 4063 3475 4140; baseline -0.011 -6"><span class='ocrx_word' id='word_1_827' title='bbox 1858 4091 2011 4134; x_wconf 89' lang='lat' dir='ltr'><strong>mare</strong></span> <span class='ocrx_word' id='word_1_828' title='bbox 2041 4074 2244 4140; x_wconf 91' lang='lat' dir='ltr'><strong>furere,</strong></span> <span class='ocrx_word' id='word_1_829' title='bbox 2271 4071 2472 4129; x_wconf 89' lang='lat' dir='ltr'><strong>deinde</strong></span> <span class='ocrx_word' id='word_1_830' title='bbox 2496 4069 2761 4127; x_wconf 88' lang='lat' dir='ltr'><strong>refrenari</strong></span> <span class='ocrx_word' id='word_1_831' title='bbox 2789 4078 2845 4125; x_wconf 89' lang='lat' dir='ltr'><strong>et</strong></span> <span class='ocrx_word' id='word_1_832' title='bbox 2885 4067 3155 4122; x_wconf 89' lang='lat' dir='ltr'><strong>contineri</strong></span> <span class='ocrx_word' id='word_1_833' title='bbox 3198 4079 3230 4121; x_wconf 87' lang='lat' dir='ltr'><strong>a</strong></span> <span class='ocrx_word' id='word_1_834' title='bbox 3282 4063 3475 4118; x_wconf 86' lang='lat' dir='ltr'><strong>littori-</strong></span> 
     </span>
    </p>
   </div>
   <div class='ocr_carea' id='block_1_102' title="bbox 1858 4158 3475 4235">
    <p class='ocr_par' dir='ltr' id='par_1_102' title="bbox 1858 4158 3475 4235">
     <span class='ocr_line' id='line_1_102' title="bbox 1858 4158 3475 4235; baseline -0.011 -8"><span class='ocrx_word' id='word_1_835' title='bbox 1858 4170 1962 4227; x_wconf 90' lang='lat' dir='ltr'><strong>bus</strong></span> <span class='ocrx_word' id='word_1_836' title='bbox 1989 4186 2004 4224; x_wconf 88' lang='lat'><strong>:</strong></span> <span class='ocrx_word' id='word_1_837' title='bbox 2037 4167 2385 4225; x_wconf 87' lang='lat' dir='ltr'><strong>insolentium</strong></span> <span class='ocrx_word' id='word_1_838' title='bbox 2413 4179 2676 4235; x_wconf 90' lang='lat' dir='ltr'><strong>aquarum</strong></span> <span class='ocrx_word' id='word_1_839' title='bbox 2709 4163 2976 4219; x_wconf 89' lang='lat' dir='ltr'><strong>reveritus</strong></span> <span class='ocrx_word' id='word_1_840' title='bbox 3022 4158 3475 4222; x_wconf 87' lang='lat' dir='ltr'><strong>moderationem,</strong></span> 
     </span>
    </p>
   </div>
   <div class='ocr_carea' id='block_1_103' title="bbox 1862 4256 3477 4334">
    <p class='ocr_par' dir='ltr' id='par_1_103' title="bbox 1862 4256 3477 4334">
     <span class='ocr_line' id='line_1_103' title="bbox 1862 4256 3477 4334; baseline -0.01 -16"><span class='ocrx_word' id='word_1_841' title='bbox 1862 4262 2063 4334; x_wconf 88' lang='lat' dir='ltr'><strong>poterit</strong></span> <span class='ocrx_word' id='word_1_842' title='bbox 2103 4260 2355 4316; x_wconf 89' lang='lat' dir='ltr'><strong>celeriter</strong></span> <span class='ocrx_word' id='word_1_843' title='bbox 2405 4257 2766 4327; x_wconf 89' lang='lat' dir='ltr'><strong>comprimere</strong></span> <span class='ocrx_word' id='word_1_844' title='bbox 2811 4256 3265 4309; x_wconf 88' lang='lat' dir='ltr'><strong>intumescentem</strong></span> <span class='ocrx_word' id='word_1_845' title='bbox 3324 4263 3477 4304; x_wconf 91' lang='lat' dir='ltr'><strong>suam</strong></span> 
     </span>
    </p>
   </div>
   <div class='ocr_carea' id='block_1_104' title="bbox 1861 4342 3475 4426">
    <p class='ocr_par' dir='ltr' id='par_1_104' title="bbox 1861 4342 3475 4426">
     <span class='ocr_line' id='line_1_104' title="bbox 1861 4342 3475 4426; baseline -0.009 -14"><span class='ocrx_word' id='word_1_846' title='bbox 1861 4354 2235 4426; x_wconf 86' lang='lat' dir='ltr'><strong>cupiditatem,</strong></span> <span class='ocrx_word' id='word_1_847' title='bbox 2270 4362 2320 4407; x_wconf 91' lang='lat' dir='ltr'><strong>et</strong></span> <span class='ocrx_word' id='word_1_848' title='bbox 2351 4350 2555 4406; x_wconf 77' lang='lat' dir='ltr'><strong>Christi</strong></span> <span class='ocrx_word' id='word_1_849' title='bbox 2588 4358 2736 4405; x_wconf 90' lang='lat' dir='ltr'><strong>metu</strong></span> <span class='ocrx_word' id='word_1_850' title='bbox 2764 4358 3038 4418; x_wconf 84' lang='lat' dir='ltr'><strong>tamquam</strong></span> <span class='ocrx_word' id='word_1_851' title='bbox 3068 4343 3227 4401; x_wconf 89' lang='lat' dir='ltr'><strong>freno</strong></span> <span class='ocrx_word' id='word_1_852' title='bbox 3255 4342 3475 4414; x_wconf 82' lang='lat' dir='ltr'><strong>injecto.</strong></span> 
     </span>
    </p>
   </div>
   <div class='ocr_carea' id='block_1_105' title="bbox 1863 4435 3482 4513">
    <p class='ocr_par' dir='ltr' id='par_1_105' title="bbox 1863 4435 3482 4513">
     <span class='ocr_line' id='line_1_105' title="bbox 1863 4435 3482 4513; baseline -0.01 -9"><span class='ocrx_word' id='word_1_853' title='bbox 1863 4462 1934 4504; x_wconf 88' lang='lat' dir='ltr'><strong>ne</strong></span> <span class='ocrx_word' id='word_1_854' title='bbox 1960 4446 2189 4503; x_wconf 88' lang='lat' dir='ltr'><strong>ulterius</strong></span> <span class='ocrx_word' id='word_1_855' title='bbox 2230 4442 2630 4513; x_wconf 84' lang='lat' dir='ltr'><strong>progrediatur,</strong></span> <span class='ocrx_word' id='word_1_856' title='bbox 2672 4440 2935 4511; x_wconf 90' lang='lat' dir='ltr'><strong>impetum</strong></span> <span class='ocrx_word' id='word_1_857' title='bbox 2974 4450 3252 4503; x_wconf 88' lang='lat' dir='ltr'><strong>coercere,</strong></span> <span class='ocrx_word' id='word_1_858' title='bbox 3283 4443 3340 4490; x_wconf 91' lang='lat' dir='ltr'><strong>et</strong></span> <span class='ocrx_word' id='word_1_859' title='bbox 3382 4435 3482 4488; x_wconf 90' lang='lat' dir='ltr'><strong>im-</strong></span> 
     </span>
    </p>
   </div>
   <div class='ocr_carea' id='block_1_106' title="bbox 1867 4529 3485 4612">
    <p class='ocr_par' dir='ltr' id='par_1_106' title="bbox 1867 4529 3485 4612">
     <span class='ocr_line' id='line_1_106' title="bbox 1867 4529 3485 4612; baseline -0.009 -16"><span class='ocrx_word' id='word_1_860' title='bbox 1867 4540 2046 4612; x_wconf 85' lang='lat' dir='ltr'><strong>pudici</strong></span> <span class='ocrx_word' id='word_1_861' title='bbox 2078 4538 2238 4608; x_wconf 83' lang='lat' dir='ltr'><strong>hujus</strong></span> <span class='ocrx_word' id='word_1_862' title='bbox 2264 4534 2520 4591; x_wconf 87' lang='lat' dir='ltr'><strong>desiderii</strong></span> <span class='ocrx_word' id='word_1_863' title='bbox 2553 4547 2801 4604; x_wconf 88' lang='lat' dir='ltr'><strong>spumam</strong></span> <span class='ocrx_word' id='word_1_864' title='bbox 2829 4544 3047 4585; x_wconf 88' lang='lat' dir='ltr'><strong>omnem</strong></span> <span class='ocrx_word' id='word_1_865' title='bbox 3072 4529 3404 4599; x_wconf 81' lang='lat' dir='ltr'><strong>abstergere,</strong></span> <span class='ocrx_word' id='word_1_866' title='bbox 3430 4535 3485 4581; x_wconf 88' lang='lat' dir='ltr'><strong>et</strong></span> 
     </span>
    </p>
   </div>
   <div class='ocr_carea' id='block_1_107' title="bbox 1865 4621 3483 4702">
    <p class='ocr_par' dir='ltr' id='par_1_107' title="bbox 1865 4621 3483 4702">
     <span class='ocr_line' id='line_1_107' title="bbox 1865 4621 3483 4702; baseline -0.01 -13"><span class='ocrx_word' id='word_1_867' title='bbox 1865 4632 1934 4689; x_wconf 89' lang='lat' dir='ltr'><strong>ad</strong></span> <span class='ocrx_word' id='word_1_868' title='bbox 1963 4630 2375 4702; x_wconf 85' lang='lat' dir='ltr'><strong>temperantiam</strong></span> <span class='ocrx_word' id='word_1_869' title='bbox 2415 4629 2698 4683; x_wconf 81' lang='lat' dir='ltr'><strong>reducere.</strong></span> <span class='ocrx_word' id='word_1_870' title='bbox 2724 4624 2845 4680; x_wconf 79' lang='lat' dir='ltr'><strong>.lam</strong></span> <span class='ocrx_word' id='word_1_871' title='bbox 2870 4639 3001 4679; x_wconf 90' lang='lat' dir='ltr'><strong>vero</strong></span> <span class='ocrx_word' id='word_1_872' title='bbox 3030 4621 3097 4677; x_wconf 92' lang='lat' dir='ltr'><strong>ad</strong></span> <span class='ocrx_word' id='word_1_873' title='bbox 3121 4632 3321 4677; x_wconf 91' lang='lat' dir='ltr'><strong>terram</strong></span> <span class='ocrx_word' id='word_1_874' title='bbox 3344 4635 3483 4692; x_wconf 86' lang='lat' dir='ltr'><strong>quo-</strong></span> 
     </span>
    </p>
   </div>
   <div class='ocr_carea' id='block_1_108' title="bbox 1868 4712 3485 4796">
    <p class='ocr_par' dir='ltr' id='par_1_108' title="bbox 1868 4712 3485 4796">
     <span class='ocr_line' id='line_1_108' title="bbox 1868 4712 3485 4796; baseline -0.009 -15"><span class='ocrx_word' id='word_1_875' title='bbox 1868 4740 1973 4796; x_wconf 90' lang='lat' dir='ltr'><strong>que</strong></span> <span class='ocrx_word' id='word_1_876' title='bbox 1997 4722 2316 4794; x_wconf 87' lang='lat' dir='ltr'><strong>respiciens,</strong></span> <span class='ocrx_word' id='word_1_877' title='bbox 2351 4717 2736 4791; x_wconf 71' lang='lat' dir='ltr'><strong>poteritfacile</strong></span> <span class='ocrx_word' id='word_1_878' title='bbox 2775 4714 3148 4787; x_wconf 84' lang='lat' dir='ltr'><strong>philosophari</strong></span> <span class='ocrx_word' id='word_1_879' title='bbox 3189 4712 3257 4769; x_wconf 90' lang='lat' dir='ltr'><strong>de</strong></span> <span class='ocrx_word' id='word_1_880' title='bbox 3298 4726 3485 4768; x_wconf 87' lang='lat' dir='ltr'><strong>resur-</strong></span> 
     </span>
    </p>
   </div>
   <div class='ocr_carea' id='block_1_109' title="bbox 1868 4804 3489 4885">
    <p class='ocr_par' dir='ltr' id='par_1_109' title="bbox 1868 4804 3489 4885">
     <span class='ocr_line' id='line_1_109' title="bbox 1868 4804 3489 4885; baseline -0.009 -11"><span class='ocrx_word' id='word_1_881' title='bbox 1868 4818 2131 4882; x_wconf 83' lang='lat' dir='ltr'><strong>rectione,</strong></span> <span class='ocrx_word' id='word_1_882' title='bbox 2169 4813 2401 4885; x_wconf 89' lang='lat' dir='ltr'><strong>etquod</strong></span> <span class='ocrx_word' id='word_1_883' title='bbox 2445 4811 2514 4867; x_wconf 88' lang='lat' dir='ltr'><strong>de</strong></span> <span class='ocrx_word' id='word_1_884' title='bbox 2559 4824 2623 4867; x_wconf 91' lang='lat' dir='ltr'><strong>ea</strong></span> <span class='ocrx_word' id='word_1_885' title='bbox 2669 4810 2865 4865; x_wconf 89' lang='lat' dir='ltr'><strong>dicitur</strong></span> <span class='ocrx_word' id='word_1_886' title='bbox 2909 4809 3208 4878; x_wconf 89' lang='lat' dir='ltr'><strong>suscipere.</strong></span> <span class='ocrx_word' id='word_1_887' title='bbox 3259 4804 3489 4875; x_wconf 87' lang='lat' dir='ltr'><strong>Quando</strong></span> 
     </span>
    </p>
   </div>
   <div class='ocr_carea' id='block_1_110' title="bbox 1870 4899 3486 4974">
    <p class='ocr_par' dir='ltr' id='par_1_110' title="bbox 1870 4899 3486 4974">
     <span class='ocr_line' id='line_1_110' title="bbox 1870 4899 3486 4974; baseline -0.009 -8"><span class='ocrx_word' id='word_1_888' title='bbox 1870 4912 2015 4967; x_wconf 91' lang='lat' dir='ltr'><strong>enim</strong></span> <span class='ocrx_word' id='word_1_889' title='bbox 2048 4908 2237 4964; x_wconf 88' lang='lat' dir='ltr'><strong>viderit</strong></span> <span class='ocrx_word' id='word_1_890' title='bbox 2268 4917 2469 4962; x_wconf 87' lang='lat' dir='ltr'><strong>terram</strong></span> <span class='ocrx_word' id='word_1_891' title='bbox 2499 4904 2752 4974; x_wconf 78' lang='lat' dir='ltr'><strong>excipere</strong></span> <span class='ocrx_word' id='word_1_892' title='bbox 2790 4902 3024 4958; x_wconf 88' lang='lat' dir='ltr'><strong>solidum</strong></span> <span class='ocrx_word' id='word_1_893' title='bbox 3065 4899 3318 4955; x_wconf 85' lang='lat' dir='ltr'><strong>frumenti</strong></span> <span class='ocrx_word' id='word_1_894' title='bbox 3360 4914 3486 4971; x_wconf 84' lang='lat' dir='ltr'><strong>gra-</strong></span> 
     </span>
    </p>
   </div>
   <div class='ocr_carea' id='block_1_111' title="bbox 1873 4990 3489 5069">
    <p class='ocr_par' dir='ltr' id='par_1_111' title="bbox 1873 4990 3489 5069">
     <span class='ocr_line' id='line_1_111' title="bbox 1873 4990 3489 5069; baseline -0.009 -11"><span class='ocrx_word' id='word_1_895' title='bbox 1873 5018 2035 5069; x_wconf 91' lang='lat' dir='ltr'><strong>num,</strong></span> <span class='ocrx_word' id='word_1_896' title='bbox 2083 4998 2282 5056; x_wconf 90' lang='lat' dir='ltr'><strong>deinde</strong></span> <span class='ocrx_word' id='word_1_897' title='bbox 2336 4998 2485 5068; x_wconf 90' lang='lat' dir='ltr'><strong>prius</strong></span> <span class='ocrx_word' id='word_1_898' title='bbox 2532 4995 2867 5060; x_wconf 88' lang='lat' dir='ltr'><strong>dissolvere,</strong></span> <span class='ocrx_word' id='word_1_899' title='bbox 2918 5003 2974 5048; x_wconf 90' lang='lat' dir='ltr'><strong>et</strong></span> <span class='ocrx_word' id='word_1_900' title='bbox 3016 4990 3387 5063; x_wconf 81' lang='lat' dir='ltr'><strong>putrefacere,</strong></span> <span class='ocrx_word' id='word_1_901' title='bbox 3438 5001 3489 5045; x_wconf 86' lang='lat' dir='ltr'><strong>et</strong></span> 
     </span>
    </p>
   </div>
   <div class='ocr_carea' id='block_1_112' title="bbox 1873 5081 3492 5161">
    <p class='ocr_par' dir='ltr' id='par_1_112' title="bbox 1873 5081 3492 5161">
     <span class='ocr_line' id='line_1_112' title="bbox 1873 5081 3492 5161; baseline -0.009 -11"><span class='ocrx_word' id='word_1_902' title='bbox 1873 5095 2043 5150; x_wconf 91' lang='lat' dir='ltr'><strong>multo</strong></span> <span class='ocrx_word' id='word_1_903' title='bbox 2068 5091 2293 5147; x_wconf 86' lang='lat' dir='ltr'><strong>meliora</strong></span> <span class='ocrx_word' id='word_1_904' title='bbox 2323 5103 2514 5161; x_wconf 89' lang='lat' dir='ltr'><strong>parere</strong></span> <span class='ocrx_word' id='word_1_905' title='bbox 2549 5102 2563 5141; x_wconf 90' lang='lat'><strong>:</strong></span> <span class='ocrx_word' id='word_1_906' title='bbox 2594 5086 2812 5159; x_wconf 87' lang='lat' dir='ltr'><strong>quando</strong></span> <span class='ocrx_word' id='word_1_907' title='bbox 2838 5085 3035 5141; x_wconf 87' lang='lat' dir='ltr'><strong>viderit</strong></span> <span class='ocrx_word' id='word_1_908' title='bbox 3063 5086 3278 5139; x_wconf 89' lang='lat' dir='ltr'><strong>vineam</strong></span> <span class='ocrx_word' id='word_1_909' title='bbox 3310 5081 3492 5138; x_wconf 83' lang='lat' dir='ltr'><strong>hieme</strong></span> 
     </span>
    </p>
   </div>
   <div class='ocr_carea' id='block_1_113' title="bbox 1875 5178 3493 5254">
    <p class='ocr_par' dir='ltr' id='par_1_113' title="bbox 1875 5178 3493 5254">
     <span class='ocr_line' id='line_1_113' title="bbox 1875 5178 3493 5254; baseline -0.007 -13"><span class='ocrx_word' id='word_1_910' title='bbox 1875 5185 2042 5253; x_wconf 86' lang='lat' dir='ltr'><strong>foliis,</strong></span> <span class='ocrx_word' id='word_1_911' title='bbox 2085 5193 2143 5240; x_wconf 90' lang='lat' dir='ltr'><strong>et</strong></span> <span class='ocrx_word' id='word_1_912' title='bbox 2183 5182 2477 5254; x_wconf 88' lang='lat' dir='ltr'><strong>pampinis,</strong></span> <span class='ocrx_word' id='word_1_913' title='bbox 2524 5190 2580 5235; x_wconf 90' lang='lat' dir='ltr'><strong>et</strong></span> <span class='ocrx_word' id='word_1_914' title='bbox 2626 5181 2797 5236; x_wconf 90' lang='lat' dir='ltr'><strong>botris</strong></span> <span class='ocrx_word' id='word_1_915' title='bbox 2849 5178 3136 5244; x_wconf 84' lang='lat' dir='ltr'><strong>nudatam,</strong></span> <span class='ocrx_word' id='word_1_916' title='bbox 3183 5178 3493 5249; x_wconf 80' lang='lat' dir='ltr'><strong>lignumque</strong></span> 
     </span>
    </p>
   </div>
   <div class='ocr_carea' id='block_1_114' title="bbox 1876 5270 3494 5350">
    <p class='ocr_par' dir='ltr' id='par_1_114' title="bbox 1876 5270 3494 5350">
     <span class='ocr_line' id='line_1_114' title="bbox 1876 5270 3494 5350; baseline -0.007 -15"><span class='ocrx_word' id='word_1_917' title='bbox 1876 5279 2053 5350; x_wconf 89' lang='lat' dir='ltr'><strong>ipsum</strong></span> <span class='ocrx_word' id='word_1_918' title='bbox 2082 5276 2316 5340; x_wconf 89' lang='lat' dir='ltr'><strong>aridum,</strong></span> <span class='ocrx_word' id='word_1_919' title='bbox 2359 5274 2499 5330; x_wconf 90' lang='lat' dir='ltr'><strong>sicut</strong></span> <span class='ocrx_word' id='word_1_920' title='bbox 2541 5287 2663 5329; x_wconf 88' lang='lat' dir='ltr'><strong>ossa</strong></span> <span class='ocrx_word' id='word_1_921' title='bbox 2712 5272 2884 5336; x_wconf 85' lang='lat' dir='ltr'><strong>arida,</strong></span> <span class='ocrx_word' id='word_1_922' title='bbox 2927 5270 3126 5327; x_wconf 88' lang='lat' dir='ltr'><strong>deinde</strong></span> <span class='ocrx_word' id='word_1_923' title='bbox 3167 5271 3494 5325; x_wconf 86' lang='lat' dir='ltr'><strong>adventante</strong></span> 
     </span>
    </p>
   </div>
   <div class='ocr_carea' id='block_1_115' title="bbox 1876 5362 3495 5437">
    <p class='ocr_par' dir='ltr' id='par_1_115' title="bbox 1876 5362 3495 5437">
     <span class='ocr_line' id='line_1_115' title="bbox 1876 5362 3495 5437; baseline -0.005 -11"><span class='ocrx_word' id='word_1_924' title='bbox 1876 5386 2005 5428; x_wconf 88' lang='lat' dir='ltr'><strong>vere</strong></span> <span class='ocrx_word' id='word_1_925' title='bbox 2033 5383 2251 5425; x_wconf 90' lang='lat' dir='ltr'><strong>omnem</strong></span> <span class='ocrx_word' id='word_1_926' title='bbox 2292 5382 2445 5423; x_wconf 86' lang='lat' dir='ltr'><strong>suam</strong></span> <span class='ocrx_word' id='word_1_927' title='bbox 2476 5366 2722 5437; x_wconf 85' lang='lat' dir='ltr'><strong>recipere</strong></span> <span class='ocrx_word' id='word_1_928' title='bbox 2749 5365 2988 5436; x_wconf 87' lang='lat' dir='ltr'><strong>speciem</strong></span> <span class='ocrx_word' id='word_1_929' title='bbox 3019 5380 3034 5418; x_wconf 89' lang='lat'><strong>:</strong></span> <span class='ocrx_word' id='word_1_930' title='bbox 3082 5365 3134 5418; x_wconf 90' lang='lat' dir='ltr'><strong>in</strong></span> <span class='ocrx_word' id='word_1_931' title='bbox 3174 5362 3495 5433; x_wconf 85' lang='lat' dir='ltr'><strong>corporibus</strong></span> 
     </span>
    </p>
   </div>
   <div class='ocr_carea' id='block_1_116' title="bbox 1880 5456 3493 5536">
    <p class='ocr_par' dir='ltr' id='par_1_116' title="bbox 1880 5456 3493 5536">
     <span class='ocr_line' id='line_1_116' title="bbox 1880 5456 3493 5536; baseline -0.006 -16"><span class='ocrx_word' id='word_1_932' title='bbox 1880 5466 2184 5536; x_wconf 88' lang='lat' dir='ltr'><strong>plantarum</strong></span> <span class='ocrx_word' id='word_1_933' title='bbox 2211 5472 2267 5518; x_wconf 92' lang='lat' dir='ltr'><strong>et</strong></span> <span class='ocrx_word' id='word_1_934' title='bbox 2296 5464 2595 5526; x_wconf 90' lang='lat' dir='ltr'><strong>seminum,</strong></span> <span class='ocrx_word' id='word_1_935' title='bbox 2624 5475 2747 5531; x_wconf 72' lang='lat' dir='ltr'><strong>quae</strong></span> <span class='ocrx_word' id='word_1_936' title='bbox 2772 5468 3067 5529; x_wconf 73' lang='lat' dir='ltr'><strong>resurgunt</strong></span> <span class='ocrx_word' id='word_1_937' title='bbox 3092 5468 3378 5528; x_wconf 81' lang='lat' dir='ltr'><strong>postquam</strong></span> <span class='ocrx_word' id='word_1_938' title='bbox 3410 5456 3493 5511; x_wconf 87' lang='lat' dir='ltr'><strong>iu-</strong></span> 
     </span>
    </p>
   </div>
   <div class='ocr_carea' id='block_1_117' title="bbox 1882 5548 3493 5625">
    <p class='ocr_par' dir='ltr' id='par_1_117' title="bbox 1882 5548 3493 5625">
     <span class='ocr_line' id='line_1_117' title="bbox 1882 5548 3493 5625; baseline -0.006 -13"><span class='ocrx_word' id='word_1_939' title='bbox 1882 5564 2146 5623; x_wconf 87' lang='lat' dir='ltr'><strong>tertertnt,</strong></span> <span class='ocrx_word' id='word_1_940' title='bbox 2170 5554 2371 5625; x_wconf 89' lang='lat' dir='ltr'><strong>poterit</strong></span> <span class='ocrx_word' id='word_1_941' title='bbox 2407 5552 2477 5607; x_wconf 91' lang='lat' dir='ltr'><strong>de</strong></span> <span class='ocrx_word' id='word_1_942' title='bbox 2504 5567 2601 5607; x_wconf 85' lang='lat' dir='ltr'><strong>sua</strong></span> <span class='ocrx_word' id='word_1_943' title='bbox 2630 5566 2843 5623; x_wconf 86' lang='lat' dir='ltr'><strong>quoque</strong></span> <span class='ocrx_word' id='word_1_944' title='bbox 2886 5566 3051 5606; x_wconf 89' lang='lat' dir='ltr'><strong>carne</strong></span> <span class='ocrx_word' id='word_1_945' title='bbox 3098 5548 3493 5620; x_wconf 88' lang='lat' dir='ltr'><strong>philosophari.</strong></span> 
     </span>
    </p>
   </div>
   <div class='ocr_carea' id='block_1_118' title="bbox 1879 5643 3497 5720">
    <p class='ocr_par' dir='ltr' id='par_1_118' title="bbox 1879 5643 3497 5720">
     <span class='ocr_line' id='line_1_118' title="bbox 1879 5643 3497 5720; baseline -0.005 -16"><span class='ocrx_word' id='word_1_946' title='bbox 1879 5647 2097 5707; x_wconf 77' lang='lat' dir='ltr'><strong>Rursus</strong></span> <span class='ocrx_word' id='word_1_947' title='bbox 2123 5657 2308 5706; x_wconf 77' lang='lat' dir='ltr'><strong>autem</strong></span> <span class='ocrx_word' id='word_1_948' title='bbox 2337 5647 2671 5720; x_wconf 79' lang='lat' dir='ltr'><strong>diligentiam</strong></span> <span class='ocrx_word' id='word_1_949' title='bbox 2714 5659 2769 5702; x_wconf 92' lang='lat' dir='ltr'><strong>et</strong></span> <span class='ocrx_word' id='word_1_950' title='bbox 2808 5646 3011 5702; x_wconf 81' lang='lat' dir='ltr'><strong>laboris</strong></span> <span class='ocrx_word' id='word_1_951' title='bbox 3055 5645 3292 5699; x_wconf 85' lang='lat' dir='ltr'><strong>studium</strong></span> <span class='ocrx_word' id='word_1_952' title='bbox 3327 5643 3497 5699; x_wconf 76' lang='lat' dir='ltr'><strong>discet</strong></span> 
     </span>
    </p>
   </div>
   <div class='ocr_carea' id='block_1_119' title="bbox 1881 5735 3473 5815">
    <p class='ocr_par' dir='ltr' id='par_1_119' title="bbox 1881 5735 3473 5815">
     <span class='ocr_line' id='line_1_119' title="bbox 1881 5735 3473 5815; baseline -0.004 -18"><span class='ocrx_word' id='word_1_953' title='bbox 1881 5758 1910 5797; x_wconf 91' lang='lat' dir='ltr'><strong>a</strong></span> <span class='ocrx_word' id='word_1_954' title='bbox 1940 5741 2184 5812; x_wconf 88' lang='lat' dir='ltr'><strong>formica,</strong></span> <span class='ocrx_word' id='word_1_955' title='bbox 2228 5742 2297 5798; x_wconf 82' lang='lat' dir='ltr'><strong>ab</strong></span> <span class='ocrx_word' id='word_1_956' title='bbox 2330 5755 2433 5815; x_wconf 88' lang='lat' dir='ltr'><strong>ape</strong></span> <span class='ocrx_word' id='word_1_957' title='bbox 2467 5751 2649 5796; x_wconf 86' lang='lat' dir='ltr'><strong>autem</strong></span> <span class='ocrx_word' id='word_1_958' title='bbox 2699 5738 2911 5793; x_wconf 87' lang='lat' dir='ltr'><strong>honesti</strong></span> <span class='ocrx_word' id='word_1_959' title='bbox 2960 5751 3229 5801; x_wconf 67' lang='lat' dir='ltr'><strong>altiorem,</strong></span> <span class='ocrx_word' id='word_1_960' title='bbox 3274 5735 3473 5791; x_wconf 87' lang='lat' dir='ltr'><strong>societa</strong></span> 
     </span>
    </p>
   </div>
   <div class='ocr_carea' id='block_1_120' title="bbox 1886 5830 3578 5912">
    <p class='ocr_par' dir='ltr' id='par_1_120' title="bbox 1886 5830 3578 5912">
     <span class='ocr_line' id='line_1_120' title="bbox 1886 5830 3578 5912; baseline -0.007 -17"><span class='ocrx_word' id='word_1_961' title='bbox 1886 5848 2127 5912; x_wconf 87' lang='lat' dir='ltr'><strong>temque,</strong></span> <span class='ocrx_word' id='word_1_962' title='bbox 2158 5838 2389 5895; x_wconf 74' lang='lat' dir='ltr'><strong>et&#39;inter</strong></span> <span class='ocrx_word' id='word_1_963' title='bbox 2435 5850 2494 5893; x_wconf 80' lang='lat' dir='ltr'><strong>se</strong></span> <span class='ocrx_word' id='word_1_964' title='bbox 2538 5834 2997 5899; x_wconf 70' lang='lat' dir='ltr'><strong>count-unionem,</strong></span> <span class='ocrx_word' id='word_1_965' title='bbox 3036 5832 3174 5889; x_wconf 86' lang='lat' dir='ltr'><strong>sicut</strong></span> <span class='ocrx_word' id='word_1_966' title='bbox 3210 5831 3340 5888; x_wconf 73' lang='lat' dir='ltr'><strong>dicit</strong></span> <span class='ocrx_word' id='word_1_967' title='bbox 3372 5830 3475 5887; x_wconf 80' lang='lat' dir='ltr'><strong>Pro</strong></span> <span class='ocrx_word' id='word_1_968' title='bbox 3575 5846 3578 5849; x_wconf 55' lang='grc' dir='ltr'>λ</span> 
     </span>
    </p>
   </div>
  </div>
