4154 6440
720 372 827 428 εδδ

717 488 957 545 verbium
993 508 1007 545 :
1048 486 1186 543 Vade
1215 489 1287 543 ad
1315 491 1599 561 formicam,
1632 506 1661 543 ο
1692 491 1855 561 piger,
1889 498 1935 542 et
1963 488 2163 541 imitare
2201 487 2305 542 vias

715 583 844 648 eius,
872 593 920 637 et
946 584 1017 638 sis
1043 584 1137 638 illa
1165 584 1461 653 sapientior.
1507 582 1635 638 Cum
1682 584 1819 637 enim
1843 582 1922 636 illi
1950 597 2051 635 non
2096 580 2160 633 sit
2186 597 2310 651 ager

718 691 859 745 quem
884 677 1039 742 colat,
1072 692 1161 730 nec
1210 676 1346 731 ullus
1375 691 1488 730 una
1527 687 1697 746 cogat,
1739 691 1828 729 aee
1870 674 1935 728 sit
1974 674 2026 727 in
2065 681 2308 744 potestate

594 836 595 841 η
712 767 926 832 domini,
974 778 1121 837 parat
1148 778 1322 823 testate
1354 760 1677 832 alimentum,
1708 779 1757 822 et
1786 768 1837 822 in
1873 777 2098 836 tempore
2132 768 2307 822 messis

711 872 952 929 magnum
992 858 1115 930 facit
1142 875 1395 912 acerrmn.
1462 859 1551 913 Vel
1594 858 1721 913 vade
1758 858 1825 911 ad
1870 874 2038 929 apem,
2078 867 2128 912 et
2170 858 2307 913 disce

714 951 849 1013 quod
876 952 942 1004 sit
986 952 1242 1021 operaria,
1293 956 1439 1022 cujus
1488 952 1687 1006 labores
1731 969 1872 1023 rcges
1916 954 1963 1005 et
2009 951 2190 1021 priuati
2236 952 2306 1005 ad

707 1041 977 1097 sanitatem
1009 1040 1250 1110 offerunt.
1282 1043 1435 1113 Atqui
1477 1043 1596 1097 licet
1622 1044 1688 1097 sit
1716 1042 1971 1097 imbecilla
1999 1042 2212 1109 viribus,
2248 1053 2305 1097 ut

707 1147 825 1194 qua
848 1135 1154 1203 sapientiam
1186 1135 1468 1199 honorarit,
1497 1145 1733 1204 provecta
1754 1143 1827 1188 est
1853 1132 2036 1205 (Prov.
2067 1133 2119 1189 ϐ.
2152 1133 2299 1204 6-8).

712 1221 829 1293 Ipsa
859 1209 1001 1279 enim
1038 1226 1154 1295 apis
1194 1240 1378 1281 rursus
1421 1235 1594 1280 tecum
1633 1234 1776 1296 aget,
1826 1241 1895 1281 ne
1938 1224 2299 1296 nequidquam

712 1314 1164 1383 pulchritudinem
1210 1332 1496 1387 corporum
1550 1318 1866 1385 admireris,
1923 1318 2139 1388 qutando
2194 1334 2300 1373 non

710 1406 862 1464 adest
890 1409 1059 1464 virtus
1100 1410 1294 1465 anima:
1339 1427 1353 1463 :
1397 1424 1498 1467 nec
1536 1409 1933 1467 deformitatem
1982 1411 2294 1481 vilipendas,

707 1498 923 1568 quando
952 1500 1113 1557 fuerit
1140 1502 1360 1572 pulchre
1406 1512 1627 1558 ornatus
1666 1503 1897 1558 animus.
1934 1502 2085 1573 Quod
2126 1503 2297 1574 ipsum

706 1606 925 1663 quoque
967 1592 1277 1664 signiﬁcem
1318 1593 1531 1650 dicebat
1568 1592 1945 1650 Partemiastes
1987 1612 2001 1649 :
2035 1594 2209 1649 Parva
2246 1597 2300 1651 in

705 1684 991 1741 volucribus
1016 1688 1150 1757 apis,
1182 1695 1228 1747 et
1255 1687 1561 1759 principium
1587 1688 1913 1743 dulcedinmn
1946 1692 2145 1760 fructus
2187 1690 2299 1759 ejus

707 1776 898 1843 (Ereti.
924 1778 1012 1833 ii.
1040 1780 1120 1849 5).
1148 1779 1341 1849 Cogita
1364 1779 1493 1834 mihi
1521 1781 1785 1849 volucres,
1807 1790 1862 1836 et
1885 1796 2102 1836 omnem
2128 1781 2299 1851 philo-

702 1868 948 1939 sophiam
972 1884 1043 1926 ex
1082 1871 1163 1925 eis
1201 1871 1479 1940 suscipias.
1506 1870 1766 1940 Quocirca
1808 1870 2054 1927 Christus
2085 1886 2299 1944 quoque

703 1960 918 2027 dicebat
950 1980 963 2016 :
1003 1960 1259 2034 Respicite
1286 1965 1510 2018 rstucres
1536 1964 1671 2032 creti,
1701 1978 1815 2035 qua
1854 1980 1948 2018 nec
1984 1976 2176 2033 serunt,
2207 1983 2297 2020 nec

703 2064 915 2119 suetant,
950 2064 995 2108 et
1022 2053 1180 2109 Pater
1207 2064 1368 2109 uester
1383 2055 1602 2110 calatis
1629 2070 1717 2110 eas
1734 2056 1831 2110 alit
1860 2054 2074 2127 (lauit.
2097 2057 2152 2112 6.
2178 2056 2293 2127 26).

704 2144 760 2197 Si
785 2145 928 2199 enim
951 2160 1071 2215 qua:
1096 2155 1221 2200 sunt
1251 2145 1473 2200 rationis
1513 2147 1752 2215 expertia
1791 2160 1897 2202 non
1928 2157 2063 2203 sunt
2097 2147 2168 2203 de
2197 2149 2295 2203 aii-

704 2237 900 2291 mentis
932 2237 1478 2309 sollieita,quomodo
1506 2248 1561 2295 to
1577 2238 1858 2306 defendes,
1876 2241 1975 2311 qui
1997 2255 2063 2296 ne
2090 2249 2293 2297 tantum

704 2327 924 2397 quidem
977 2329 1243 2384 ostetuiis.
1269 2344 1451 2385 rcrum
1499 2333 1845 2399 pmentium
1872 2341 2255 2403 contemptum
2274 2376 2289 2397 ,

699 2426 958 2486 optantem
977 2419 1140 2475 aves?
1159 2418 1309 2485 Quod
1326 2420 1381 2474 si
1396 2421 1529 2476 vctis
1543 2422 1703 2477 etiam
1727 2432 1975 2476 ornatum
1992 2423 2291 2492 despicere,

698 2509 971 2565 docebunt
1005 2508 1264 2566 tutiores
1302 2511 1439 2583 agri,
1479 2528 1550 2568 ne
1593 2513 1648 2568 in
1699 2522 1753 2568 te
1787 2514 2030 2569 ornando
2070 2516 2291 2574 nimium

697 2596 860 2655 studii
888 2610 944 2656 et
970 2614 1155 2671 opera:
1177 2617 1367 2673 ponas.
1394 2602 1548 2671 Quod
1583 2603 1758 2676 ipsum
1799 2620 2013 2678 quoque
2046 2607 2291 2667 Christus

694 2691 1005 2763 signiﬁcans
1028 2692 1245 2750 dicebat
1284 2712 1303 2748 :
1330 2693 1589 2765 Respicite
1634 2697 1749 2751 tilia
1788 2697 1920 2769 agri,
1962 2715 2120 2770 neque
2147 2711 2285 2767 nent.

694 2797 859 2853 neque
883 2781 1140 2839 laborans.
1172 2784 1333 2838 Amen
1355 2786 1470 2839 dico
1496 2784 1659 2854 vobis,
1683 2803 1776 2842 nec
1810 2788 2060 2845 Salomon
2085 2791 2289 2861 quidem

691 2872 999 2931 induebatur
1021 2884 1077 2931 ut
1098 2892 1260 2931 unum
1287 2892 1352 2932 ea:
1371 2878 1451 2933 his
1478 2877 1691 2950 (Matth.
1719 2879 1773 2936 6.
1798 2881 1861 2937 ,8.
1895 2881 2011 2953 29).
2033 2882 2169 2939 Cum
2189 2886 2291 2940 ita-

692 2980 802 3035 que
841 2967 1075 3023 vestium
1116 2977 1367 3025 ornatum
1408 2985 1601 3027 curare
1643 2972 1901 3043 volueris,
1930 2977 2105 3047 cegita
2142 2979 2288 3048 quod

690 3063 1181 3129 quantumcumque
1207 3060 1568 3128 contenderis,
1613 3064 1716 3119 erit
1754 3079 1919 3135 penes
1964 3065 2167 3126 fenum
2207 3070 2286 3125 vi-

690 3145 1015 3213 ctoria,.nec
1039 3149 1239 3219 poteris
1263 3164 1384 3207 cum
1417 3152 1507 3205 illo
1536 3162 1851 3211 concertare
1875 3170 1891 3209 :
1917 3164 1972 3212 et
2001 3156 2145 3215 bane
2167 3174 2286 3215 ara-

690 3237 839 3295 tione
862 3237 1092 3296 alienam
1120 3240 1380 3297 insaniam
1411 3245 1727 3313 comprime.
1758 3244 1924 3301 Multa
1946 3260 2159 3318 quoque
2176 3252 2280 3307 alia

688 3328 1044 3399 philosome
1066 3331 1383 3388 documenta
1413 3342 1467 3387 et
1489 3349 1557 3389 ex
1581 3335 1767 3401 brutis,
1801 3344 1856 3391 et
1874 3352 1940 3392 ex
1965 3337 2205 3410 ﬁoribus,
2222 3353 2285 3399 ot

688 3434 756 3475 ea
780 3420 1074 3478 seminibus
1096 3423 1214 3493 capi
1241 3433 1485 3492 possunt.

763 3506 948 3565 ﬂuuio
992 3527 1146 3580 opera
1183 3510 1284 3567 Dei
1320 3515 1602 3583 gratiarum
1633 3515 1887 3571 actionem
1932 3521 2153 3574 excitare
2177 3523 2283 3576 dc—

686 3600 911 3658 bcut.——
935 3602 989 3659 ὅ.
1021 3603 1281 3675 Confessio
1305 3615 1350 3659 ct
1387 3607 1765 3678 magniﬁcentia
1810 3626 1938 3679 opus
1980 3613 2111 3681 ejus.
2169 3614 2282 3671 lloc

685 3700 794 3758 est,
822 3695 1235 3765 unumquodque
1260 3710 1395 3767 Opus
1422 3697 1540 3766 ejus
1572 3715 1586 3752 :
1630 3714 1807 3769 neque
1833 3703 1976 3757 enim
2010 3702 2124 3759 lucc
2150 3705 2283 3762 dicit

684 3780 758 3838 de
776 3797 890 3839 uno
914 3798 1097 3855 opere.
1131 3786 1287 3843 Alius
1311 3798 1489 3843 autem
1535 3790 1802 3860 interpres
1824 3792 1959 3849 dixit
1989 3810 2007 3848 :
2049 3792 2191 3853 Laus
2230 3809 2280 3859 et

684 3874 911 3947 dignitas
946 3880 1175 3948 Operatio
1216 3881 1362 3949 ejus;
1407 3880 1493 3937 hic
1534 3897 1691 3959 vero,
1722 3882 2006 3957 Confessio,
2040 3887 2146 3944 hoc
2171 3900 2276 3959 est,

683 3967 975 4035 gratiarum
1003 3968 1222 4041 aetioct
1246 3972 1437 4041 gloria.
1471 3957 1901 4047 Unumquodque
1920 3980 2063 4035 enim
2084 3957 2279 4055 eorum

684 4073 807 4128 quae
833 4060 1080 4118 videntur
1106 4062 1325 4130 sufﬁcit,
1363 4076 1421 4121 ut
1458 4066 1756 4125 deducatur
1779 4082 2055 4141 spectator
2076 4076 2143 4130 ad
2182 4077 2281 4151 by.

683 4166 931 4208 annos-um
952 4163 1190 4221 mutum,
1216 4154 1284 4212 ad
1313 4156 1546 4227 laudem,
1569 4161 2130 4231 adgloriﬁcationem.
2160 4170 2275 4226 Non

682 4240 803 4299 ﬂeet
837 4244 1038 4313 dicere,
1074 4246 1252 4314 Quare
1289 4248 1391 4304 hoc
1406 4248 1529 4308 i-ad
1563 4253 1691 4324 quid
1736 4253 1878 4312 hoc?
1920 4259 2015 4315 sed
2043 4263 2278 4321 tenebrte

682 4341 736 4386 et
768 4331 903 4399 dies,
947 4333 1135 4393 tumes
1154 4344 1211 4393 et
1234 4338 1577 4410 abundantia,
1613 4343 1845 4401 solitudo
1873 4356 1929 4403 et
1957 4356 2098 4405 terra
2128 4350 2281 4408 inha—

681 4421 945 4501 bimhilis,
970 4428 1359 4499 torrapirmuis
1386 4431 1506 4488 ista
1549 4445 1753 4506 segete,
1790 4439 1898 4494 vita
1933 4450 1988 4496 et
2014 4458 2182 4513 mors,
2223 4456 2279 4504 et

681 4529 1037 4587 quazcmuquc
1074 4518 1345 4589 ridentur,
1374 4516 1563 4596 iis'qui
1594 4541 1656 4581 ca
1700 4528 1988 4602 diligenter
2010 4533 2273 4604 ediscunt,

626 4620 631 4623 ‘
680 4604 961 4664 sufﬁciunt
980 4608 1046 4664 ad
1070 4611 1409 4669 excitandum
1443 4631 1539 4673 eos
1571 4618 1641 4673 ad
1664 4623 1956 4691 gratiarum
1985 4624 2271 4685 actionem.

686 4696 805 4753 Hoc
834 4714 929 4767 per
956 4702 1246 4771 quemdam
1268 4707 1588 4777 prophetam
1618 4712 1763 4769 Deus
1792 4717 2102 4787 signiﬁcans
2142 4720 2278 4780 dice-

682 4787 797 4853 bat,
821 4792 1095 4863 supplicia
1126 4810 1331 4865 ponens
1359 4814 1467 4867 pro
1482 4802 1744 4860 beneﬁcio
1783 4825 1797 4861 :
1830 4807 2004 4864 Everli
2040 4828 2123 4867 eos
2150 4815 2278 4869 sicut

678 4881 851 4951 saeuit
864 4880 998 4939 Deus
1008 4884 1290 4944 Sedetanus
1301 4899 1347 4944 et
1361 4890 1696 4948 Goatorrltuut
1705 4938 1717 4958 ,
1733 4902 1957 4966 percussi
1972 4919 2058 4957 eos
2071 4904 2278 4973 inflam—

680 4977 1336 5066 suatioaest-tusrbonegio
1354 4983 1552 5053 (Amos.
1578 4987 1631 5041 ι.
1656 4989 1741 5043 ii.
1768 4989 1846 5061 9).
1874 4993 1933 5047 Et
1965 5010 2153 5051 rursus
2183 5013 2277 5066 per

678 5066 845 5121 alium
866 5086 880 5122 :
898 5065 1213 5128 Edua’cose
1229 5082 1365 5127 terra
1382 5074 1623 5148 ﬁgypti,
1644 5089 1692 5132 et
1706 5096 1737 5134 e
1755 5082 1907 5138 domo
1919 5087 2173 5143 servitutis
2188 5065 2276 5144 eos

681 5156 873 5212 redemi
893 5156 1082 5230 (ﬂictu.
1103 5163 1159 5220 6.
1176 5162 1266 5237 4);-
1287 5181 1570 5224 assumens
1593 5172 1852 5242 supplicia
1866 5176 1917 5230 in
1934 5177 2272 5236 beneﬁcium.

682 5247 759 5305 Ita
789 5249 1092 5338 bacetiam
1121 5272 1135 5309 :
1167 5272 1291 5314 nam
1331 5258 1448 5316 iure
1471 5276 1686 5342 quoque
1717 5265 1976 5325 beneﬁcio
2014 5271 2271 5341 afﬁciunt,

681 5342 981 5413 ein-rigent,
1007 5346 1279 5415 cmdiunt,
1310 5353 1594 5423 castigant,
1624 5356 1810 5413 vitium
1856 5374 2124 5417 resocant.
2168 5364 2275 5419 ilo-

666 5432 855 5491 ‘mincs
877 5437 1161 5521 enim'btuc
1184 5442 1397 5510 quidem
1431 5444 1629 5501 iaciunt
1651 5459 1709 5502 ut
1728 5449 1987 5507 beneﬁcio
2014 5454 2267 5521 afﬁciant,

681 5523 773 5581 illa
798 5519 935 5581 .vero
958 5529 1099 5598 quod
1127 5531 1252 5586 odio
1283 5532 1513 5590 habeant
1542 5549 1591 5591 et
1621 5552 1938 5605 aversentur
1958 5556 1980 5601 ‘:
2014 5546 2156 5601 Deus
2176 5519 2273 5602 au-

682 5622 793 5673 tum
842 5619 1031 5681 omnia
1066 5620 1193 5677 facit
1224 5622 1511 5682 dilectione
1567 5641 1781 5688 motus:
1820 5640 2268 5705 quemadmodum

682 5707 951 5768 beneficio
968 5712 1206 5770 afﬁciens
1233 5720 1401 5785 posuit
1442 5721 1493 5772 in
1508 5723 1775 5790 paradiso,
1801 5726 2131 5785 ctbcuelicio
2155 5726 2272 5787 alii-

678 5802 837 5871 olens
854 5802 1015 5886 eiecit
1036 5824 1065 5863 c
1084 5809 1329 5881 paradiso
1360 5817 1390 5866 :'
1406 5811 1664 5875 beneﬁcio
1691 5817 1931 5877 afﬁciens
1951 5821 2167 5885 immisit
2189 5826 2265 5885 di-

1433 377 1489 431 s.
1532 355 1811 432 JOANNIS
1847 371 2329 430 cunrsosrout
2368 370 2687 430 MtCttlf-ZP.
2729 370 3268 435 consumma.

3914 374 4061 433 984

2423 486 2642 553 luvium,
2669 498 2725 545 et
2769 489 3029 549 beneﬁcio
3051 491 3294 547 afﬁciens
3322 492 3376 545 in
3402 491 3634 547 Sodoma
3665 496 3812 546 illum
3838 492 4029 561 ignei:
4048 514 4071 543 ι

2414 576 2680 645 jaculatus
2716 590 2817 635 est.
2851 579 2920 635 Et
2952 581 3209 653 quidquid
3254 582 3454 643 dixeris
3499 583 3567 637 ab
3601 598 3670 640 eo
3711 592 4013 654 gestorum
4040 622 4067 645 υ

2417 671 2831 741 unumquodque
2856 672 2981 731 facit
3018 674 3087 728 ad
3126 674 3465 731 beneﬁcium.
3502 675 3769 733 Beneﬁcio
3796 691 4071 747 quoque

2414 759 2675 827 alliciens,
2705 762 3006 833 gehennam
3032 764 3266 821 minatus
3287 778 3371 822 est
3398 775 3496 823 :et
3516 769 3660 823 sicut
3685 778 3863 839 [utres
3906 783 4061 823 non

2415 855 2589 910 solum
2622 855 2960 926 indulgentes
2989 856 3135 929 ﬁliis,
3175 858 3275 913 sed
3307 859 3466 914 etiam
3510 859 3883 920 verberantes.
3939 877 4067 929 pa-

2414 952 2525 999 tres
2546 954 2702 1000 sunt:
2732 961 2834 1001 nec
2860 949 3039 1003 minus
3057 949 3424 1013 verberantes,
3448 962 3607 1021 quam
3630 950 3984 1020 indulgentes
4026 969 4049 1002 :

2415 1038 2485 1093 ita
2513 1042 2675 1092 etiam
2703 1037 2865 1093 Deus.
2893 1037 3255 1106 Quamobrem
3284 1040 3485 1097 Paulus
3511 1057 3726 1112 quoque
3750 1042 3977 1097 diccbat
4020 1058 4049 1095 :

2417 1131 2541 1196 Quis
2569 1140 2641 1185 est
2672 1133 2803 1185 enim
2834 1131 2995 1200 ﬁlius,
3018 1148 3165 1203 quem
3189 1150 3291 1187 non
3317 1134 3531 1204 castigat
3546 1134 3897 1205 pater(l!eltr.
3924 1134 4039 1188 12-

2412 1222 2506 1292 7)?
2535 1222 2603 1277 Et
2629 1222 2883 1277 Salomon
2918 1241 2932 1277 :
2964 1227 3122 1290 Quem
3144 1227 3293 1283 enim
3326 1226 3494 1297 diligit
3538 1226 3808 1293 Dominus,
3848 1227 4047 1281 casti-

2408 1322 2515 1383 gat,
2547 1314 2772 1385 ﬂagcttat
2797 1325 2966 1371 autem
2994 1332 3190 1370 omnem
3219 1318 3385 1387 ﬁlium
3409 1334 3555 1386 quem
3592 1320 3795 1389 recipit.
3836 1318 4041 1373 Justi-

2408 1404 2480 1456 tia
2513 1406 2624 1474 ejus
2650 1416 2816 1460 intonet
2847 1407 2900 1461 in
2928 1406 3172 1461 sa'culum
3194 1409 3371 1463 swculi
3398 1407 3582 1479 (Prov.
3611 1410 3665 1466 3.
3697 1410 3813 1481 i2).

2478 1498 2535 1549 4.
2579 1497 2690 1552 Hoc
2716 1498 2845 1553 mihi
2874 1499 3085 1555 videtur
3112 1500 3201 1555 hic
3220 1500 3404 1557 dicere
3430 1511 3651 1572 propter
3688 1517 3784 1558 eos
3812 1504 3905 1574 qui
3935 1508 4039 1560 οὗ

2408 1586 2701 1643 tenduntur
2726 1605 2794 1644 ex
2827 1590 2991 1645 rebus
3017 1590 3278 1657 adversis,
3309 1606 3431 1663 qua:
3470 1602 3667 1662 praeter
3693 1608 3846 1664 spem
3884 1594 4041 1664 qui-

2406 1680 2631 1751 busdam
2680 1683 2957 1748 eveniunt,
3004 1682 3390 1755 propemodum
3432 1684 3511 1741 eis
3552 1685 3787 1742 suadeas
3830 1695 3887 1742 et
3926 1687 4035 1743 di-

2406 1786 2570 1827 cens:
2590 1772 2668 1829 Ne
2679 1775 3022 1830 conturberis
3033 1776 3076 1829 si
3101 1776 3281 1831 videas
3308 1775 3551 1832 homines
3571 1779 4024 1847 percaiumuiaus

2405 1865 2635 1926 delatos.
2658 1866 2923 1923 molestiis
2950 1866 3193 1929 aﬂ‘ectos,
3216 1879 3271 1923 et
3297 1869 3435 1925 mala
3457 1869 3675 1941 indigne
3695 1871 3968 1941 patientes
3994 1890 4023 1928 :

2404 1965 2585 2011 manet
2604 1956 2747 2013 enim
2776 1958 3140 2029 incorruptum
3161 1959 3440 2029 judicium,
3474 1971 3655 2017 manet
3680 1978 3812 2034 pura
3840 1972 3896 2018 et
3919 1965 4025 2019 in-

2405 2056 2553 2119 tegra
2582 2049 2872 2117 sententia,
2916 2066 3039 2121 quas
3074 2067 3175 2122 pro
3201 2052 3409 2108 meritis
3456 2052 3745 2125 unicuique
3792 2053 4023 2111 tribuit.

2402 2141 2558 2208 Quod
2584 2142 2629 2198 si
2651 2156 2771 2198 eam
2798 2158 2948 2199 nunc
2974 2143 3227 2214 postules,
3263 2145 3387 2201 vide
3413 2160 3483 2201 ne
3523 2147 3574 2200 in
3625 2148 3855 2218 teipsum
3886 2147 4021 2218 pri-

2402 2249 2551 2289 mum
2570 2234 2890 2291 sententiam
2913 2233 3173 2304 proferas.
3194 2234 3249 2291 Si
3274 2237 3417 2291 enim
3441 2237 3492 2291 in
3517 2252 3839 2309 utiuquoqee
3866 2252 4014 2309 pec-

2400 2336 2522 2383 cato
2550 2326 2693 2382 Deus
2723 2326 2946 2383 inferret
2967 2327 3284 2399 supplicium
3309 2340 3365 2384 et
3392 2330 3447 2383 in
3477 2343 3601 2385 reos
3619 2328 3861 2400 singulos
3883 2330 4021 2385 cai-

2400 2418 2578 2474 cuium
2610 2421 2789 2485 ferret,
2820 2418 2930 2489 jam
2960 2419 3089 2474 olim
3112 2419 3189 2475 de
3218 2420 3399 2475 medio
3425 2420 3693 2476 sublatum
3726 2430 3874 2477 esset
3899 2420 4021 2476 Isn-

2399 2524 2619 2565 manum
2648 2525 2835 2581 genus.
2864 2511 2931 2566 Et
2956 2511 3083 2581 quid
3114 2511 3238 2567 dico
3261 2510 3402 2566 hunc
3446 2523 3541 2566 aut
3579 2513 3764 2567 ilitun'i
3788 2512 4016 2583 Supre-

2399 2600 2718 2655 mumenim
2748 2599 3297 2658 orntdombominum
3337 2603 3389 2657 in
3434 2604 3670 2661 medium
3698 2603 4014 2675 adducens,

2397 2691 2501 2767 hoc
2524 2693 2764 2750 conabor
2786 2697 3077 2751 ostendere
3108 2713 3122 2749 :
3153 2696 3376 2751 Paulum
3425 2712 3620 2768 nempe
3640 2698 3803 2754 illum
3848 2698 4015 2755 orbis

2398 2796 2557 2842 terra:
2583 2801 2910 2858 prmeonem,
2938 2788 3030 2859 qui
3058 2788 3112 2842 in
3160 2790 3375 2845 tertium
3423 2790 3616 2847 omium
3661 2799 3850 2863 raptus
3885 2803 4007 2857 est,

2394 2877 2487 2949 qui
2518 2878 2570 2933 in
2596 2879 2904 2949 paradisum
2934 2880 3032 2934 fuit
3050 2880 3314 2947 sublatus,
3342 2881 3435 2951 qui
3462 2880 3565 2938 fuit
3590 2882 4007 2941 tremendomm

2394 2979 2854 3027 saet‘smentorum
2874 2970 3169 3043 particeps,
3200 2987 3294 3026 vss
3314 2973 3614 3041 electionis,
3640 2973 3843 3030 Christi
3869 2990 4008 3044 pro-

2392 3060 2593 3128 nubus,
2619 3062 2712 3131 qui
2735 3061 2979 3117 ostendit
2992 3063 3293 3133 attgeiicsm
3318 3065 3439 3121 vitai
3464 3066 4003 3140 institutienent,qui
4042 3128 4045 3133 ,

2394 3153 2608 3210 virtutis
2623 3152 2863 3210 studium
2891 3164 3098 3211 tantum
3125 3155 3276 3211 adiit.
3310 3156 3368 3213 Si
3401 3159 3549 3214 enim
3584 3160 3845 3216 noluisset
3870 3179 4007 3225 ess.

2392 3248 2531 3305 lenis
2557 3258 2612 3303 et
2637 3247 2868 3317 patiens,
2896 3263 3129 3318 eumque
3154 3252 3445 3315 sustinere,
3484 3252 3581 3310 sed
3620 3252 3839 3324 quando
3865 3269 4006 3326 pec.

2388 3338 2565 3405 caltnt,
2611 3339 3021 3410 blasphcmabat
3058 3350 3127 3399 et
3157 3343 3602 3412 persequebatur,
3649 3347 3895 3415 protinus
3936 3349 4003 3409 iu

2388 3447 2512 3488 eum
2537 3432 2738 3502 justam
2769 3430 2975 3486 tulisset
3005 3435 3347 3498 sententiam,
3370 3434 3481 3505 jam
3520 3435 3648 3490 olim
3679 3437 3999 3509 prarripuia-

2388 3536 2474 3583 set
2507 3542 2631 3582 eum
2672 3527 3023 3596 pmnitentim.
3055 3528 3317 3597 Quocirca
3344 3530 3463 3599 ipse
3486 3545 3700 3602 quoque
3722 3546 3847 3586 cum
3871 3532 4001 3592 bare

2387 3619 2571 3687 sciret,
2599 3607 2811 3675 dicebat
2837 3636 2851 3672 :
2880 3618 3115 3675 Gratiam
3144 3620 3302 3675 habeo
3329 3621 3532 3676 Christo
3552 3625 3643 3692 qui
3671 3640 3751 3678 me
3775 3628 3997 3698 confar-
4028 3627 4039 3641 '

2388 3710 2529 3777 tavit,
2555 3712 2694 3781 quod
2712 3727 2791 3765 me
2807 3712 3015 3781 'fidctent
3038 3711 3361 3777 existimarit,
3392 3730 3583 3783 ponens
3607 3714 3658 3769 in
3674 3705 3997 3783 ministerio,

2386 3804 2474 3874 qui
2496 3796 2643 3871 prius
2666 3819 2806 3857 eram
2830 3803 3173 3875 blasphemus,
3198 3815 3243 3860 et
3274 3816 3619 3876 persequutor,
3650 3816 3699 3860 et
3728 3817 3997 3865 contulis-

2388 3898 2544 3951 liosus
2567 3912 2586 3949 :
2618 3898 2707 3960 sed
2726 3896 3127 3951 misericordiam
3162 3909 3502 3969 consequutus
3537 3915 3672 3967 sunt,
3715 3912 3771 3955 at
3811 3902 3865 3956 in
3894 3919 3994 3958 sua

2386 3990 2552 4060 primo
2580 3990 2864 4044 ostenderet
2893 4005 3092 4044 omnem
3132 3992 3444 4061 patiendam,
3480 3993 3548 4044 ad
3577 3991 3992 4063 informatioﬁrm

2388 4097 2581 4146 eorum,
2610 4081 2698 4152 qui
2722 4080 2964 4135 credituri
2984 4090 3101 4135 sunt
3120 4080 3199 4134 illi
3219 4082 3271 4135 in
3292 4083 3445 4136 vitam
3471 4094 3711 4138 cateruam
3737 4086 3784 4158 (i
3800 4126 3813 4138 .
3841 4083 3987 4143 Tim.

2389 4172 2441 4227 Ι.
2473 4171 2557 4227 ﬂ.
2595 4173 2680 4228 i3.
2710 4173 2820 4244 id).
2848 4172 2983 4241 Quid
3005 4182 3207 4242 autem,
3244 4175 3583 4230 meretricem
3618 4174 3662 4230 si
3701 4177 3987 4249 potuisse,

2386 4264 2723 4334 quandonam
2750 4280 3006 4321 conversa
3040 4266 3225 4322 fuisset
3250 4266 3403 4338 (Luc.
3434 4268 3485 4322 Ἰ.
3514 4269 3603 4324 5Ὶ.
3629 4269 3805 4341 sqq)!
3841 4258 3986 4337 Quid

2386 4370 2518 4410 vero
2539 4355 2877 4425 publicanum
2901 4356 3229 4424 Munitorum,
3254 4359 3298 4413 si
3323 4374 3431 4430 quo
3446 4368 3690 4431 tempore
3713 4362 3986 4431 publitani

2385 4446 2562 4503 ofﬁcio
2582 4448 2919 4519 fungebatur,
2942 4460 3070 4505 ante
3103 4451 3450 4507 mutationem
3479 4468 3669 4524 pa-uas
3688 4453 3755 4509 ab
3772 4468 3837 4509 co
3854 4458 3988 4513 lae-

2383 4540 2572 4610 gisset,
2613 4555 2792 4595 annon
2821 4540 3151 4611 poenitentiae
3182 4542 3328 4596 illum
3360 4543 3727 4614 prmripuisset
3764 4544 3981 4616 (Matii.

2383 4631 2441 4688 9.
2491 4630 2708 4713 9)?..lta
2756 4633 2917 4689 etiam
2970 4632 3235 4689 latronem
3280 4632 3431 4706 (Luc.
3471 4634 3706 4718 25.40),
3751 4636 3823 4691 ita
3851 4646 3987 4693 ana-

2382 4737 2480 4795 gos
2520 4722 2735 4794 (Matth.
2759 4722 2911 4791 ΞΑ),
2959 4725 3032 4779 ita
3068 4726 3228 4780 etiam
3264 4740 3697 4798 unumquemque
3735 4736 3986 4798 pectito-

2382 4832 2520 4873 rem.
2546 4816 2686 4871 iram
2711 4818 2889 4888 itaque
2914 4819 3163 4883 sustinet,
3193 4826 3249 4872 et
3290 4832 3389 4888 pro
3419 4819 3629 4875 meritis
3667 4819 3981 4877 retributio-

2383 4925 2529 4977 nem,
2557 4924 2760 4978 vocans
2785 4910 3031 4966 homines
3049 4910 3115 4966 ad
3141 4911 3530 4981 pcenitentfam.
3554 4913 3711 4980 Quod
3738 4913 3783 4968 si
3809 4914 3984 4973 acor-

2383 4992 2625 5056 rectione
2645 5000 2806 5055 alieni
2831 5002 3146 5068 manserint,
3172 5001 3371 5072 justam
3394 5005 3616 5061 omnino
3636 5004 3983 5065 sustindtunt

2382 5092 2728 5148 sententiam.
2760 5092 3022 5159 Quocirca
3068 5094 3328 5165 propheta
3356 5111 3453 5151 eos
3491 5097 3582 5168 qui
3628 5098 3821 5169 injuria
3859 5098 3981 5154 affi-

2382 5184 2618 5251 ciuntur,
2647 5185 2960 5251 consolans,
2997 5195 3053 5241 et
3074 5202 3169 5242 eos
3194 5189 3285 5255 qui
3312 5188 3561 5259 injuriam
3595 5191 3831 5246 inferunt
3857 5192 3979 5247 olli-

2380 5278 2449 5333 cii
2486 5278 2802 5343 admonens,
2834 5279 3108 5347 subjunin
3147 5280 3277 5336 illud
3310 5300 3321 5333 :
3350 5280 3562 5337 Iustitia
3590 5285 3701 5355 ejus
3728 5295 3893 5339 manet
3921 5287 3978 5342 its

2381 5368 2641 5422 secutum.
2672 5367 2826 5435 Quod
2853 5380 3031 5424 autem
3077 5370 3189 5425 vult
3216 5387 3309 5442 per
3340 5371 3444 5428 hoc
3486 5374 3690 5439 dicere,
3721 5385 3806 5431 est
3832 5375 3981 5445 ejus-

2381 5459 2526 5515 modi
2560 5481 2573 5514 :
2604 5458 2713 5514 Nec
2745 5468 2841 5523 tu,
2864 5461 2955 5530 qui
2998 5462 3189 5530 injuria
3224 5463 3476 5531 afficeris,
3507 5465 3786 5538 desperes,
3812 5468 3855 5521 si
3896 5470 3978 5523 vi-

2381 5561 2488 5607 tam
2520 5551 2742 5620 ﬁnieris,
2789 5551 2905 5607 fore
2932 5563 2989 5609 ut
3022 5556 3110 5624 jus
3155 5566 3302 5611 tuum
3348 5558 3592 5615 obtinens
3633 5581 3647 5616 :
3692 5570 3972 5631 postquam

2380 5646 2522 5705 enim
2589 5644 2716 5701 hinc
2778 5647 3117 5709 excesseris.
3179 5648 3421 5721 laborum
3482 5654 3971 5715 remunerationem

2380 5736 2601 5791 omnino
2642 5736 2914 5806 accipies:
2941 5753 3041 5794 nec
3078 5750 3132 5793 tu
3165 5757 3372 5799 rursus.
3402 5744 3491 5811 qui
3521 5745 3700 5799 omnia
3732 5747 3891 5816 rapis.
3920 5752 3969 5808 in

2383 5827 2619 5887 omnium
2645 5822 2783 5891 bene
2814 5827 3038 5905 invadis,
3065 5842 3117 5887 ct
3139 5833 3316 5890 (ηηηίει
3340 5847 3537 5907 susque
3560 5838 3730 5911 doque
3754 5842 3964 5913 tuisccs,
