  <div class='ocr_page' id='page_1' title='image "/cluster/home/n/w/nwhite01/storage/ocr_20150623/55/pst.000005712540/278.png"; bbox 0 0 4156 6412; ppageno 0'>
   <div class='ocr_carea' id='block_1_1' title="bbox 181 394 285 455">
    <p class='ocr_par' dir='ltr' id='par_1_1' title="bbox 181 394 285 455">
     <span class='ocr_line' id='line_1_1' title="bbox 181 394 285 455; baseline 0 -2"><span class='ocrx_word' id='word_1_1' title='bbox 181 394 285 455; x_wconf 70' lang='grc'><strong>285</strong></span> 
     </span>
    </p>
   </div>
   <div class='ocr_carea' id='block_1_2' title="bbox 187 479 1808 576">
    <p class='ocr_par' dir='ltr' id='par_1_2' title="bbox 187 479 1808 576">
     <span class='ocr_line' id='line_1_2' title="bbox 187 479 1808 576; baseline -0.02 -7"><span class='ocrx_word' id='word_1_2' title='bbox 187 505 447 575; x_wconf 80' lang='lat' dir='ltr'><strong>eonldas,</strong></span> <span class='ocrx_word' id='word_1_3' title='bbox 471 504 524 565; x_wconf 86' lang='lat' dir='ltr'><strong>si</strong></span> <span class='ocrx_word' id='word_1_4' title='bbox 557 505 617 563; x_wconf 85' lang='lat' dir='ltr'><strong>in</strong></span> <span class='ocrx_word' id='word_1_5' title='bbox 646 516 781 576; x_wconf 80' lang='lat' dir='ltr'><strong>pace</strong></span> <span class='ocrx_word' id='word_1_6' title='bbox 810 500 980 555; x_wconf 83' lang='lat' dir='ltr'><strong>vitam</strong></span> <span class='ocrx_word' id='word_1_7' title='bbox 1013 492 1222 551; x_wconf 85' lang='lat' dir='ltr'><strong>tinieris</strong></span> <span class='ocrx_word' id='word_1_8' title='bbox 1272 508 1288 546; x_wconf 90' lang='lat'><strong>:</strong></span> <span class='ocrx_word' id='word_1_9' title='bbox 1338 498 1624 561; x_wconf 72' lang='lat' dir='ltr'><strong>postquam</strong></span> <span class='ocrx_word' id='word_1_10' title='bbox 1661 479 1808 576; x_wconf 77' lang='lat' dir='ltr'><strong>enim</strong></span> 
     </span>
    </p>
   </div>
   <div class='ocr_carea' id='block_1_3' title="bbox 188 573 1813 664">
    <p class='ocr_par' dir='ltr' id='par_1_3' title="bbox 188 573 1813 664">
     <span class='ocr_line' id='line_1_3' title="bbox 188 573 1813 664; baseline -0.018 -5"><span class='ocrx_word' id='word_1_11' title='bbox 188 604 307 658; x_wconf 84' lang='lat' dir='ltr'><strong>hinc</strong></span> <span class='ocrx_word' id='word_1_12' title='bbox 334 573 679 664; x_wconf 73' lang='lat' dir='ltr'><strong>excesseris,</strong></span> <span class='ocrx_word' id='word_1_13' title='bbox 711 591 956 652; x_wconf 90' lang='lat' dir='ltr'><strong>omnium</strong></span> <span class='ocrx_word' id='word_1_14' title='bbox 996 585 1191 645; x_wconf 81' lang='lat' dir='ltr'><strong>reddes</strong></span> <span class='ocrx_word' id='word_1_15' title='bbox 1218 582 1510 648; x_wconf 86' lang='lat' dir='ltr'><strong>rationem,</strong></span> <span class='ocrx_word' id='word_1_16' title='bbox 1554 573 1813 647; x_wconf 78' lang='lat' dir='ltr'><strong>nequitia:</strong></span> 
     </span>
    </p>
   </div>
   <div class='ocr_carea' id='block_1_4' title="bbox 186 680 1812 753">
    <p class='ocr_par' dir='ltr' id='par_1_4' title="bbox 186 680 1812 753">
     <span class='ocr_line' id='line_1_4' title="bbox 186 680 1812 753; baseline -0.018 0"><span class='ocrx_word' id='word_1_17' title='bbox 186 696 361 753; x_wconf 85' lang='lat' dir='ltr'><strong>debita</strong></span> <span class='ocrx_word' id='word_1_18' title='bbox 400 693 614 749; x_wconf 78' lang='lat' dir='ltr'><strong>solves.</strong></span> <span class='ocrx_word' id='word_1_19' title='bbox 647 689 791 746; x_wconf 89' lang='lat' dir='ltr'><strong>Deus</strong></span> <span class='ocrx_word' id='word_1_20' title='bbox 817 684 963 743; x_wconf 86' lang='lat' dir='ltr'><strong>enim</strong></span> <span class='ocrx_word' id='word_1_21' title='bbox 985 695 1206 753; x_wconf 87' lang='lat' dir='ltr'><strong>semper</strong></span> <span class='ocrx_word' id='word_1_22' title='bbox 1230 689 1477 742; x_wconf 88' lang='lat' dir='ltr'><strong>manens,</strong></span> <span class='ocrx_word' id='word_1_23' title='bbox 1502 680 1812 730; x_wconf 89' lang='lat' dir='ltr'><strong>manentem</strong></span> 
     </span>
    </p>
   </div>
   <div class='ocr_carea' id='block_1_5' title="bbox 184 762 1814 861">
    <p class='ocr_par' dir='ltr' id='par_1_5' title="bbox 184 762 1814 861">
     <span class='ocr_line' id='line_1_5' title="bbox 184 762 1814 861; baseline -0.018 -14"><span class='ocrx_word' id='word_1_24' title='bbox 184 804 403 861; x_wconf 66' lang='lat' dir='ltr'><strong>semper</strong></span> <span class='ocrx_word' id='word_1_25' title='bbox 433 786 610 842; x_wconf 89' lang='lat' dir='ltr'><strong>habet</strong></span> <span class='ocrx_word' id='word_1_26' title='bbox 635 782 924 856; x_wconf 84' lang='lat' dir='ltr'><strong>justitiam,</strong></span> <span class='ocrx_word' id='word_1_27' title='bbox 966 776 1054 834; x_wconf 89' lang='lat' dir='ltr'><strong>cui</strong></span> <span class='ocrx_word' id='word_1_28' title='bbox 1093 789 1244 833; x_wconf 89' lang='lat' dir='ltr'><strong>mors</strong></span> <span class='ocrx_word' id='word_1_29' title='bbox 1271 770 1410 829; x_wconf 90' lang='lat' dir='ltr'><strong>nihil</strong></span> <span class='ocrx_word' id='word_1_30' title='bbox 1446 765 1708 825; x_wconf 89' lang='lat' dir='ltr'><strong>rescindit</strong></span> <span class='ocrx_word' id='word_1_31' title='bbox 1743 762 1814 818; x_wconf 90' lang='lat' dir='ltr'><strong>de</strong></span> 
     </span>
    </p>
   </div>
   <div class='ocr_carea' id='block_1_6' title="bbox 184 868 1815 942">
    <p class='ocr_par' dir='ltr' id='par_1_6' title="bbox 184 868 1815 942">
     <span class='ocr_line' id='line_1_6' title="bbox 184 868 1815 942; baseline -0.015 -8"><span class='ocrx_word' id='word_1_32' title='bbox 184 878 646 937; x_wconf 76' lang='lat' dir='ltr'><strong>remuneratione</strong></span> <span class='ocrx_word' id='word_1_33' title='bbox 667 874 914 932; x_wconf 79' lang='lat' dir='ltr'><strong>laborum</strong></span> <span class='ocrx_word' id='word_1_34' title='bbox 941 885 1039 942; x_wconf 89' lang='lat' dir='ltr'><strong>pro</strong></span> <span class='ocrx_word' id='word_1_35' title='bbox 1062 868 1263 924; x_wconf 89' lang='lat' dir='ltr'><strong>virtute</strong></span> <span class='ocrx_word' id='word_1_36' title='bbox 1287 870 1688 934; x_wconf 87' lang='lat' dir='ltr'><strong>susceptorum,</strong></span> <span class='ocrx_word' id='word_1_37' title='bbox 1712 870 1815 911; x_wconf 89' lang='lat' dir='ltr'><strong>nec</strong></span> 
     </span>
    </p>
   </div>
   <div class='ocr_carea' id='block_1_7' title="bbox 190 948 1738 1040">
    <p class='ocr_par' dir='ltr' id='par_1_7' title="bbox 190 948 1738 1040">
     <span class='ocr_line' id='line_1_7' title="bbox 190 948 1738 1040; baseline -0.017 -11"><span class='ocrx_word' id='word_1_38' title='bbox 190 975 251 1029; x_wconf 88' lang='lat' dir='ltr'><strong>de</strong></span> <span class='ocrx_word' id='word_1_39' title='bbox 278 971 629 1040; x_wconf 83' lang='lat' dir='ltr'><strong>irrogatione</strong></span> <span class='ocrx_word' id='word_1_40' title='bbox 653 966 1045 1038; x_wconf 80' lang='lat' dir='ltr'><strong>suppliciorum</strong></span> <span class='ocrx_word' id='word_1_41' title='bbox 1074 974 1196 1032; x_wconf 84' lang='lat' dir='ltr'><strong>qua:</strong></span> <span class='ocrx_word' id='word_1_42' title='bbox 1226 956 1497 1013; x_wconf 88' lang='lat' dir='ltr'><strong>debentur</strong></span> <span class='ocrx_word' id='word_1_43' title='bbox 1521 948 1738 1007; x_wconf 89' lang='lat' dir='ltr'><strong>sceleri.</strong></span> 
     </span>
    </p>
   </div>
   <div class='ocr_carea' id='block_1_8' title="bbox 259 1044 1817 1134">
    <p class='ocr_par' dir='ltr' id='par_1_8' title="bbox 259 1044 1817 1134">
     <span class='ocr_line' id='line_1_8' title="bbox 259 1044 1817 1134; baseline -0.017 -11"><span class='ocrx_word' id='word_1_44' title='bbox 259 1066 529 1123; x_wconf 67' lang='lat' dir='ltr'><strong>Mil-acula</strong></span> <span class='ocrx_word' id='word_1_45' title='bbox 574 1078 775 1134; x_wconf 79' lang='lat' dir='ltr'><strong>semper</strong></span> <span class='ocrx_word' id='word_1_46' title='bbox 817 1059 956 1115; x_wconf 78' lang='lat' dir='ltr'><strong>Deus</strong></span> <span class='ocrx_word' id='word_1_47' title='bbox 1001 1056 1144 1128; x_wconf 72' lang='lat' dir='ltr'><strong>facit.</strong></span> <span class='ocrx_word' id='word_1_48' title='bbox 1166 1052 1308 1108; x_wconf 67' lang='grc'><strong>-4,</strong></span> <span class='ocrx_word' id='word_1_49' title='bbox 1358 1048 1663 1106; x_wconf 76' lang='lat' dir='ltr'><strong>Memoriam</strong></span> <span class='ocrx_word' id='word_1_50' title='bbox 1689 1044 1817 1115; x_wconf 69' lang='lat' dir='ltr'><strong>fecit</strong></span> 
     </span>
    </p>
   </div>
   <div class='ocr_carea' id='block_1_9' title="bbox 192 1135 1818 1217">
    <p class='ocr_par' dir='ltr' id='par_1_9' title="bbox 192 1135 1818 1217">
     <span class='ocr_line' id='line_1_9' title="bbox 192 1135 1818 1217; baseline -0.015 -7"><span class='ocrx_word' id='word_1_51' title='bbox 192 1158 507 1211; x_wconf 67' lang='lat' dir='ltr'><strong>mirabilius:</strong></span> <span class='ocrx_word' id='word_1_52' title='bbox 554 1169 787 1209; x_wconf 79' lang='lat' dir='ltr'><strong>suorum.</strong></span> <span class='ocrx_word' id='word_1_53' title='bbox 836 1148 977 1217; x_wconf 85' lang='lat' dir='ltr'><strong>Quid</strong></span> <span class='ocrx_word' id='word_1_54' title='bbox 1019 1154 1139 1211; x_wconf 83' lang='lat' dir='ltr'><strong>est,</strong></span> <span class='ocrx_word' id='word_1_55' title='bbox 1183 1140 1485 1199; x_wconf 85' lang='lat' dir='ltr'><strong>Memoriam</strong></span> <span class='ocrx_word' id='word_1_56' title='bbox 1509 1137 1628 1209; x_wconf 79' lang='lat' dir='ltr'><strong>fecit</strong></span> <span class='ocrx_word' id='word_1_57' title='bbox 1658 1135 1818 1188; x_wconf 75' lang='lat' dir='ltr'><strong>mira-</strong></span> 
     </span>
    </p>
   </div>
   <div class='ocr_carea' id='block_1_10' title="bbox 193 1228 1817 1314">
    <p class='ocr_par' dir='ltr' id='par_1_10' title="bbox 193 1228 1817 1314">
     <span class='ocr_line' id='line_1_10' title="bbox 193 1228 1817 1314; baseline -0.015 -9"><span class='ocrx_word' id='word_1_58' title='bbox 193 1250 362 1305; x_wconf 63' lang='lat' dir='ltr'><strong>lilium</strong></span> <span class='ocrx_word' id='word_1_59' title='bbox 386 1247 653 1303; x_wconf 77' lang='lat' dir='ltr'><strong>suorum?</strong></span> <span class='ocrx_word' id='word_1_60' title='bbox 671 1239 1001 1314; x_wconf 80' lang='lat' dir='ltr'><strong>Numquam,</strong></span> <span class='ocrx_word' id='word_1_61' title='bbox 1028 1236 1224 1309; x_wconf 81' lang='lat' dir='ltr'><strong>inquit,</strong></span> <span class='ocrx_word' id='word_1_62' title='bbox 1251 1230 1511 1307; x_wconf 84' lang='lat' dir='ltr'><strong>miracula</strong></span> <span class='ocrx_word' id='word_1_63' title='bbox 1534 1229 1713 1285; x_wconf 80' lang='lat' dir='ltr'><strong>facere</strong></span> <span class='ocrx_word' id='word_1_64' title='bbox 1736 1228 1817 1281; x_wconf 86' lang='lat' dir='ltr'><strong>in-</strong></span> 
     </span>
    </p>
   </div>
   <div class='ocr_carea' id='block_1_11' title="bbox 194 1320 1814 1403">
    <p class='ocr_par' dir='ltr' id='par_1_11' title="bbox 194 1320 1814 1403">
     <span class='ocr_line' id='line_1_11' title="bbox 194 1320 1814 1403; baseline -0.015 -4"><span class='ocrx_word' id='word_1_65' title='bbox 194 1343 444 1398; x_wconf 71' lang='lat' dir='ltr'><strong>termisit.</strong></span> <span class='ocrx_word' id='word_1_66' title='bbox 477 1340 602 1396; x_wconf 78' lang='lat' dir='ltr'><strong>Hoc</strong></span> <span class='ocrx_word' id='word_1_67' title='bbox 628 1338 771 1395; x_wconf 88' lang='lat' dir='ltr'><strong>enim</strong></span> <span class='ocrx_word' id='word_1_68' title='bbox 801 1344 907 1403; x_wconf 90' lang='lat' dir='ltr'><strong>est,</strong></span> <span class='ocrx_word' id='word_1_69' title='bbox 935 1332 1235 1389; x_wconf 73' lang='lat' dir='ltr'><strong>Mauortem</strong></span> <span class='ocrx_word' id='word_1_70' title='bbox 1263 1328 1401 1400; x_wconf 77' lang='lat' dir='ltr'><strong>fecit,</strong></span> <span class='ocrx_word' id='word_1_71' title='bbox 1425 1340 1534 1381; x_wconf 92' lang='lat' dir='ltr'><strong>non</strong></span> <span class='ocrx_word' id='word_1_72' title='bbox 1560 1320 1814 1385; x_wconf 84' lang='lat' dir='ltr'><strong>cessavit,</strong></span> 
     </span>
    </p>
   </div>
   <div class='ocr_carea' id='block_1_12' title="bbox 195 1419 1820 1505">
    <p class='ocr_par' dir='ltr' id='par_1_12' title="bbox 195 1419 1820 1505">
     <span class='ocr_line' id='line_1_12' title="bbox 195 1419 1820 1505; baseline -0.014 -11"><span class='ocrx_word' id='word_1_73' title='bbox 195 1453 297 1494; x_wconf 82' lang='lat' dir='ltr'><strong>non</strong></span> <span class='ocrx_word' id='word_1_74' title='bbox 347 1436 573 1492; x_wconf 78' lang='lat' dir='ltr'><strong>destitit</strong></span> <span class='ocrx_word' id='word_1_75' title='bbox 605 1449 704 1505; x_wconf 89' lang='lat' dir='ltr'><strong>per</strong></span> <span class='ocrx_word' id='word_1_76' title='bbox 742 1447 961 1488; x_wconf 85' lang='lat' dir='ltr'><strong>omnem</strong></span> <span class='ocrx_word' id='word_1_77' title='bbox 1003 1428 1409 1499; x_wconf 80' lang='lat' dir='ltr'><strong>generationem</strong></span> <span class='ocrx_word' id='word_1_78' title='bbox 1450 1422 1632 1479; x_wconf 77' lang='lat' dir='ltr'><strong>facere</strong></span> <span class='ocrx_word' id='word_1_79' title='bbox 1660 1419 1820 1474; x_wconf 85' lang='lat' dir='ltr'><strong>mira-</strong></span> 
     </span>
    </p>
   </div>
   <div class='ocr_carea' id='block_1_13' title="bbox 196 1508 1817 1599">
    <p class='ocr_par' dir='ltr' id='par_1_13' title="bbox 196 1508 1817 1599">
     <span class='ocr_line' id='line_1_13' title="bbox 196 1508 1817 1599; baseline -0.015 -12"><span class='ocrx_word' id='word_1_80' title='bbox 196 1532 331 1594; x_wconf 80' lang='lat' dir='ltr'><strong>cula,</strong></span> <span class='ocrx_word' id='word_1_81' title='bbox 363 1539 423 1585; x_wconf 87' lang='lat' dir='ltr'><strong>et</strong></span> <span class='ocrx_word' id='word_1_82' title='bbox 451 1545 558 1599; x_wconf 88' lang='lat' dir='ltr'><strong>per</strong></span> <span class='ocrx_word' id='word_1_83' title='bbox 585 1542 675 1583; x_wconf 88' lang='lat' dir='ltr'><strong>res</strong></span> <span class='ocrx_word' id='word_1_84' title='bbox 700 1523 1046 1580; x_wconf 74' lang='lat' dir='ltr'><strong>admirabiles</strong></span> <span class='ocrx_word' id='word_1_85' title='bbox 1081 1519 1321 1576; x_wconf 79' lang='lat' dir='ltr'><strong>excitare</strong></span> <span class='ocrx_word' id='word_1_86' title='bbox 1352 1514 1670 1571; x_wconf 74' lang='lat' dir='ltr'><strong>crassiores.</strong></span> <span class='ocrx_word' id='word_1_87' title='bbox 1712 1508 1817 1577; x_wconf 86' lang='lat' dir='ltr'><strong>Qui</strong></span> 
     </span>
    </p>
   </div>
   <div class='ocr_carea' id='block_1_14' title="bbox 195 1606 1818 1685">
    <p class='ocr_par' dir='ltr' id='par_1_14' title="bbox 195 1606 1818 1685">
     <span class='ocr_line' id='line_1_14' title="bbox 195 1606 1818 1685; baseline -0.013 -4"><span class='ocrx_word' id='word_1_88' title='bbox 195 1634 276 1681; x_wconf 86' lang='lat' dir='ltr'><strong>est</strong></span> <span class='ocrx_word' id='word_1_89' title='bbox 310 1624 463 1679; x_wconf 88' lang='lat' dir='ltr'><strong>enim</strong></span> <span class='ocrx_word' id='word_1_90' title='bbox 498 1620 722 1677; x_wconf 83' lang='lat' dir='ltr'><strong>excelso</strong></span> <span class='ocrx_word' id='word_1_91' title='bbox 749 1618 932 1673; x_wconf 89' lang='lat' dir='ltr'><strong>animo</strong></span> <span class='ocrx_word' id='word_1_92' title='bbox 970 1624 1028 1672; x_wconf 91' lang='lat' dir='ltr'><strong>et</strong></span> <span class='ocrx_word' id='word_1_93' title='bbox 1070 1610 1427 1685; x_wconf 75' lang='lat' dir='ltr'><strong>philosophia:</strong></span> <span class='ocrx_word' id='word_1_94' title='bbox 1467 1606 1674 1673; x_wconf 89' lang='lat' dir='ltr'><strong>dedito,</strong></span> <span class='ocrx_word' id='word_1_95' title='bbox 1707 1619 1818 1660; x_wconf 89' lang='lat' dir='ltr'><strong>non</strong></span> 
     </span>
    </p>
   </div>
   <div class='ocr_carea' id='block_1_15' title="bbox 195 1694 1819 1787">
    <p class='ocr_par' dir='ltr' id='par_1_15' title="bbox 195 1694 1819 1787">
     <span class='ocr_line' id='line_1_15' title="bbox 195 1694 1819 1787; baseline -0.012 -16"><span class='ocrx_word' id='word_1_96' title='bbox 195 1732 341 1787; x_wconf 65' lang='lat' dir='ltr'><strong>Opus»</strong></span> <span class='ocrx_word' id='word_1_97' title='bbox 364 1714 601 1772; x_wconf 83' lang='lat' dir='ltr'><strong>habebit</strong></span> <span class='ocrx_word' id='word_1_98' title='bbox 626 1713 797 1784; x_wconf 90' lang='lat' dir='ltr'><strong>signis</strong></span> <span class='ocrx_word' id='word_1_99' title='bbox 829 1728 844 1766; x_wconf 92' lang='lat'><strong>:</strong></span> <span class='ocrx_word' id='word_1_100' title='bbox 876 1708 1024 1765; x_wconf 81' lang='lat' dir='ltr'><strong>Beati</strong></span> <span class='ocrx_word' id='word_1_101' title='bbox 1066 1706 1211 1763; x_wconf 89' lang='lat' dir='ltr'><strong>enim</strong></span> <span class='ocrx_word' id='word_1_102' title='bbox 1238 1704 1325 1774; x_wconf 84' lang='lat' dir='ltr'><strong>qui</strong></span> <span class='ocrx_word' id='word_1_103' title='bbox 1354 1718 1457 1756; x_wconf 87' lang='lat' dir='ltr'><strong>non</strong></span> <span class='ocrx_word' id='word_1_104' title='bbox 1486 1694 1737 1762; x_wconf 77' lang='lat' dir='ltr'><strong>viderunt,</strong></span> <span class='ocrx_word' id='word_1_105' title='bbox 1771 1704 1819 1751; x_wconf 85' lang='lat' dir='ltr'><strong>et</strong></span> 
     </span>
    </p>
   </div>
   <div class='ocr_carea' id='block_1_16' title="bbox 196 1793 1820 1877">
    <p class='ocr_par' dir='ltr' id='par_1_16' title="bbox 196 1793 1820 1877">
     <span class='ocr_line' id='line_1_16' title="bbox 196 1793 1820 1877; baseline -0.012 -12"><span class='ocrx_word' id='word_1_106' title='bbox 196 1808 528 1865; x_wconf 70' lang='lat' dir='ltr'><strong>aediderunt</strong></span> <span class='ocrx_word' id='word_1_107' title='bbox 556 1804 739 1877; x_wconf 76' lang='lat' dir='ltr'><strong>(Iona.</strong></span> <span class='ocrx_word' id='word_1_108' title='bbox 764 1802 856 1858; x_wconf 74' lang='lat'><strong>20.</strong></span> <span class='ocrx_word' id='word_1_109' title='bbox 887 1801 1003 1873; x_wconf 74' lang='lat'><strong>29).</strong></span> <span class='ocrx_word' id='word_1_110' title='bbox 1032 1797 1299 1869; x_wconf 81' lang='lat' dir='ltr'><strong>Quoniam</strong></span> <span class='ocrx_word' id='word_1_111' title='bbox 1330 1803 1511 1851; x_wconf 90' lang='lat' dir='ltr'><strong>autem</strong></span> <span class='ocrx_word' id='word_1_112' title='bbox 1558 1793 1675 1863; x_wconf 90' lang='lat' dir='ltr'><strong>ipse</strong></span> <span class='ocrx_word' id='word_1_113' title='bbox 1709 1803 1820 1845; x_wconf 88' lang='lat' dir='ltr'><strong>non</strong></span> 
     </span>
    </p>
   </div>
   <div class='ocr_carea' id='block_1_17' title="bbox 197 1881 1820 1963">
    <p class='ocr_par' dir='ltr' id='par_1_17' title="bbox 197 1881 1820 1963">
     <span class='ocr_line' id='line_1_17' title="bbox 197 1881 1820 1963; baseline -0.015 -5"><span class='ocrx_word' id='word_1_114' title='bbox 197 1915 385 1957; x_wconf 87' lang='lat' dir='ltr'><strong>eorum</strong></span> <span class='ocrx_word' id='word_1_115' title='bbox 418 1895 803 1954; x_wconf 88' lang='lat' dir='ltr'><strong>tantummodo</strong></span> <span class='ocrx_word' id='word_1_116' title='bbox 832 1907 1016 1950; x_wconf 90' lang='lat' dir='ltr'><strong>curam</strong></span> <span class='ocrx_word' id='word_1_117' title='bbox 1041 1891 1202 1963; x_wconf 90' lang='lat' dir='ltr'><strong>gerit,</strong></span> <span class='ocrx_word' id='word_1_118' title='bbox 1244 1887 1341 1944; x_wconf 89' lang='lat' dir='ltr'><strong>sed</strong></span> <span class='ocrx_word' id='word_1_119' title='bbox 1374 1886 1538 1943; x_wconf 89' lang='lat' dir='ltr'><strong>etiam</strong></span> <span class='ocrx_word' id='word_1_120' title='bbox 1578 1881 1820 1938; x_wconf 81' lang='lat' dir='ltr'><strong>crassio-</strong></span> 
     </span>
    </p>
   </div>
   <div class='ocr_carea' id='block_1_18' title="bbox 199 1973 1821 2061">
    <p class='ocr_par' dir='ltr' id='par_1_18' title="bbox 199 1973 1821 2061">
     <span class='ocr_line' id='line_1_18' title="bbox 199 1973 1821 2061; baseline -0.012 -12"><span class='ocrx_word' id='word_1_121' title='bbox 199 2008 338 2061; x_wconf 80' lang='lat' dir='ltr'><strong>rum,</strong></span> <span class='ocrx_word' id='word_1_122' title='bbox 364 1991 423 2048; x_wconf 89' lang='lat' dir='ltr'><strong>in</strong></span> <span class='ocrx_word' id='word_1_123' title='bbox 449 1989 607 2048; x_wconf 90' lang='lat' dir='ltr'><strong>omni</strong></span> <span class='ocrx_word' id='word_1_124' title='bbox 654 1987 770 2044; x_wconf 79' lang='lat' dir='ltr'><strong>fere</strong></span> <span class='ocrx_word' id='word_1_125' title='bbox 803 1984 1151 2059; x_wconf 72' lang='lat' dir='ltr'><strong>generatione</strong></span> <span class='ocrx_word' id='word_1_126' title='bbox 1180 1998 1289 2037; x_wconf 89' lang='lat' dir='ltr'><strong>non</strong></span> <span class='ocrx_word' id='word_1_127' title='bbox 1332 1986 1513 2036; x_wconf 83' lang='lat' dir='ltr'><strong>cessat</strong></span> <span class='ocrx_word' id='word_1_128' title='bbox 1559 1973 1821 2032; x_wconf 84' lang='lat' dir='ltr'><strong>miracula</strong></span> 
     </span>
    </p>
   </div>
   <div class='ocr_carea' id='block_1_19' title="bbox 200 2069 1821 2153">
    <p class='ocr_par' dir='ltr' id='par_1_19' title="bbox 200 2069 1821 2153">
     <span class='ocr_line' id='line_1_19' title="bbox 200 2069 1821 2153; baseline -0.014 -11"><span class='ocrx_word' id='word_1_129' title='bbox 200 2084 380 2141; x_wconf 85' lang='lat' dir='ltr'><strong>edere.</strong></span> <span class='ocrx_word' id='word_1_130' title='bbox 418 2082 573 2140; x_wconf 81' lang='lat' dir='ltr'><strong>Satis</strong></span> <span class='ocrx_word' id='word_1_131' title='bbox 593 2079 811 2153; x_wconf 88' lang='lat' dir='ltr'><strong>quidem</strong></span> <span class='ocrx_word' id='word_1_132' title='bbox 835 2091 1088 2149; x_wconf 84' lang='lat' dir='ltr'><strong>magnum</strong></span> <span class='ocrx_word' id='word_1_133' title='bbox 1115 2085 1200 2132; x_wconf 83' lang='lat' dir='ltr'><strong>est</strong></span> <span class='ocrx_word' id='word_1_134' title='bbox 1224 2070 1543 2129; x_wconf 85' lang='lat' dir='ltr'><strong>miraculum</strong></span> <span class='ocrx_word' id='word_1_135' title='bbox 1565 2069 1821 2123; x_wconf 85' lang='lat' dir='ltr'><strong>universa</strong></span> 
     </span>
    </p>
   </div>
   <div class='ocr_carea' id='block_1_20' title="bbox 202 2162 1821 2249">
    <p class='ocr_par' dir='ltr' id='par_1_20' title="bbox 202 2162 1821 2249">
     <span class='ocr_line' id='line_1_20' title="bbox 202 2162 1821 2249; baseline -0.013 -14"><span class='ocrx_word' id='word_1_136' title='bbox 202 2195 386 2235; x_wconf 87' lang='lat' dir='ltr'><strong>eorum</strong></span> <span class='ocrx_word' id='word_1_137' title='bbox 428 2193 559 2249; x_wconf 80' lang='lat' dir='ltr'><strong>qua:</strong></span> <span class='ocrx_word' id='word_1_138' title='bbox 595 2174 848 2231; x_wconf 88' lang='lat' dir='ltr'><strong>videntur</strong></span> <span class='ocrx_word' id='word_1_139' title='bbox 885 2170 1130 2227; x_wconf 87' lang='lat' dir='ltr'><strong>creatio:</strong></span> <span class='ocrx_word' id='word_1_140' title='bbox 1161 2166 1258 2224; x_wconf 88' lang='lat' dir='ltr'><strong>sed</strong></span> <span class='ocrx_word' id='word_1_141' title='bbox 1300 2175 1482 2222; x_wconf 87' lang='lat' dir='ltr'><strong>tamen</strong></span> <span class='ocrx_word' id='word_1_142' title='bbox 1524 2162 1821 2218; x_wconf 89' lang='lat' dir='ltr'><strong>multorum</strong></span> 
     </span>
    </p>
   </div>
   <div class='ocr_carea' id='block_1_21' title="bbox 203 2255 1818 2345">
    <p class='ocr_par' dir='ltr' id='par_1_21' title="bbox 203 2255 1818 2345">
     <span class='ocr_line' id='line_1_21' title="bbox 203 2255 1818 2345; baseline -0.012 -16"><span class='ocrx_word' id='word_1_143' title='bbox 203 2272 510 2345; x_wconf 72' lang='lat' dir='ltr'><strong>socordiam</strong></span> <span class='ocrx_word' id='word_1_144' title='bbox 543 2271 808 2333; x_wconf 77' lang='lat' dir='ltr'><strong>excitans,</strong></span> <span class='ocrx_word' id='word_1_145' title='bbox 835 2266 889 2322; x_wconf 91' lang='lat' dir='ltr'><strong>in</strong></span> <span class='ocrx_word' id='word_1_146' title='bbox 915 2262 1099 2321; x_wconf 92' lang='lat' dir='ltr'><strong>medio</strong></span> <span class='ocrx_word' id='word_1_147' title='bbox 1119 2262 1226 2318; x_wconf 88' lang='lat' dir='ltr'><strong>hoc</strong></span> <span class='ocrx_word' id='word_1_148' title='bbox 1250 2260 1464 2315; x_wconf 88' lang='lat' dir='ltr'><strong>theatro</strong></span> <span class='ocrx_word' id='word_1_149' title='bbox 1484 2266 1542 2314; x_wconf 91' lang='lat' dir='ltr'><strong>et</strong></span> <span class='ocrx_word' id='word_1_150' title='bbox 1568 2255 1818 2328; x_wconf 77' lang='lat' dir='ltr'><strong>privatim</strong></span> 
     </span>
    </p>
   </div>
   <div class='ocr_carea' id='block_1_22' title="bbox 204 2346 1820 2436">
    <p class='ocr_par' dir='ltr' id='par_1_22' title="bbox 204 2346 1820 2436">
     <span class='ocr_line' id='line_1_22' title="bbox 204 2346 1820 2436; baseline -0.013 -15"><span class='ocrx_word' id='word_1_151' title='bbox 204 2372 257 2420; x_wconf 86' lang='lat' dir='ltr'><strong>et</strong></span> <span class='ocrx_word' id='word_1_152' title='bbox 291 2362 517 2436; x_wconf 86' lang='lat' dir='ltr'><strong>publice</strong></span> <span class='ocrx_word' id='word_1_153' title='bbox 563 2362 733 2417; x_wconf 88' lang='lat' dir='ltr'><strong>multa</strong></span> <span class='ocrx_word' id='word_1_154' title='bbox 759 2356 1002 2415; x_wconf 88' lang='lat' dir='ltr'><strong>ostendit</strong></span> <span class='ocrx_word' id='word_1_155' title='bbox 1030 2352 1322 2418; x_wconf 87' lang='lat' dir='ltr'><strong>mirabilia,</strong></span> <span class='ocrx_word' id='word_1_156' title='bbox 1350 2351 1491 2407; x_wconf 86' lang='lat' dir='ltr'><strong>sicut</strong></span> <span class='ocrx_word' id='word_1_157' title='bbox 1527 2346 1820 2412; x_wconf 83' lang='lat' dir='ltr'><strong>diluvium,</strong></span> 
     </span>
    </p>
   </div>
   <div class='ocr_carea' id='block_1_23' title="bbox 207 2440 1824 2529">
    <p class='ocr_par' dir='ltr' id='par_1_23' title="bbox 207 2440 1824 2529">
     <span class='ocr_line' id='line_1_23' title="bbox 207 2440 1824 2529; baseline -0.014 -16"><span class='ocrx_word' id='word_1_158' title='bbox 207 2456 519 2529; x_wconf 74' lang='lat' dir='ltr'><strong>linguarum</strong></span> <span class='ocrx_word' id='word_1_159' title='bbox 572 2451 979 2517; x_wconf 80' lang='lat' dir='ltr'><strong>confusionem,</strong></span> <span class='ocrx_word' id='word_1_160' title='bbox 1028 2445 1391 2504; x_wconf 87' lang='lat' dir='ltr'><strong>Sodomorum</strong></span> <span class='ocrx_word' id='word_1_161' title='bbox 1424 2440 1824 2511; x_wconf 81' lang='lat' dir='ltr'><strong>conﬂagratio-</strong></span> 
     </span>
    </p>
   </div>
   <div class='ocr_carea' id='block_1_24' title="bbox 208 2536 1823 2618">
    <p class='ocr_par' dir='ltr' id='par_1_24' title="bbox 208 2536 1823 2618">
     <span class='ocr_line' id='line_1_24' title="bbox 208 2536 1823 2618; baseline -0.012 -13"><span class='ocrx_word' id='word_1_162' title='bbox 208 2564 353 2616; x_wconf 89' lang='lat' dir='ltr'><strong>nem,</strong></span> <span class='ocrx_word' id='word_1_163' title='bbox 386 2563 515 2618; x_wconf 72' lang='lat' dir='ltr'><strong>qua:</strong></span> <span class='ocrx_word' id='word_1_164' title='bbox 545 2543 796 2610; x_wconf 71' lang='lat' dir='ltr'><strong>Abrahae,</strong></span> <span class='ocrx_word' id='word_1_165' title='bbox 823 2557 943 2614; x_wconf 75' lang='lat' dir='ltr'><strong>qua:</strong></span> <span class='ocrx_word' id='word_1_166' title='bbox 964 2538 1135 2606; x_wconf 79' lang='lat' dir='ltr'><strong>Isaae,</strong></span> <span class='ocrx_word' id='word_1_167' title='bbox 1162 2552 1284 2609; x_wconf 77' lang='lat' dir='ltr'><strong>qua:</strong></span> <span class='ocrx_word' id='word_1_168' title='bbox 1309 2536 1477 2594; x_wconf 83' lang='lat' dir='ltr'><strong>Jacob</strong></span> <span class='ocrx_word' id='word_1_169' title='bbox 1498 2539 1823 2597; x_wconf 89' lang='lat' dir='ltr'><strong>evenerunt,</strong></span> 
     </span>
    </p>
   </div>
   <div class='ocr_carea' id='block_1_25' title="bbox 210 2625 1823 2711">
    <p class='ocr_par' dir='ltr' id='par_1_25' title="bbox 210 2625 1823 2711">
     <span class='ocr_line' id='line_1_25' title="bbox 210 2625 1823 2711; baseline -0.01 -18"><span class='ocrx_word' id='word_1_170' title='bbox 210 2656 325 2711; x_wconf 76' lang='lat' dir='ltr'><strong>qua:</strong></span> <span class='ocrx_word' id='word_1_171' title='bbox 356 2640 412 2695; x_wconf 93' lang='lat' dir='ltr'><strong>in</strong></span> <span class='ocrx_word' id='word_1_172' title='bbox 443 2637 683 2710; x_wconf 53' lang='lat' dir='ltr'><strong>[Egypto</strong></span> <span class='ocrx_word' id='word_1_173' title='bbox 712 2634 851 2691; x_wconf 79' lang='lat' dir='ltr'><strong>facta</strong></span> <span class='ocrx_word' id='word_1_174' title='bbox 877 2642 1025 2696; x_wconf 89' lang='lat' dir='ltr'><strong>sunt,</strong></span> <span class='ocrx_word' id='word_1_175' title='bbox 1066 2648 1187 2702; x_wconf 62' lang='lat' dir='ltr'><strong>qua:</strong></span> <span class='ocrx_word' id='word_1_176' title='bbox 1214 2631 1266 2685; x_wconf 93' lang='lat' dir='ltr'><strong>in</strong></span> <span class='ocrx_word' id='word_1_177' title='bbox 1295 2630 1441 2685; x_wconf 81' lang='lat' dir='ltr'><strong>exitu</strong></span> <span class='ocrx_word' id='word_1_178' title='bbox 1482 2625 1823 2691; x_wconf 69' lang='lat' dir='ltr'><strong>Judreorum,</strong></span> 
     </span>
    </p>
   </div>
   <div class='ocr_carea' id='block_1_26' title="bbox 210 2719 1824 2803">
    <p class='ocr_par' dir='ltr' id='par_1_26' title="bbox 210 2719 1824 2803">
     <span class='ocr_line' id='line_1_26' title="bbox 210 2719 1824 2803; baseline -0.009 -17"><span class='ocrx_word' id='word_1_179' title='bbox 210 2748 327 2803; x_wconf 80' lang='lat' dir='ltr'><strong>quze</strong></span> <span class='ocrx_word' id='word_1_180' title='bbox 356 2732 415 2787; x_wconf 91' lang='lat' dir='ltr'><strong>in</strong></span> <span class='ocrx_word' id='word_1_181' title='bbox 440 2727 757 2793; x_wconf 79' lang='lat' dir='ltr'><strong>solitudine,</strong></span> <span class='ocrx_word' id='word_1_182' title='bbox 788 2742 909 2797; x_wconf 69' lang='lat' dir='ltr'><strong>qum</strong></span> <span class='ocrx_word' id='word_1_183' title='bbox 938 2727 991 2781; x_wconf 93' lang='lat' dir='ltr'><strong>in</strong></span> <span class='ocrx_word' id='word_1_184' title='bbox 1025 2724 1346 2790; x_wconf 60' lang='lat' dir='ltr'><strong>Palaestina,</strong></span> <span class='ocrx_word' id='word_1_185' title='bbox 1374 2727 1498 2793; x_wconf 73' lang='lat' dir='ltr'><strong>quae</strong></span> <span class='ocrx_word' id='word_1_186' title='bbox 1529 2719 1824 2791; x_wconf 82' lang='lat' dir='ltr'><strong>Babylone,</strong></span> 
     </span>
    </p>
   </div>
   <div class='ocr_carea' id='block_1_27' title="bbox 213 2812 1829 2897">
    <p class='ocr_par' dir='ltr' id='par_1_27' title="bbox 213 2812 1829 2897">
     <span class='ocr_line' id='line_1_27' title="bbox 213 2812 1829 2897; baseline -0.011 -17"><span class='ocrx_word' id='word_1_187' title='bbox 213 2842 331 2897; x_wconf 84' lang='lat' dir='ltr'><strong>qua:</strong></span> <span class='ocrx_word' id='word_1_188' title='bbox 358 2834 485 2896; x_wconf 87' lang='lat' dir='ltr'><strong>post</strong></span> <span class='ocrx_word' id='word_1_189' title='bbox 506 2821 762 2887; x_wconf 90' lang='lat' dir='ltr'><strong>reditum,</strong></span> <span class='ocrx_word' id='word_1_190' title='bbox 786 2833 907 2890; x_wconf 70' lang='lat' dir='ltr'><strong>qua:</strong></span> <span class='ocrx_word' id='word_1_191' title='bbox 933 2826 1177 2889; x_wconf 90' lang='lat' dir='ltr'><strong>tempore</strong></span> <span class='ocrx_word' id='word_1_192' title='bbox 1196 2812 1683 2876; x_wconf 63' lang='lat' dir='ltr'><strong>Macchabaeorum,</strong></span> <span class='ocrx_word' id='word_1_193' title='bbox 1708 2823 1829 2879; x_wconf 75' lang='lat' dir='ltr'><strong>qua:</strong></span> 
     </span>
    </p>
   </div>
   <div class='ocr_carea' id='block_1_28' title="bbox 219 2902 1830 2986">
    <p class='ocr_par' dir='ltr' id='par_1_28' title="bbox 219 2902 1830 2986">
     <span class='ocr_line' id='line_1_28' title="bbox 219 2902 1830 2986; baseline -0.011 -13"><span class='ocrx_word' id='word_1_194' title='bbox 219 2924 335 2986; x_wconf 85' lang='lat' dir='ltr'><strong>post</strong></span> <span class='ocrx_word' id='word_1_195' title='bbox 358 2914 564 2971; x_wconf 85' lang='lat' dir='ltr'><strong>Christi</strong></span> <span class='ocrx_word' id='word_1_196' title='bbox 588 2913 898 2979; x_wconf 86' lang='lat' dir='ltr'><strong>adventum,</strong></span> <span class='ocrx_word' id='word_1_197' title='bbox 925 2925 1046 2981; x_wconf 82' lang='lat' dir='ltr'><strong>qua:</strong></span> <span class='ocrx_word' id='word_1_198' title='bbox 1082 2909 1135 2963; x_wconf 94' lang='lat' dir='ltr'><strong>in</strong></span> <span class='ocrx_word' id='word_1_199' title='bbox 1176 2902 1297 2977; x_wconf 82' lang='lat' dir='ltr'><strong>ipso</strong></span> <span class='ocrx_word' id='word_1_200' title='bbox 1338 2904 1597 2968; x_wconf 82' lang='lat' dir='ltr'><strong>adventu,</strong></span> <span class='ocrx_word' id='word_1_201' title='bbox 1629 2917 1752 2973; x_wconf 63' lang='lat' dir='ltr'><strong>quatl</strong></span> <span class='ocrx_word' id='word_1_202' title='bbox 1777 2902 1830 2955; x_wconf 93' lang='lat' dir='ltr'><strong>in</strong></span> 
     </span>
    </p>
   </div>
   <div class='ocr_carea' id='block_1_29' title="bbox 218 2988 1829 3076">
    <p class='ocr_par' dir='ltr' id='par_1_29' title="bbox 218 2988 1829 3076">
     <span class='ocr_line' id='line_1_29' title="bbox 218 2988 1829 3076; baseline -0.011 -9"><span class='ocrx_word' id='word_1_203' title='bbox 218 3012 360 3067; x_wconf 90' lang='lat' dir='ltr'><strong>diem</strong></span> <span class='ocrx_word' id='word_1_204' title='bbox 390 3010 720 3065; x_wconf 88' lang='lat' dir='ltr'><strong>hodiernum</strong></span> <span class='ocrx_word' id='word_1_205' title='bbox 752 3020 924 3076; x_wconf 88' lang='lat' dir='ltr'><strong>usque</strong></span> <span class='ocrx_word' id='word_1_206' title='bbox 950 2988 1102 3070; x_wconf 7' lang='lat' dir='ltr'><strong>tinuit,</strong></span> <span class='ocrx_word' id='word_1_207' title='bbox 1137 3002 1293 3057; x_wconf 90' lang='lat' dir='ltr'><strong>ruina</strong></span> <span class='ocrx_word' id='word_1_208' title='bbox 1341 2997 1829 3070; x_wconf 84' lang='lat' dir='ltr'><strong>Jerosolymorum,</strong></span> 
     </span>
    </p>
   </div>
   <div class='ocr_carea' id='block_1_30' title="bbox 221 3092 1833 3165">
    <p class='ocr_par' dir='ltr' id='par_1_30' title="bbox 221 3092 1833 3165">
     <span class='ocr_line' id='line_1_30' title="bbox 221 3092 1833 3165; baseline -0.009 -7"><span class='ocrx_word' id='word_1_209' title='bbox 221 3101 505 3158; x_wconf 64' lang='lat' dir='ltr'><strong>aediﬁcatio</strong></span> <span class='ocrx_word' id='word_1_210' title='bbox 526 3099 803 3163; x_wconf 60' lang='lat' dir='ltr'><strong>Ecclesia,</strong></span> <span class='ocrx_word' id='word_1_211' title='bbox 823 3096 1047 3153; x_wconf 88' lang='lat' dir='ltr'><strong>verbum</strong></span> <span class='ocrx_word' id='word_1_212' title='bbox 1076 3092 1220 3165; x_wconf 84' lang='lat' dir='ltr'><strong>quod</strong></span> <span class='ocrx_word' id='word_1_213' title='bbox 1243 3105 1678 3163; x_wconf 81' lang='lat' dir='ltr'><strong>quoquoversum</strong></span> <span class='ocrx_word' id='word_1_214' title='bbox 1709 3103 1833 3156; x_wconf 60' lang='lat' dir='ltr'><strong>pero</strong></span> 
     </span>
    </p>
   </div>
   <div class='ocr_carea' id='block_1_31' title="bbox 224 3180 1833 3266">
    <p class='ocr_par' dir='ltr' id='par_1_31' title="bbox 224 3180 1833 3266">
     <span class='ocr_line' id='line_1_31' title="bbox 224 3180 1833 3266; baseline -0.011 -15"><span class='ocrx_word' id='word_1_215' title='bbox 224 3194 386 3262; x_wconf 85' lang='lat' dir='ltr'><strong>vadit,</strong></span> <span class='ocrx_word' id='word_1_216' title='bbox 401 3193 546 3266; x_wconf 87' lang='lat' dir='ltr'><strong>quod</strong></span> <span class='ocrx_word' id='word_1_217' title='bbox 569 3206 667 3263; x_wconf 88' lang='lat' dir='ltr'><strong>per</strong></span> <span class='ocrx_word' id='word_1_218' title='bbox 687 3189 881 3245; x_wconf 83' lang='lat' dir='ltr'><strong>ﬂuctus</strong></span> <span class='ocrx_word' id='word_1_219' title='bbox 908 3188 1150 3258; x_wconf 76' lang='lat' dir='ltr'><strong>erigitur,</strong></span> <span class='ocrx_word' id='word_1_220' title='bbox 1176 3200 1273 3257; x_wconf 91' lang='lat' dir='ltr'><strong>per</strong></span> <span class='ocrx_word' id='word_1_221' title='bbox 1297 3183 1436 3239; x_wconf 86' lang='lat' dir='ltr'><strong>bella</strong></span> <span class='ocrx_word' id='word_1_222' title='bbox 1449 3180 1833 3252; x_wconf 82' lang='lat' dir='ltr'><strong>ampliﬁcatur,</strong></span> 
     </span>
    </p>
   </div>
   <div class='ocr_carea' id='block_1_32' title="bbox 227 3271 1837 3358">
    <p class='ocr_par' dir='ltr' id='par_1_32' title="bbox 227 3271 1837 3358">
     <span class='ocr_line' id='line_1_32' title="bbox 227 3271 1837 3358; baseline -0.009 -17"><span class='ocrx_word' id='word_1_223' title='bbox 227 3296 529 3358; x_wconf 77' lang='lat' dir='ltr'><strong>martyrum</strong></span> <span class='ocrx_word' id='word_1_224' title='bbox 568 3283 765 3347; x_wconf 63' lang='lat' dir='ltr'><strong>turbae,</strong></span> <span class='ocrx_word' id='word_1_225' title='bbox 796 3280 1010 3351; x_wconf 86' lang='lat' dir='ltr'><strong>aliaque</strong></span> <span class='ocrx_word' id='word_1_226' title='bbox 1029 3278 1233 3333; x_wconf 87' lang='lat' dir='ltr'><strong>omnia.</strong></span> <span class='ocrx_word' id='word_1_227' title='bbox 1263 3276 1428 3331; x_wconf 83' lang='lat' dir='ltr'><strong>Multa</strong></span> <span class='ocrx_word' id='word_1_228' title='bbox 1454 3283 1634 3330; x_wconf 86' lang='lat' dir='ltr'><strong>autem</strong></span> <span class='ocrx_word' id='word_1_229' title='bbox 1665 3271 1837 3328; x_wconf 86' lang='lat' dir='ltr'><strong>videri</strong></span> 
     </span>
    </p>
   </div>
   <div class='ocr_carea' id='block_1_33' title="bbox 228 3365 1837 3449">
    <p class='ocr_par' dir='ltr' id='par_1_33' title="bbox 228 3365 1837 3449">
     <span class='ocr_line' id='line_1_33' title="bbox 228 3365 1837 3449; baseline -0.011 -12"><span class='ocrx_word' id='word_1_230' title='bbox 228 3389 446 3449; x_wconf 79' lang='lat' dir='ltr'><strong>possunt</strong></span> <span class='ocrx_word' id='word_1_231' title='bbox 473 3385 531 3435; x_wconf 91' lang='lat' dir='ltr'><strong>et</strong></span> <span class='ocrx_word' id='word_1_232' title='bbox 552 3374 820 3447; x_wconf 86' lang='lat' dir='ltr'><strong>privatim,</strong></span> <span class='ocrx_word' id='word_1_233' title='bbox 843 3382 898 3427; x_wconf 90' lang='lat' dir='ltr'><strong>et</strong></span> <span class='ocrx_word' id='word_1_234' title='bbox 920 3373 971 3426; x_wconf 93' lang='lat' dir='ltr'><strong>in</strong></span> <span class='ocrx_word' id='word_1_235' title='bbox 999 3370 1184 3436; x_wconf 91' lang='lat' dir='ltr'><strong>domo,</strong></span> <span class='ocrx_word' id='word_1_236' title='bbox 1212 3370 1341 3425; x_wconf 91' lang='lat' dir='ltr'><strong>etin</strong></span> <span class='ocrx_word' id='word_1_237' title='bbox 1366 3368 1676 3426; x_wconf 84' lang='lat' dir='ltr'><strong>civitatibus</strong></span> <span class='ocrx_word' id='word_1_238' title='bbox 1698 3365 1837 3421; x_wconf 80' lang='lat' dir='ltr'><strong>facta</strong></span> 
     </span>
    </p>
   </div>
   <div class='ocr_carea' id='block_1_34' title="bbox 228 3459 1839 3539">
    <p class='ocr_par' dir='ltr' id='par_1_34' title="bbox 228 3459 1839 3539">
     <span class='ocr_line' id='line_1_34' title="bbox 228 3459 1839 3539; baseline -0.008 -14"><span class='ocrx_word' id='word_1_239' title='bbox 228 3472 505 3528; x_wconf 84' lang='lat' dir='ltr'><strong>miracula.</strong></span> <span class='ocrx_word' id='word_1_240' title='bbox 530 3468 639 3527; x_wconf 86' lang='lat' dir='ltr'><strong>Sed</strong></span> <span class='ocrx_word' id='word_1_241' title='bbox 668 3483 789 3539; x_wconf 82' lang='lat' dir='ltr'><strong>qua:</strong></span> <span class='ocrx_word' id='word_1_242' title='bbox 817 3474 944 3521; x_wconf 91' lang='lat' dir='ltr'><strong>sunt</strong></span> <span class='ocrx_word' id='word_1_243' title='bbox 969 3464 1262 3536; x_wconf 76' lang='lat' dir='ltr'><strong>generalia,</strong></span> <span class='ocrx_word' id='word_1_244' title='bbox 1292 3471 1350 3519; x_wconf 91' lang='lat' dir='ltr'><strong>et</strong></span> <span class='ocrx_word' id='word_1_245' title='bbox 1383 3461 1638 3517; x_wconf 89' lang='lat' dir='ltr'><strong>omnibus</strong></span> <span class='ocrx_word' id='word_1_246' title='bbox 1668 3459 1839 3516; x_wconf 84' lang='lat' dir='ltr'><strong>mani-</strong></span> 
     </span>
    </p>
   </div>
   <div class='ocr_carea' id='block_1_35' title="bbox 230 3555 1841 3633">
    <p class='ocr_par' dir='ltr' id='par_1_35' title="bbox 230 3555 1841 3633">
     <span class='ocr_line' id='line_1_35' title="bbox 230 3555 1841 3633; baseline -0.006 -17"><span class='ocrx_word' id='word_1_247' title='bbox 230 3560 460 3619; x_wconf 74' lang='lat' dir='ltr'><strong>l‘esta‘ac</strong></span> <span class='ocrx_word' id='word_1_248' title='bbox 486 3561 719 3633; x_wconf 87' lang='lat' dir='ltr'><strong>cognita,</strong></span> <span class='ocrx_word' id='word_1_249' title='bbox 759 3568 814 3615; x_wconf 90' lang='lat' dir='ltr'><strong>et</strong></span> <span class='ocrx_word' id='word_1_250' title='bbox 852 3571 975 3629; x_wconf 69' lang='lat' dir='ltr'><strong>qua:</strong></span> <span class='ocrx_word' id='word_1_251' title='bbox 1005 3555 1140 3611; x_wconf 87' lang='lat' dir='ltr'><strong>llunt</strong></span> <span class='ocrx_word' id='word_1_252' title='bbox 1169 3556 1222 3610; x_wconf 92' lang='lat' dir='ltr'><strong>in</strong></span> <span class='ocrx_word' id='word_1_253' title='bbox 1252 3570 1570 3627; x_wconf 86' lang='lat' dir='ltr'><strong>unaquaque</strong></span> <span class='ocrx_word' id='word_1_254' title='bbox 1612 3568 1841 3625; x_wconf 85' lang='lat' dir='ltr'><strong>genera-</strong></span> 
     </span>
    </p>
   </div>
   <div class='ocr_carea' id='block_1_36' title="bbox 232 3645 1841 3724">
    <p class='ocr_par' dir='ltr' id='par_1_36' title="bbox 232 3645 1841 3724">
     <span class='ocr_line' id='line_1_36' title="bbox 232 3645 1841 3724; baseline -0.007 -12"><span class='ocrx_word' id='word_1_255' title='bbox 232 3656 393 3724; x_wconf 88' lang='lat' dir='ltr'><strong>tione,</strong></span> <span class='ocrx_word' id='word_1_256' title='bbox 424 3653 720 3711; x_wconf 80' lang='lat' dir='ltr'><strong>videamus.</strong></span> <span class='ocrx_word' id='word_1_257' title='bbox 753 3654 895 3721; x_wconf 85' lang='lat' dir='ltr'><strong>Quot</strong></span> <span class='ocrx_word' id='word_1_258' title='bbox 918 3649 1132 3706; x_wconf 89' lang='lat' dir='ltr'><strong>Juliano</strong></span> <span class='ocrx_word' id='word_1_259' title='bbox 1168 3648 1487 3719; x_wconf 87' lang='lat' dir='ltr'><strong>imperante,</strong></span> <span class='ocrx_word' id='word_1_260' title='bbox 1530 3645 1622 3719; x_wconf 90' lang='lat' dir='ltr'><strong>qui</strong></span> <span class='ocrx_word' id='word_1_261' title='bbox 1648 3660 1841 3701; x_wconf 80' lang='lat' dir='ltr'><strong>omnes</strong></span> 
     </span>
    </p>
   </div>
   <div class='ocr_carea' id='block_1_37' title="bbox 234 3739 1838 3821">
    <p class='ocr_par' dir='ltr' id='par_1_37' title="bbox 234 3739 1838 3821">
     <span class='ocr_line' id='line_1_37' title="bbox 234 3739 1838 3821; baseline -0.007 -19"><span class='ocrx_word' id='word_1_262' title='bbox 234 3748 507 3821; x_wconf 80' lang='lat' dir='ltr'><strong>impietate</strong></span> <span class='ocrx_word' id='word_1_263' title='bbox 563 3744 872 3819; x_wconf 84' lang='lat' dir='ltr'><strong>superavit,</strong></span> <span class='ocrx_word' id='word_1_264' title='bbox 927 3742 1055 3799; x_wconf 90' lang='lat' dir='ltr'><strong>dum</strong></span> <span class='ocrx_word' id='word_1_265' title='bbox 1108 3749 1510 3812; x_wconf 83' lang='lat' dir='ltr'><strong>oppugnaretur</strong></span> <span class='ocrx_word' id='word_1_266' title='bbox 1560 3739 1838 3803; x_wconf 82' lang='lat' dir='ltr'><strong>Ecclesia,</strong></span> 
     </span>
    </p>
   </div>
   <div class='ocr_carea' id='block_1_38' title="bbox 236 3832 1845 3910">
    <p class='ocr_par' dir='ltr' id='par_1_38' title="bbox 236 3832 1845 3910">
     <span class='ocr_line' id='line_1_38' title="bbox 236 3832 1845 3910; baseline -0.004 -17"><span class='ocrx_word' id='word_1_267' title='bbox 236 3838 365 3896; x_wconf 74' lang='lat' dir='ltr'><strong>facm</strong></span> <span class='ocrx_word' id='word_1_268' title='bbox 391 3837 558 3895; x_wconf 76' lang='lat' dir='ltr'><strong>sunt?</strong></span> <span class='ocrx_word' id='word_1_269' title='bbox 579 3846 707 3910; x_wconf 86' lang='lat' dir='ltr'><strong>quot</strong></span> <span class='ocrx_word' id='word_1_270' title='bbox 732 3833 1064 3893; x_wconf 70' lang='lat' dir='ltr'><strong>Maximino?</strong></span> <span class='ocrx_word' id='word_1_271' title='bbox 1088 3842 1219 3905; x_wconf 90' lang='lat' dir='ltr'><strong>quot</strong></span> <span class='ocrx_word' id='word_1_272' title='bbox 1243 3841 1369 3889; x_wconf 85' lang='lat' dir='ltr'><strong>ante</strong></span> <span class='ocrx_word' id='word_1_273' title='bbox 1394 3833 1526 3889; x_wconf 90' lang='lat' dir='ltr'><strong>istos</strong></span> <span class='ocrx_word' id='word_1_274' title='bbox 1548 3832 1845 3903; x_wconf 82' lang='lat' dir='ltr'><strong>Imperato—</strong></span> 
     </span>
    </p>
   </div>
   <div class='ocr_carea' id='block_1_39' title="bbox 237 3927 1848 3998">
    <p class='ocr_par' dir='ltr' id='par_1_39' title="bbox 237 3927 1848 3998">
     <span class='ocr_line' id='line_1_39' title="bbox 237 3927 1848 3998; baseline -0.006 -9"><span class='ocrx_word' id='word_1_275' title='bbox 237 3934 359 3989; x_wconf 80' lang='lat' dir='ltr'><strong>res?</strong></span> <span class='ocrx_word' id='word_1_276' title='bbox 388 3931 499 3990; x_wconf 87' lang='lat' dir='ltr'><strong>Sed</strong></span> <span class='ocrx_word' id='word_1_277' title='bbox 528 3931 574 3987; x_wconf 87' lang='lat' dir='ltr'><strong>si</strong></span> <span class='ocrx_word' id='word_1_278' title='bbox 603 3929 790 3998; x_wconf 88' lang='lat' dir='ltr'><strong>vultis,</strong></span> <span class='ocrx_word' id='word_1_279' title='bbox 835 3944 902 3985; x_wconf 90' lang='lat' dir='ltr'><strong>ea</strong></span> <span class='ocrx_word' id='word_1_280' title='bbox 941 3928 1103 3983; x_wconf 88' lang='lat' dir='ltr'><strong>etiam</strong></span> <span class='ocrx_word' id='word_1_281' title='bbox 1140 3942 1262 3998; x_wconf 78' lang='lat' dir='ltr'><strong>qua:</strong></span> <span class='ocrx_word' id='word_1_282' title='bbox 1302 3927 1355 3982; x_wconf 90' lang='lat' dir='ltr'><strong>in</strong></span> <span class='ocrx_word' id='word_1_283' title='bbox 1397 3936 1579 3987; x_wconf 87' lang='lat' dir='ltr'><strong>nostra</strong></span> <span class='ocrx_word' id='word_1_284' title='bbox 1612 3939 1848 3997; x_wconf 89' lang='lat' dir='ltr'><strong>genera-</strong></span> 
     </span>
    </p>
   </div>
   <div class='ocr_carea' id='block_1_40' title="bbox 238 4020 1844 4092">
    <p class='ocr_par' dir='ltr' id='par_1_40' title="bbox 238 4020 1844 4092">
     <span class='ocr_line' id='line_1_40' title="bbox 238 4020 1844 4092; baseline -0.006 -12"><span class='ocrx_word' id='word_1_285' title='bbox 238 4027 377 4083; x_wconf 82' lang='lat' dir='ltr'><strong>tione</strong></span> <span class='ocrx_word' id='word_1_286' title='bbox 402 4033 724 4089; x_wconf 89' lang='lat' dir='ltr'><strong>eveneruut,</strong></span> <span class='ocrx_word' id='word_1_287' title='bbox 758 4036 956 4092; x_wconf 87' lang='lat' dir='ltr'><strong>nempe</strong></span> <span class='ocrx_word' id='word_1_288' title='bbox 983 4033 1175 4084; x_wconf 83' lang='lat' dir='ltr'><strong>cruces</strong></span> <span class='ocrx_word' id='word_1_289' title='bbox 1204 4028 1429 4091; x_wconf 87' lang='lat' dir='ltr'><strong>repente</strong></span> <span class='ocrx_word' id='word_1_290' title='bbox 1455 4021 1511 4074; x_wconf 92' lang='lat' dir='ltr'><strong>in</strong></span> <span class='ocrx_word' id='word_1_291' title='bbox 1544 4020 1844 4075; x_wconf 83' lang='lat' dir='ltr'><strong>vestimen-</strong></span> 
     </span>
    </p>
   </div>
   <div class='ocr_carea' id='block_1_41' title="bbox 238 4111 1846 4191">
    <p class='ocr_par' dir='ltr' id='par_1_41' title="bbox 238 4111 1846 4191">
     <span class='ocr_line' id='line_1_41' title="bbox 238 4111 1846 4191; baseline -0.006 -14"><span class='ocrx_word' id='word_1_292' title='bbox 238 4120 305 4177; x_wconf 92' lang='lat' dir='ltr'><strong>tis</strong></span> <span class='ocrx_word' id='word_1_293' title='bbox 338 4120 617 4191; x_wconf 69' lang='lat' dir='ltr'><strong>impressa:</strong></span> <span class='ocrx_word' id='word_1_294' title='bbox 655 4114 771 4187; x_wconf 91' lang='lat' dir='ltr'><strong>(a),</strong></span> <span class='ocrx_word' id='word_1_295' title='bbox 814 4112 1081 4191; x_wconf 80' lang='lat' dir='ltr'><strong>Apollinis</strong></span> <span class='ocrx_word' id='word_1_296' title='bbox 1128 4112 1386 4184; x_wconf 87' lang='lat' dir='ltr'><strong>templum</strong></span> <span class='ocrx_word' id='word_1_297' title='bbox 1432 4112 1656 4167; x_wconf 82' lang='lat' dir='ltr'><strong>fulmine</strong></span> <span class='ocrx_word' id='word_1_298' title='bbox 1692 4111 1846 4182; x_wconf 65' lang='lat' dir='ltr'><strong>deje.</strong></span> 
     </span>
    </p>
   </div>
   <div class='ocr_carea' id='block_1_42' title="bbox 240 4200 1849 4291">
    <p class='ocr_par' dir='ltr' id='par_1_42' title="bbox 240 4200 1849 4291">
     <span class='ocr_line' id='line_1_42' title="bbox 240 4200 1849 4291; baseline -0.002 -18"><span class='ocrx_word' id='word_1_299' title='bbox 240 4229 412 4286; x_wconf 90' lang='lat' dir='ltr'><strong>ctum,</strong></span> <span class='ocrx_word' id='word_1_300' title='bbox 466 4219 641 4275; x_wconf 82' lang='lat' dir='ltr'><strong>sancti</strong></span> <span class='ocrx_word' id='word_1_301' title='bbox 696 4214 950 4291; x_wconf 81' lang='lat' dir='ltr'><strong>martyris</strong></span> <span class='ocrx_word' id='word_1_302' title='bbox 998 4200 1214 4286; x_wconf 79' lang='lat' dir='ltr'><strong>Babylm</strong></span> <span class='ocrx_word' id='word_1_303' title='bbox 1249 4213 1340 4285; x_wconf 89' lang='lat' dir='ltr'><strong>qui</strong></span> <span class='ocrx_word' id='word_1_304' title='bbox 1383 4213 1436 4268; x_wconf 91' lang='lat' dir='ltr'><strong>in</strong></span> <span class='ocrx_word' id='word_1_305' title='bbox 1482 4211 1701 4285; x_wconf 86' lang='lat' dir='ltr'><strong>Daphne</strong></span> <span class='ocrx_word' id='word_1_306' title='bbox 1732 4220 1849 4269; x_wconf 89' lang='lat' dir='ltr'><strong>erat</strong></span> 
     </span>
    </p>
   </div>
   <div class='ocr_carea' id='block_1_43' title="bbox 247 4306 1846 4383">
    <p class='ocr_par' dir='ltr' id='par_1_43' title="bbox 247 4306 1846 4383">
     <span class='ocr_line' id='line_1_43' title="bbox 247 4306 1846 4383; baseline -0.005 -16"><span class='ocrx_word' id='word_1_307' title='bbox 247 4314 522 4370; x_wconf 84' lang='lat' dir='ltr'><strong>translatio</strong></span> <span class='ocrx_word' id='word_1_308' title='bbox 549 4313 649 4383; x_wconf 79' lang='lat' dir='ltr'><strong>(lt),</strong></span> <span class='ocrx_word' id='word_1_309' title='bbox 678 4318 734 4366; x_wconf 92' lang='lat' dir='ltr'><strong>et</strong></span> <span class='ocrx_word' id='word_1_310' title='bbox 761 4319 947 4381; x_wconf 85' lang='lat' dir='ltr'><strong>aperta</strong></span> <span class='ocrx_word' id='word_1_311' title='bbox 978 4308 1240 4364; x_wconf 86' lang='lat' dir='ltr'><strong>adversus</strong></span> <span class='ocrx_word' id='word_1_312' title='bbox 1268 4307 1571 4363; x_wconf 80' lang='lat' dir='ltr'><strong>dn-mouem</strong></span> <span class='ocrx_word' id='word_1_313' title='bbox 1598 4306 1846 4374; x_wconf 85' lang='lat' dir='ltr'><strong>victoria,</strong></span> 
     </span>
    </p>
   </div>
   <div class='ocr_carea' id='block_1_44' title="bbox 241 4400 1851 4475">
    <p class='ocr_par' dir='ltr' id='par_1_44' title="bbox 241 4400 1851 4475">
     <span class='ocr_line' id='line_1_44' title="bbox 241 4400 1851 4475; baseline -0.002 -17"><span class='ocrx_word' id='word_1_314' title='bbox 241 4406 527 4475; x_wconf 64' lang='lat' dir='ltr'><strong>quarstoris</strong></span> <span class='ocrx_word' id='word_1_315' title='bbox 579 4403 941 4474; x_wconf 67' lang='lat' dir='ltr'><strong>imperatoria:</strong></span> <span class='ocrx_word' id='word_1_316' title='bbox 986 4402 1230 4473; x_wconf 73' lang='lat' dir='ltr'><strong>pecunia:</strong></span> <span class='ocrx_word' id='word_1_317' title='bbox 1282 4400 1555 4471; x_wconf 85' lang='lat' dir='ltr'><strong>inopinata</strong></span> <span class='ocrx_word' id='word_1_318' title='bbox 1604 4415 1751 4455; x_wconf 90' lang='lat' dir='ltr'><strong>mors</strong></span> <span class='ocrx_word' id='word_1_319' title='bbox 1795 4409 1851 4455; x_wconf 90' lang='lat' dir='ltr'><strong>et</strong></span> 
     </span>
    </p>
   </div>
   <div class='ocr_carea' id='block_1_45' title="bbox 241 4492 1849 4567">
    <p class='ocr_par' dir='ltr' id='par_1_45' title="bbox 241 4492 1849 4567">
     <span class='ocr_line' id='line_1_45' title="bbox 241 4492 1849 4567; baseline -0.005 -14"><span class='ocrx_word' id='word_1_320' title='bbox 241 4498 593 4563; x_wconf 81' lang='lat' dir='ltr'><strong>admirabilis,</strong></span> <span class='ocrx_word' id='word_1_321' title='bbox 622 4497 788 4567; x_wconf 90' lang='lat' dir='ltr'><strong>ipsius</strong></span> <span class='ocrx_word' id='word_1_322' title='bbox 818 4493 1165 4563; x_wconf 82' lang='lat' dir='ltr'><strong>Imperatoris</strong></span> <span class='ocrx_word' id='word_1_323' title='bbox 1192 4492 1391 4558; x_wconf 81' lang='lat' dir='ltr'><strong>caedes,</strong></span> <span class='ocrx_word' id='word_1_324' title='bbox 1423 4494 1593 4564; x_wconf 86' lang='lat' dir='ltr'><strong>ipsius</strong></span> <span class='ocrx_word' id='word_1_325' title='bbox 1630 4492 1849 4562; x_wconf 85' lang='lat' dir='ltr'><strong>inquam</strong></span> 
     </span>
    </p>
   </div>
   <div class='ocr_carea' id='block_1_46' title="bbox 243 4585 1855 4662">
    <p class='ocr_par' dir='ltr' id='par_1_46' title="bbox 243 4585 1855 4662">
     <span class='ocr_line' id='line_1_46' title="bbox 243 4585 1855 4662; baseline -0.004 -15"><span class='ocrx_word' id='word_1_326' title='bbox 243 4590 460 4659; x_wconf 76' lang='lat' dir='ltr'><strong>iuliani,</strong></span> <span class='ocrx_word' id='word_1_327' title='bbox 491 4590 581 4662; x_wconf 89' lang='lat' dir='ltr'><strong>qui</strong></span> <span class='ocrx_word' id='word_1_328' title='bbox 610 4602 800 4644; x_wconf 90' lang='lat' dir='ltr'><strong>omnes</strong></span> <span class='ocrx_word' id='word_1_329' title='bbox 845 4587 1120 4657; x_wconf 84' lang='lat' dir='ltr'><strong>impietate</strong></span> <span class='ocrx_word' id='word_1_330' title='bbox 1147 4585 1373 4653; x_wconf 84' lang='lat' dir='ltr'><strong>vicerat,</strong></span> <span class='ocrx_word' id='word_1_331' title='bbox 1407 4596 1461 4641; x_wconf 92' lang='lat' dir='ltr'><strong>et</strong></span> <span class='ocrx_word' id='word_1_332' title='bbox 1505 4585 1755 4640; x_wconf 84' lang='lat' dir='ltr'><strong>avunculi</strong></span> <span class='ocrx_word' id='word_1_333' title='bbox 1798 4586 1855 4641; x_wconf 88' lang='lat' dir='ltr'><strong>il-</strong></span> 
     </span>
    </p>
   </div>
   <div class='ocr_carea' id='block_1_47' title="bbox 243 4678 1857 4749">
    <p class='ocr_par' dir='ltr' id='par_1_47' title="bbox 243 4678 1857 4749">
     <span class='ocr_line' id='line_1_47' title="bbox 243 4678 1857 4749; baseline -0.005 -12"><span class='ocrx_word' id='word_1_334' title='bbox 243 4682 340 4741; x_wconf 87' lang='lat' dir='ltr'><strong>lius</strong></span> <span class='ocrx_word' id='word_1_335' title='bbox 381 4684 649 4749; x_wconf 87' lang='lat' dir='ltr'><strong>interitus,</strong></span> <span class='ocrx_word' id='word_1_336' title='bbox 681 4683 945 4737; x_wconf 85' lang='lat' dir='ltr'><strong>vermium</strong></span> <span class='ocrx_word' id='word_1_337' title='bbox 994 4679 1198 4743; x_wconf 76' lang='lat' dir='ltr'><strong>fontes,</strong></span> <span class='ocrx_word' id='word_1_338' title='bbox 1242 4678 1455 4749; x_wconf 85' lang='lat' dir='ltr'><strong>aliaque</strong></span> <span class='ocrx_word' id='word_1_339' title='bbox 1488 4678 1857 4734; x_wconf 85' lang='lat' dir='ltr'><strong>innumerabi-</strong></span> 
     </span>
    </p>
   </div>
   <div class='ocr_carea' id='block_1_48' title="bbox 247 4770 1853 4841">
    <p class='ocr_par' dir='ltr' id='par_1_48' title="bbox 247 4770 1853 4841">
     <span class='ocr_line' id='line_1_48' title="bbox 247 4770 1853 4841; baseline -0.001 -15"><span class='ocrx_word' id='word_1_340' title='bbox 247 4774 331 4841; x_wconf 81' lang='lat' dir='ltr'><strong>lia,</strong></span> <span class='ocrx_word' id='word_1_341' title='bbox 378 4773 572 4838; x_wconf 79' lang='lat' dir='ltr'><strong>fames,</strong></span> <span class='ocrx_word' id='word_1_342' title='bbox 618 4773 835 4829; x_wconf 83' lang='lat' dir='ltr'><strong>siccitas</strong></span> <span class='ocrx_word' id='word_1_343' title='bbox 878 4780 933 4826; x_wconf 92' lang='lat' dir='ltr'><strong>et</strong></span> <span class='ocrx_word' id='word_1_344' title='bbox 974 4770 1253 4835; x_wconf 88' lang='lat' dir='ltr'><strong>sterilitas,</strong></span> <span class='ocrx_word' id='word_1_345' title='bbox 1294 4785 1554 4841; x_wconf 89' lang='lat' dir='ltr'><strong>aquarum</strong></span> <span class='ocrx_word' id='word_1_346' title='bbox 1605 4772 1853 4840; x_wconf 89' lang='lat' dir='ltr'><strong>penuria,</strong></span> 
     </span>
    </p>
   </div>
   <div class='ocr_carea' id='block_1_49' title="bbox 247 4861 1853 4935">
    <p class='ocr_par' dir='ltr' id='par_1_49' title="bbox 247 4861 1853 4935">
     <span class='ocr_line' id='line_1_49' title="bbox 247 4861 1853 4935; baseline 0.001 -18"><span class='ocrx_word' id='word_1_347' title='bbox 247 4883 359 4935; x_wconf 71' lang='lat' dir='ltr'><strong>qua:</strong></span> <span class='ocrx_word' id='word_1_348' title='bbox 391 4882 498 4922; x_wconf 90' lang='lat' dir='ltr'><strong>una</strong></span> <span class='ocrx_word' id='word_1_349' title='bbox 526 4882 650 4923; x_wconf 89' lang='lat' dir='ltr'><strong>cum</strong></span> <span class='ocrx_word' id='word_1_350' title='bbox 688 4881 754 4922; x_wconf 92' lang='lat' dir='ltr'><strong>eo</strong></span> <span class='ocrx_word' id='word_1_351' title='bbox 787 4864 1035 4921; x_wconf 80' lang='lat' dir='ltr'><strong>civitates</strong></span> <span class='ocrx_word' id='word_1_352' title='bbox 1071 4864 1287 4926; x_wconf 85' lang='lat' dir='ltr'><strong>invasit,</strong></span> <span class='ocrx_word' id='word_1_353' title='bbox 1316 4873 1371 4918; x_wconf 90' lang='lat' dir='ltr'><strong>et</strong></span> <span class='ocrx_word' id='word_1_354' title='bbox 1400 4861 1501 4917; x_wconf 89' lang='lat' dir='ltr'><strong>alia</strong></span> <span class='ocrx_word' id='word_1_355' title='bbox 1544 4863 1741 4934; x_wconf 88' lang='lat' dir='ltr'><strong>ubique</strong></span> <span class='ocrx_word' id='word_1_356' title='bbox 1769 4864 1853 4918; x_wconf 84' lang='lat' dir='ltr'><strong>in-</strong></span> 
     </span>
    </p>
   </div>
   <div class='ocr_carea' id='block_1_50' title="bbox 247 4975 486 5017">
    <p class='ocr_par' dir='ltr' id='par_1_50' title="bbox 247 4975 486 5017">
     <span class='ocr_line' id='line_1_50' title="bbox 247 4975 486 5017; baseline -0.013 -1"><span class='ocrx_word' id='word_1_357' title='bbox 247 4975 486 5017; x_wconf 85' lang='lat' dir='ltr'><strong>numera.</strong></span> 
     </span>
    </p>
   </div>
   <div class='ocr_carea' id='block_1_51' title="bbox 312 5052 1855 5123">
    <p class='ocr_par' dir='ltr' id='par_1_51' title="bbox 312 5052 1855 5123">
     <span class='ocr_line' id='line_1_51' title="bbox 312 5052 1855 5123; baseline -0.001 -13"><span class='ocrx_word' id='word_1_358' title='bbox 312 5054 367 5110; x_wconf 83' lang='lat'><strong>5.</strong></span> <span class='ocrx_word' id='word_1_359' title='bbox 413 5052 490 5109; x_wconf 85' lang='lat' dir='ltr'><strong>Ea</strong></span> <span class='ocrx_word' id='word_1_360' title='bbox 518 5067 732 5123; x_wconf 88' lang='lat' dir='ltr'><strong>quoque</strong></span> <span class='ocrx_word' id='word_1_361' title='bbox 779 5068 899 5120; x_wconf 79' lang='lat' dir='ltr'><strong>qtue</strong></span> <span class='ocrx_word' id='word_1_362' title='bbox 950 5053 1001 5107; x_wconf 92' lang='lat' dir='ltr'><strong>in</strong></span> <span class='ocrx_word' id='word_1_363' title='bbox 1034 5052 1319 5109; x_wconf 62' lang='lat' dir='ltr'><strong>Palaestina</strong></span> <span class='ocrx_word' id='word_1_364' title='bbox 1363 5061 1489 5108; x_wconf 91' lang='lat' dir='ltr'><strong>tunc</strong></span> <span class='ocrx_word' id='word_1_365' title='bbox 1534 5063 1855 5120; x_wconf 86' lang='lat' dir='ltr'><strong>evenerunt,</strong></span> 
     </span>
    </p>
   </div>
   <div class='ocr_carea' id='block_1_52' title="bbox 243 5144 1855 5219">
    <p class='ocr_par' dir='ltr' id='par_1_52' title="bbox 243 5144 1855 5219">
     <span class='ocr_line' id='line_1_52' title="bbox 243 5144 1855 5219; baseline 0.001 -19"><span class='ocrx_word' id='word_1_366' title='bbox 243 5144 601 5219; x_wconf 82' lang='lat' dir='ltr'><strong>eognovistis.</strong></span> <span class='ocrx_word' id='word_1_367' title='bbox 627 5145 855 5213; x_wconf 81' lang='lat' dir='ltr'><strong>Quando</strong></span> <span class='ocrx_word' id='word_1_368' title='bbox 884 5147 1028 5201; x_wconf 87' lang='lat' dir='ltr'><strong>enim</strong></span> <span class='ocrx_word' id='word_1_369' title='bbox 1053 5144 1181 5201; x_wconf 90' lang='lat' dir='ltr'><strong>illud</strong></span> <span class='ocrx_word' id='word_1_370' title='bbox 1212 5147 1492 5216; x_wconf 86' lang='lat' dir='ltr'><strong>templum,</strong></span> <span class='ocrx_word' id='word_1_371' title='bbox 1520 5147 1704 5204; x_wconf 84' lang='lat' dir='ltr'><strong>divina</strong></span> <span class='ocrx_word' id='word_1_372' title='bbox 1726 5163 1855 5203; x_wconf 86' lang='lat' dir='ltr'><strong>sen-</strong></span> 
     </span>
    </p>
   </div>
   <div class='ocr_carea' id='block_1_53' title="bbox 246 5238 1860 5313">
    <p class='ocr_par' dir='ltr' id='par_1_53' title="bbox 246 5238 1860 5313">
     <span class='ocr_line' id='line_1_53' title="bbox 246 5238 1860 5313; baseline 0.002 -19"><span class='ocrx_word' id='word_1_373' title='bbox 246 5241 410 5297; x_wconf 84' lang='lat' dir='ltr'><strong>tcntia</strong></span> <span class='ocrx_word' id='word_1_374' title='bbox 438 5238 700 5305; x_wconf 81' lang='lat' dir='ltr'><strong>dirutum,</strong></span> <span class='ocrx_word' id='word_1_375' title='bbox 725 5253 910 5295; x_wconf 89' lang='lat' dir='ltr'><strong>rursus</strong></span> <span class='ocrx_word' id='word_1_376' title='bbox 936 5239 1207 5295; x_wconf 68' lang='lat' dir='ltr'><strong>mdiﬁcarc</strong></span> <span class='ocrx_word' id='word_1_377' title='bbox 1234 5240 1484 5295; x_wconf 88' lang='lat' dir='ltr'><strong>volebant</strong></span> <span class='ocrx_word' id='word_1_378' title='bbox 1504 5240 1700 5308; x_wconf 72' lang='lat' dir='ltr'><strong>Judmi,</strong></span> <span class='ocrx_word' id='word_1_379' title='bbox 1722 5241 1860 5313; x_wconf 82' lang='lat' dir='ltr'><strong>ignis</strong></span> 
     </span>
    </p>
   </div>
   <div class='ocr_carea' id='block_1_54' title="bbox 307 5388 1859 5457">
    <p class='ocr_par' dir='ltr' id='par_1_54' title="bbox 307 5388 1859 5457">
     <span class='ocr_line' id='line_1_54' title="bbox 307 5388 1859 5457; baseline 0.003 -16"><span class='ocrx_word' id='word_1_380' title='bbox 307 5393 513 5457; x_wconf 77' lang='lat' dir='ltr'><strong>(q)_n:e_</strong></span> <span class='ocrx_word' id='word_1_381' title='bbox 543 5404 716 5457; x_wconf 87' lang='lat' dir='ltr'><strong>cruces</strong></span> <span class='ocrx_word' id='word_1_382' title='bbox 754 5388 823 5442; x_wconf 51' lang='lat' dir='ltr'><strong>in‘</strong></span> <span class='ocrx_word' id='word_1_383' title='bbox 848 5393 1159 5443; x_wconf 78' lang='lat' dir='ltr'><strong>vestimentis</strong></span> <span class='ocrx_word' id='word_1_384' title='bbox 1206 5394 1460 5457; x_wconf 64' lang='lat' dir='ltr'><strong>impressa</strong></span> <span class='ocrx_word' id='word_1_385' title='bbox 1503 5394 1824 5447; x_wconf 70' lang='lat' dir='ltr'><strong>observandae</strong></span> <span class='ocrx_word' id='word_1_386' title='bbox 1844 5437 1859 5457; x_wconf 88' lang='lat'><strong>,</strong></span> 
     </span>
    </p>
   </div>
   <div class='ocr_carea' id='block_1_55' title="bbox 250 5454 1866 5530">
    <p class='ocr_par' dir='ltr' id='par_1_55' title="bbox 250 5454 1866 5530">
     <span class='ocr_line' id='line_1_55' title="bbox 250 5454 1866 5530; baseline 0.005 -27"><span class='ocrx_word' id='word_1_387' title='bbox 250 5454 423 5530; x_wconf 60' lang='lat' dir='ltr'><strong>quales</strong></span> <span class='ocrx_word' id='word_1_388' title='bbox 446 5455 595 5530; x_wconf 75' lang='lat' dir='ltr'><strong>etiam</strong></span> <span class='ocrx_word' id='word_1_389' title='bbox 793 5467 910 5505; x_wconf 84' lang='lat' dir='ltr'><strong>esse</strong></span> <span class='ocrx_word' id='word_1_390' title='bbox 935 5464 1155 5530; x_wconf 78' lang='lat' dir='ltr'><strong>narratur</strong></span> <span class='ocrx_word' id='word_1_391' title='bbox 1184 5454 1547 5530; x_wconf 60' lang='lat' dir='ltr'><strong>multispostea</strong></span> <span class='ocrx_word' id='word_1_392' title='bbox 1573 5456 1665 5530; x_wconf 37' lang='lat' dir='ltr'><strong>ela‘t</strong></span> <span class='ocrx_word' id='word_1_393' title='bbox 1685 5461 1760 5530; x_wconf 71' lang='lat' dir='ltr'><strong>sis</strong></span> <span class='ocrx_word' id='word_1_394' title='bbox 1772 5454 1866 5511; x_wconf 52' lang='lat' dir='ltr'><strong>ste;</strong></span> 
     </span>
    </p>
   </div>
   <div class='ocr_carea' id='block_1_56' title="bbox 251 5516 1866 5584">
    <p class='ocr_par' dir='ltr' id='par_1_56' title="bbox 251 5516 1866 5584">
     <span class='ocr_line' id='line_1_56' title="bbox 251 5516 1866 5584; baseline 0.001 -13"><span class='ocrx_word' id='word_1_395' title='bbox 251 5516 389 5576; x_wconf 71' lang='lat' dir='ltr'><strong>culis,</strong></span> <span class='ocrx_word' id='word_1_396' title='bbox 413 5516 610 5579; x_wconf 84' lang='lat' dir='ltr'><strong>quando</strong></span> <span class='ocrx_word' id='word_1_397' title='bbox 635 5517 684 5584; x_wconf 83' lang='lat' dir='ltr'><strong>in</strong></span> <span class='ocrx_word' id='word_1_398' title='bbox 706 5523 905 5584; x_wconf 79' lang='lat' dir='ltr'><strong>Terram</strong></span> <span class='ocrx_word' id='word_1_399' title='bbox 927 5516 1517 5584; x_wconf 54' lang='lat' dir='ltr'><strong>sanctamevpeditioues</strong></span> <span class='ocrx_word' id='word_1_400' title='bbox 1531 5516 1866 5584; x_wconf 72' lang='lat' dir='ltr'><strong>suscipieban-</strong></span> 
     </span>
    </p>
   </div>
   <div class='ocr_carea' id='block_1_57' title="bbox 254 5578 1864 5643">
    <p class='ocr_par' dir='ltr' id='par_1_57' title="bbox 254 5578 1864 5643">
     <span class='ocr_line' id='line_1_57' title="bbox 254 5578 1864 5643; baseline 0.004 -14"><span class='ocrx_word' id='word_1_401' title='bbox 254 5587 346 5643; x_wconf 85' lang='lat' dir='ltr'><strong>tur.</strong></span> <span class='ocrx_word' id='word_1_402' title='bbox 364 5578 480 5638; x_wconf 56' lang='grc' dir='ltr'><strong>(με</strong></span> <span class='ocrx_word' id='word_1_403' title='bbox 503 5591 627 5643; x_wconf 84' lang='lat' dir='ltr'><strong>vero</strong></span> <span class='ocrx_word' id='word_1_404' title='bbox 648 5580 715 5629; x_wconf 89' lang='lat' dir='ltr'><strong>de</strong></span> <span class='ocrx_word' id='word_1_405' title='bbox 740 5578 927 5643; x_wconf 80' lang='lat' dir='ltr'><strong>templo</strong></span> <span class='ocrx_word' id='word_1_406' title='bbox 952 5578 1191 5643; x_wconf 48' lang='lat' dir='ltr'><strong>Muttinis</strong></span> <span class='ocrx_word' id='word_1_407' title='bbox 1212 5578 1418 5633; x_wconf 76' lang='lat' dir='ltr'><strong>fulmine</strong></span> <span class='ocrx_word' id='word_1_408' title='bbox 1444 5590 1595 5643; x_wconf 82' lang='lat' dir='ltr'><strong>tacto,</strong></span> <span class='ocrx_word' id='word_1_409' title='bbox 1615 5578 1681 5633; x_wconf 77' lang='lat' dir='ltr'><strong>de</strong></span> <span class='ocrx_word' id='word_1_410' title='bbox 1706 5593 1864 5636; x_wconf 53' lang='lat' dir='ltr'><strong>trans.</strong></span> 
     </span>
    </p>
   </div>
   <div class='ocr_carea' id='block_1_58' title="bbox 254 5641 1865 5715">
    <p class='ocr_par' dir='ltr' id='par_1_58' title="bbox 254 5641 1865 5715">
     <span class='ocr_line' id='line_1_58' title="bbox 254 5641 1865 5715; baseline 0.007 -27"><span class='ocrx_word' id='word_1_411' title='bbox 254 5641 647 5715; x_wconf 22' lang='lat' dir='ltr'><strong>latiouedsancti</strong></span> <span class='ocrx_word' id='word_1_412' title='bbox 677 5641 1075 5715; x_wconf 66' lang='lat' dir='ltr'><strong>Babylte,_etc.,_</strong></span> <span class='ocrx_word' id='word_1_413' title='bbox 1113 5641 1623 5715; x_wconf 57' lang='lat' dir='ltr'><strong>plttrilutsnagantur</strong></span> <span class='ocrx_word' id='word_1_414' title='bbox 1661 5649 1708 5697; x_wconf 89' lang='lat' dir='ltr'><strong>in</strong></span> <span class='ocrx_word' id='word_1_415' title='bbox 1754 5646 1865 5700; x_wconf 81' lang='lat' dir='ltr'><strong>Vita</strong></span> 
     </span>
    </p>
   </div>
   <div class='ocr_carea' id='block_1_59' title="bbox 253 5704 1865 5777">
    <p class='ocr_par' dir='ltr' id='par_1_59' title="bbox 253 5704 1865 5777">
     <span class='ocr_line' id='line_1_59' title="bbox 253 5704 1865 5777; baseline -0.01 -8"><span class='ocrx_word' id='word_1_416' title='bbox 253 5704 595 5777; x_wconf 54' lang='grc' dir='ltr'><strong>ςηηαφιῇ</strong></span> <span class='ocrx_word' id='word_1_417' title='bbox 619 5704 888 5777; x_wconf 16' lang='grc' dir='ltr'><strong>ᾒθξῐιιέὲξιὶδ</strong></span> <span class='ocrx_word' id='word_1_418' title='bbox 905 5705 1004 5777; x_wconf 62' lang='lat' dir='ltr'><strong>iam</strong></span> <span class='ocrx_word' id='word_1_419' title='bbox 1030 5704 1236 5769; x_wconf 77' lang='lat' dir='ltr'><strong>plurima</strong></span> <span class='ocrx_word' id='word_1_420' title='bbox 1259 5706 1383 5757; x_wconf 77' lang='lat' dir='ltr'><strong>dixit</strong></span> <span class='ocrx_word' id='word_1_421' title='bbox 1419 5705 1795 5771; x_wconf 77' lang='lat' dir='ltr'><strong>Chrysostomus</strong></span> <span class='ocrx_word' id='word_1_422' title='bbox 1818 5714 1865 5763; x_wconf 75' lang='lat' dir='ltr'><strong>in</strong></span> 
     </span>
    </p>
   </div>
   <div class='ocr_carea' id='block_1_60' title="bbox 257 5766 1023 5830">
    <p class='ocr_par' dir='ltr' id='par_1_60' title="bbox 257 5766 1023 5830">
     <span class='ocr_line' id='line_1_60' title="bbox 257 5766 1023 5830; baseline 0.003 -15"><span class='ocrx_word' id='word_1_423' title='bbox 257 5766 473 5830; x_wconf 62' lang='lat' dir='ltr'><strong>emta</strong></span> <span class='ocrx_word' id='word_1_424' title='bbox 494 5773 539 5816; x_wconf 91' lang='lat' dir='ltr'><strong>s.</strong></span> <span class='ocrx_word' id='word_1_425' title='bbox 568 5766 772 5830; x_wconf 53' lang='lat' dir='ltr'><strong>satisne,</strong></span> <span class='ocrx_word' id='word_1_426' title='bbox 796 5766 931 5830; x_wconf 79' lang='lat' dir='ltr'><strong>&#39;roni.</strong></span> <span class='ocrx_word' id='word_1_427' title='bbox 960 5767 1023 5817; x_wconf 86' lang='lat' dir='ltr'><strong>ll.</strong></span> 
     </span>
    </p>
   </div>
   <div class='ocr_carea' id='block_1_61' title="bbox 312 5828 1732 5896">
    <p class='ocr_par' dir='ltr' id='par_1_61' title="bbox 312 5828 1732 5896">
     <span class='ocr_line' id='line_1_61' title="bbox 312 5828 1732 5896; baseline 0.001 -15"><span class='ocrx_word' id='word_1_428' title='bbox 312 5829 386 5896; x_wconf 74' lang='grc' dir='ltr'><strong>(ι)</strong></span> <span class='ocrx_word' id='word_1_429' title='bbox 420 5836 531 5879; x_wconf 65' lang='lat' dir='ltr'><strong>llaec</strong></span> <span class='ocrx_word' id='word_1_430' title='bbox 549 5829 643 5879; x_wconf 86' lang='lat' dir='ltr'><strong>sub</strong></span> <span class='ocrx_word' id='word_1_431' title='bbox 659 5828 849 5880; x_wconf 71' lang='lat' dir='ltr'><strong>Juliano</strong></span> <span class='ocrx_word' id='word_1_432' title='bbox 871 5828 996 5881; x_wconf 80' lang='lat' dir='ltr'><strong>facta</strong></span> <span class='ocrx_word' id='word_1_433' title='bbox 1022 5839 1097 5882; x_wconf 85' lang='lat' dir='ltr'><strong>est</strong></span> <span class='ocrx_word' id='word_1_434' title='bbox 1122 5829 1438 5892; x_wconf 71' lang='lat' dir='ltr'><strong>reliquiarum</strong></span> <span class='ocrx_word' id='word_1_435' title='bbox 1463 5835 1732 5888; x_wconf 78' lang='lat' dir='ltr'><strong>translatio.</strong></span> 
     </span>
    </p>
   </div>
   <div class='ocr_carea' id='block_1_62' title="bbox 1330 357 2313 433">
    <p class='ocr_par' dir='ltr' id='par_1_62' title="bbox 1330 357 2313 433">
     <span class='ocr_line' id='line_1_62' title="bbox 1330 357 2313 433; baseline -0.02 1"><span class='ocrx_word' id='word_1_436' title='bbox 1330 366 1699 433; x_wconf 75' lang='lat' dir='ltr'><strong>EXPOSITIO</strong></span> <span class='ocrx_word' id='word_1_437' title='bbox 1736 362 1805 423; x_wconf 81' lang='lat' dir='ltr'><strong>IN</strong></span> <span class='ocrx_word' id='word_1_438' title='bbox 1844 358 2169 420; x_wconf 67' lang='grc' dir='ltr'><strong>ιδεΑωιωί</strong></span> <span class='ocrx_word' id='word_1_439' title='bbox 2198 357 2313 417; x_wconf 78' lang='lat' dir='ltr'><strong>CX.</strong></span> 
     </span>
    </p>
   </div>
   <div class='ocr_carea' id='block_1_63' title="bbox 3434 346 3544 404">
    <p class='ocr_par' dir='ltr' id='par_1_63' title="bbox 3434 346 3544 404">
     <span class='ocr_line' id='line_1_63' title="bbox 3434 346 3544 404; baseline 0 -5"><span class='ocrx_word' id='word_1_440' title='bbox 3434 346 3544 404; x_wconf 69' lang='lat'><strong>9.86</strong></span> 
     </span>
    </p>
   </div>
   <div class='ocr_carea' id='block_1_64' title="bbox 1922 454 3550 547">
    <p class='ocr_par' dir='ltr' id='par_1_64' title="bbox 1922 454 3550 547">
     <span class='ocr_line' id='line_1_64' title="bbox 1922 454 3550 547; baseline -0.009 -17"><span class='ocrx_word' id='word_1_441' title='bbox 1922 474 2012 547; x_wconf 86' lang='lat' dir='ltr'><strong>qui</strong></span> <span class='ocrx_word' id='word_1_442' title='bbox 2039 487 2071 530; x_wconf 89' lang='lat' dir='ltr'><strong>e</strong></span> <span class='ocrx_word' id='word_1_443' title='bbox 2098 469 2461 529; x_wconf 75' lang='lat' dir='ltr'><strong>fundamentis</strong></span> <span class='ocrx_word' id='word_1_444' title='bbox 2486 454 2687 526; x_wconf 81' lang='lat' dir='ltr'><strong>cxsiliit</strong></span> <span class='ocrx_word' id='word_1_445' title='bbox 2704 478 2897 525; x_wconf 88' lang='lat' dir='ltr'><strong>omnes</strong></span> <span class='ocrx_word' id='word_1_446' title='bbox 2922 463 3122 535; x_wconf 84' lang='lat' dir='ltr'><strong>abegit,</strong></span> <span class='ocrx_word' id='word_1_447' title='bbox 3148 471 3200 519; x_wconf 86' lang='lat' dir='ltr'><strong>et</strong></span> <span class='ocrx_word' id='word_1_448' title='bbox 3226 460 3279 518; x_wconf 90' lang='lat' dir='ltr'><strong>id</strong></span> <span class='ocrx_word' id='word_1_449' title='bbox 3312 469 3550 517; x_wconf 83' lang='lat' dir='ltr'><strong>testatur</strong></span> 
     </span>
    </p>
   </div>
   <div class='ocr_carea' id='block_1_65' title="bbox 1920 553 3547 637">
    <p class='ocr_par' dir='ltr' id='par_1_65' title="bbox 1920 553 3547 637">
     <span class='ocr_line' id='line_1_65' title="bbox 1920 553 3547 637; baseline -0.008 -15"><span class='ocrx_word' id='word_1_450' title='bbox 1920 579 2059 637; x_wconf 86' lang='lat' dir='ltr'><strong>opus</strong></span> <span class='ocrx_word' id='word_1_451' title='bbox 2086 564 2234 636; x_wconf 89' lang='lat' dir='ltr'><strong>quod</strong></span> <span class='ocrx_word' id='word_1_452' title='bbox 2261 562 2465 636; x_wconf 27' lang='lat' dir='ltr'><strong>[mansit</strong></span> <span class='ocrx_word' id='word_1_453' title='bbox 2493 560 2894 633; x_wconf 84' lang='lat' dir='ltr'><strong>imperfectum.</strong></span> <span class='ocrx_word' id='word_1_454' title='bbox 2922 558 3219 614; x_wconf 72' lang='lat' dir='ltr'><strong>Misericors</strong></span> <span class='ocrx_word' id='word_1_455' title='bbox 3244 565 3291 610; x_wconf 87' lang='lat' dir='ltr'><strong>et</strong></span> <span class='ocrx_word' id='word_1_456' title='bbox 3328 553 3547 610; x_wconf 80' lang='lat' dir='ltr'><strong>misera-</strong></span> 
     </span>
    </p>
   </div>
   <div class='ocr_carea' id='block_1_66' title="bbox 1912 646 3546 716">
    <p class='ocr_par' dir='ltr' id='par_1_66' title="bbox 1912 646 3546 716">
     <span class='ocr_line' id='line_1_66' title="bbox 1912 646 3546 716; baseline -0.007 -5"><span class='ocrx_word' id='word_1_457' title='bbox 1912 668 2001 713; x_wconf 83' lang='lat' dir='ltr'><strong>‘tor</strong></span> <span class='ocrx_word' id='word_1_458' title='bbox 2028 655 2285 711; x_wconf 78' lang='lat' dir='ltr'><strong>Dominus</strong></span> <span class='ocrx_word' id='word_1_459' title='bbox 2323 656 2379 711; x_wconf 83' lang='lat'><strong>5.</strong></span> <span class='ocrx_word' id='word_1_460' title='bbox 2411 670 2579 709; x_wconf 82' lang='lat' dir='ltr'><strong>escam</strong></span> <span class='ocrx_word' id='word_1_461' title='bbox 2628 652 2766 707; x_wconf 83' lang='lat' dir='ltr'><strong>dedit</strong></span> <span class='ocrx_word' id='word_1_462' title='bbox 2795 648 3087 705; x_wconf 78' lang='lat' dir='ltr'><strong>timentibus</strong></span> <span class='ocrx_word' id='word_1_463' title='bbox 3126 664 3199 702; x_wconf 86' lang='lat' dir='ltr'><strong>se.</strong></span> <span class='ocrx_word' id='word_1_464' title='bbox 3251 646 3546 716; x_wconf 85' lang='lat' dir='ltr'><strong>Postquam</strong></span> 
     </span>
    </p>
   </div>
   <div class='ocr_carea' id='block_1_67' title="bbox 1922 738 3550 813">
    <p class='ocr_par' dir='ltr' id='par_1_67' title="bbox 1922 738 3550 813">
     <span class='ocr_line' id='line_1_67' title="bbox 1922 738 3550 813; baseline -0.009 -9"><span class='ocrx_word' id='word_1_465' title='bbox 1922 747 2265 804; x_wconf 78' lang='lat' dir='ltr'><strong>aununtiavit</strong></span> <span class='ocrx_word' id='word_1_466' title='bbox 2312 744 2413 801; x_wconf 88' lang='lat' dir='ltr'><strong>Dei</strong></span> <span class='ocrx_word' id='word_1_467' title='bbox 2461 742 2749 812; x_wconf 80' lang='lat' dir='ltr'><strong>beneﬁcia,</strong></span> <span class='ocrx_word' id='word_1_468' title='bbox 2776 756 2901 813; x_wconf 75' lang='lat' dir='ltr'><strong>qua:</strong></span> <span class='ocrx_word' id='word_1_469' title='bbox 2935 755 3033 812; x_wconf 87' lang='lat' dir='ltr'><strong>per</strong></span> <span class='ocrx_word' id='word_1_470' title='bbox 3078 738 3339 794; x_wconf 84' lang='lat' dir='ltr'><strong>miracula</strong></span> <span class='ocrx_word' id='word_1_471' title='bbox 3369 745 3425 790; x_wconf 84' lang='lat' dir='ltr'><strong>et</strong></span> <span class='ocrx_word' id='word_1_472' title='bbox 3453 750 3550 806; x_wconf 86' lang='lat' dir='ltr'><strong>per</strong></span> 
     </span>
    </p>
   </div>
   <div class='ocr_carea' id='block_1_68' title="bbox 1918 825 3549 908">
    <p class='ocr_par' dir='ltr' id='par_1_68' title="bbox 1918 825 3549 908">
     <span class='ocr_line' id='line_1_68' title="bbox 1918 825 3549 908; baseline -0.008 -15"><span class='ocrx_word' id='word_1_473' title='bbox 1918 851 2086 908; x_wconf 85' lang='lat' dir='ltr'><strong>opera</strong></span> <span class='ocrx_word' id='word_1_474' title='bbox 2130 843 2351 907; x_wconf 85' lang='lat' dir='ltr'><strong>accepta</strong></span> <span class='ocrx_word' id='word_1_475' title='bbox 2398 842 2548 900; x_wconf 87' lang='lat' dir='ltr'><strong>sunt,</strong></span> <span class='ocrx_word' id='word_1_476' title='bbox 2578 846 2643 889; x_wconf 91' lang='lat' dir='ltr'><strong>ac</strong></span> <span class='ocrx_word' id='word_1_477' title='bbox 2667 846 2855 888; x_wconf 89' lang='lat' dir='ltr'><strong>curam</strong></span> <span class='ocrx_word' id='word_1_478' title='bbox 2888 845 3050 901; x_wconf 90' lang='lat' dir='ltr'><strong>quam</strong></span> <span class='ocrx_word' id='word_1_479' title='bbox 3078 827 3255 885; x_wconf 88' lang='lat' dir='ltr'><strong>nostri</strong></span> <span class='ocrx_word' id='word_1_480' title='bbox 3301 826 3463 899; x_wconf 88' lang='lat' dir='ltr'><strong>gerit,</strong></span> <span class='ocrx_word' id='word_1_481' title='bbox 3498 825 3549 881; x_wconf 92' lang='lat' dir='ltr'><strong>in</strong></span> 
     </span>
    </p>
   </div>
   <div class='ocr_carea' id='block_1_69' title="bbox 1922 918 3550 1000">
    <p class='ocr_par' dir='ltr' id='par_1_69' title="bbox 1922 918 3550 1000">
     <span class='ocr_line' id='line_1_69' title="bbox 1922 918 3550 1000; baseline -0.008 -15"><span class='ocrx_word' id='word_1_482' title='bbox 1922 945 1991 986; x_wconf 91' lang='lat' dir='ltr'><strong>eo</strong></span> <span class='ocrx_word' id='word_1_483' title='bbox 2020 943 2236 984; x_wconf 89' lang='lat' dir='ltr'><strong>rursum</strong></span> <span class='ocrx_word' id='word_1_484' title='bbox 2282 926 2581 1000; x_wconf 79' lang='lat' dir='ltr'><strong>ampliﬁcat</strong></span> <span class='ocrx_word' id='word_1_485' title='bbox 2610 924 2937 991; x_wconf 88' lang='lat' dir='ltr'><strong>orationem,</strong></span> <span class='ocrx_word' id='word_1_486' title='bbox 2969 921 3264 977; x_wconf 88' lang='lat' dir='ltr'><strong>ostendens</strong></span> <span class='ocrx_word' id='word_1_487' title='bbox 3294 935 3419 975; x_wconf 90' lang='lat' dir='ltr'><strong>eum</strong></span> <span class='ocrx_word' id='word_1_488' title='bbox 3459 918 3550 990; x_wconf 79' lang='lat' dir='ltr'><strong>qui</strong></span> 
     </span>
    </p>
   </div>
   <div class='ocr_carea' id='block_1_70' title="bbox 1921 1008 3554 1091">
    <p class='ocr_par' dir='ltr' id='par_1_70' title="bbox 1921 1008 3554 1091">
     <span class='ocr_line' id='line_1_70' title="bbox 1921 1008 3554 1091; baseline -0.009 -12"><span class='ocrx_word' id='word_1_489' title='bbox 1921 1032 2004 1079; x_wconf 91' lang='lat' dir='ltr'><strong>tot</strong></span> <span class='ocrx_word' id='word_1_490' title='bbox 2045 1032 2102 1079; x_wconf 87' lang='lat' dir='ltr'><strong>et</strong></span> <span class='ocrx_word' id='word_1_491' title='bbox 2143 1032 2289 1078; x_wconf 90' lang='lat' dir='ltr'><strong>tanta</strong></span> <span class='ocrx_word' id='word_1_492' title='bbox 2322 1020 2452 1078; x_wconf 76' lang='lat' dir='ltr'><strong>fecit</strong></span> <span class='ocrx_word' id='word_1_493' title='bbox 2494 1034 2593 1091; x_wconf 92' lang='lat' dir='ltr'><strong>pro</strong></span> <span class='ocrx_word' id='word_1_494' title='bbox 2618 1018 2796 1074; x_wconf 88' lang='lat' dir='ltr'><strong>salute</strong></span> <span class='ocrx_word' id='word_1_495' title='bbox 2827 1017 3130 1080; x_wconf 88' lang='lat' dir='ltr'><strong>hominum,</strong></span> <span class='ocrx_word' id='word_1_496' title='bbox 3161 1027 3217 1070; x_wconf 88' lang='lat' dir='ltr'><strong>et</strong></span> <span class='ocrx_word' id='word_1_497' title='bbox 3267 1027 3364 1069; x_wconf 89' lang='lat' dir='ltr'><strong>eos</strong></span> <span class='ocrx_word' id='word_1_498' title='bbox 3402 1008 3554 1066; x_wconf 60' lang='lat' dir='ltr'><strong>omni</strong></span> 
     </span>
    </p>
   </div>
   <div class='ocr_carea' id='block_1_71' title="bbox 1923 1108 3551 1181">
    <p class='ocr_par' dir='ltr' id='par_1_71' title="bbox 1923 1108 3551 1181">
     <span class='ocr_line' id='line_1_71' title="bbox 1923 1108 3551 1181; baseline -0.009 -9"><span class='ocrx_word' id='word_1_499' title='bbox 1923 1116 2136 1172; x_wconf 89' lang='lat' dir='ltr'><strong>ratione</strong></span> <span class='ocrx_word' id='word_1_500' title='bbox 2159 1114 2419 1181; x_wconf 74' lang='lat' dir='ltr'><strong>erudivit,</strong></span> <span class='ocrx_word' id='word_1_501' title='bbox 2441 1122 2497 1168; x_wconf 90' lang='lat' dir='ltr'><strong>et</strong></span> <span class='ocrx_word' id='word_1_502' title='bbox 2517 1112 2697 1169; x_wconf 90' lang='lat' dir='ltr'><strong>erudit</strong></span> <span class='ocrx_word' id='word_1_503' title='bbox 2726 1112 2778 1166; x_wconf 85' lang='lat' dir='ltr'><strong>in</strong></span> <span class='ocrx_word' id='word_1_504' title='bbox 2808 1110 2901 1166; x_wconf 87' lang='lat' dir='ltr'><strong>Dei</strong></span> <span class='ocrx_word' id='word_1_505' title='bbox 2927 1108 3235 1181; x_wconf 86' lang='lat' dir='ltr'><strong>cognitione</strong></span> <span class='ocrx_word' id='word_1_506' title='bbox 3258 1114 3312 1162; x_wconf 92' lang='lat' dir='ltr'><strong>et</strong></span> <span class='ocrx_word' id='word_1_507' title='bbox 3338 1120 3551 1160; x_wconf 88' lang='lat' dir='ltr'><strong>summa</strong></span> 
     </span>
    </p>
   </div>
   <div class='ocr_carea' id='block_1_72' title="bbox 1925 1191 3553 1278">
    <p class='ocr_par' dir='ltr' id='par_1_72' title="bbox 1925 1191 3553 1278">
     <span class='ocr_line' id='line_1_72' title="bbox 1925 1191 3553 1278; baseline -0.007 -16"><span class='ocrx_word' id='word_1_508' title='bbox 1925 1207 2291 1278; x_wconf 88' lang='lat' dir='ltr'><strong>philosophia,</strong></span> <span class='ocrx_word' id='word_1_509' title='bbox 2320 1220 2618 1275; x_wconf 86' lang='lat' dir='ltr'><strong>eorumque</strong></span> <span class='ocrx_word' id='word_1_510' title='bbox 2647 1205 2812 1258; x_wconf 87' lang='lat' dir='ltr'><strong>vitam</strong></span> <span class='ocrx_word' id='word_1_511' title='bbox 2857 1204 3003 1257; x_wconf 79' lang='lat' dir='ltr'><strong>fovet</strong></span> <span class='ocrx_word' id='word_1_512' title='bbox 3040 1208 3097 1257; x_wconf 88' lang='lat' dir='ltr'><strong>et.</strong></span> <span class='ocrx_word' id='word_1_513' title='bbox 3142 1198 3374 1254; x_wconf 88' lang='lat' dir='ltr'><strong>sustinet</strong></span> <span class='ocrx_word' id='word_1_514' title='bbox 3396 1240 3409 1259; x_wconf 86' lang='lat'><strong>,</strong></span> <span class='ocrx_word' id='word_1_515' title='bbox 3443 1191 3553 1251; x_wconf 82' lang='lat' dir='ltr'><strong>rion</strong></span> 
     </span>
    </p>
   </div>
   <div class='ocr_carea' id='block_1_73' title="bbox 1924 1287 3552 1367">
    <p class='ocr_par' dir='ltr' id='par_1_73' title="bbox 1924 1287 3552 1367">
     <span class='ocr_line' id='line_1_73' title="bbox 1924 1287 3552 1367; baseline -0.007 -13"><span class='ocrx_word' id='word_1_516' title='bbox 1924 1299 2028 1355; x_wconf 90' lang='lat' dir='ltr'><strong>hoc</strong></span> <span class='ocrx_word' id='word_1_517' title='bbox 2059 1297 2241 1355; x_wconf 81' lang='lat' dir='ltr'><strong>facere</strong></span> <span class='ocrx_word' id='word_1_518' title='bbox 2268 1312 2337 1353; x_wconf 77' lang='lat' dir='ltr'><strong>es</strong></span> <span class='ocrx_word' id='word_1_519' title='bbox 2364 1296 2551 1352; x_wconf 89' lang='lat' dir='ltr'><strong>debito</strong></span> <span class='ocrx_word' id='word_1_520' title='bbox 2580 1293 2759 1367; x_wconf 91' lang='lat' dir='ltr'><strong>(quod</strong></span> <span class='ocrx_word' id='word_1_521' title='bbox 2808 1303 2893 1349; x_wconf 89' lang='lat' dir='ltr'><strong>est</strong></span> <span class='ocrx_word' id='word_1_522' title='bbox 2923 1292 3156 1349; x_wconf 79' lang='lat' dir='ltr'><strong>maxima</strong></span> <span class='ocrx_word' id='word_1_523' title='bbox 3198 1287 3430 1361; x_wconf 86' lang='lat' dir='ltr'><strong>gratia),</strong></span> <span class='ocrx_word' id='word_1_524' title='bbox 3456 1287 3552 1344; x_wconf 90' lang='lat' dir='ltr'><strong>sed</strong></span> 
     </span>
    </p>
   </div>
   <div class='ocr_carea' id='block_1_74' title="bbox 1922 1380 3551 1463">
    <p class='ocr_par' dir='ltr' id='par_1_74' title="bbox 1922 1380 3551 1463">
     <span class='ocr_line' id='line_1_74' title="bbox 1922 1380 3551 1463; baseline -0.007 -17"><span class='ocrx_word' id='word_1_525' title='bbox 1922 1399 2147 1463; x_wconf 88' lang='lat' dir='ltr'><strong>propter</strong></span> <span class='ocrx_word' id='word_1_526' title='bbox 2174 1404 2326 1445; x_wconf 87' lang='lat' dir='ltr'><strong>suam</strong></span> <span class='ocrx_word' id='word_1_527' title='bbox 2377 1387 2724 1445; x_wconf 87' lang='lat' dir='ltr'><strong>clementiam</strong></span> <span class='ocrx_word' id='word_1_528' title='bbox 2771 1394 2827 1441; x_wconf 91' lang='lat' dir='ltr'><strong>et</strong></span> <span class='ocrx_word' id='word_1_529' title='bbox 2871 1380 3322 1443; x_wconf 87' lang='lat' dir='ltr'><strong>misericordiam,</strong></span> <span class='ocrx_word' id='word_1_530' title='bbox 3355 1395 3461 1434; x_wconf 90' lang='lat' dir='ltr'><strong>non</strong></span> <span class='ocrx_word' id='word_1_531' title='bbox 3496 1388 3551 1435; x_wconf 90' lang='lat' dir='ltr'><strong>ut</strong></span> 
     </span>
    </p>
   </div>
   <div class='ocr_carea' id='block_1_75' title="bbox 1922 1473 3552 1553">
    <p class='ocr_par' dir='ltr' id='par_1_75' title="bbox 1922 1473 3552 1553">
     <span class='ocr_line' id='line_1_75' title="bbox 1922 1473 3552 1553; baseline -0.006 -15"><span class='ocrx_word' id='word_1_532' title='bbox 1922 1483 2015 1553; x_wconf 91' lang='lat' dir='ltr'><strong>qui</strong></span> <span class='ocrx_word' id='word_1_533' title='bbox 2043 1482 2174 1553; x_wconf 80' lang='lat' dir='ltr'><strong>ipsis</strong></span> <span class='ocrx_word' id='word_1_534' title='bbox 2200 1490 2375 1551; x_wconf 86' lang='lat' dir='ltr'><strong>egeat,</strong></span> <span class='ocrx_word' id='word_1_535' title='bbox 2406 1480 2505 1536; x_wconf 89' lang='lat' dir='ltr'><strong>sed</strong></span> <span class='ocrx_word' id='word_1_536' title='bbox 2536 1489 2759 1550; x_wconf 75' lang='lat' dir='ltr'><strong>propter</strong></span> <span class='ocrx_word' id='word_1_537' title='bbox 2815 1477 2986 1532; x_wconf 90' lang='lat' dir='ltr'><strong>solam</strong></span> <span class='ocrx_word' id='word_1_538' title='bbox 3029 1490 3184 1530; x_wconf 87' lang='lat' dir='ltr'><strong>suam</strong></span> <span class='ocrx_word' id='word_1_539' title='bbox 3231 1473 3552 1530; x_wconf 87' lang='lat' dir='ltr'><strong>bonitatem.</strong></span> 
     </span>
    </p>
   </div>
   <div class='ocr_carea' id='block_1_76' title="bbox 1928 1563 3550 1635">
    <p class='ocr_par' dir='ltr' id='par_1_76' title="bbox 1928 1563 3550 1635">
     <span class='ocr_line' id='line_1_76' title="bbox 1928 1563 3550 1635; baseline -0.006 -8"><span class='ocrx_word' id='word_1_540' title='bbox 1928 1572 2115 1628; x_wconf 80' lang='lat' dir='ltr'><strong>Eseam</strong></span> <span class='ocrx_word' id='word_1_541' title='bbox 2137 1571 2278 1626; x_wconf 82' lang='lat' dir='ltr'><strong>dedit</strong></span> <span class='ocrx_word' id='word_1_542' title='bbox 2307 1569 2600 1626; x_wconf 72' lang='lat' dir='ltr'><strong>timentibus</strong></span> <span class='ocrx_word' id='word_1_543' title='bbox 2624 1585 2699 1625; x_wconf 85' lang='lat' dir='ltr'><strong>se.</strong></span> <span class='ocrx_word' id='word_1_544' title='bbox 2718 1567 2833 1635; x_wconf 88' lang='lat' dir='ltr'><strong>Qua</strong></span> <span class='ocrx_word' id='word_1_545' title='bbox 2864 1566 2933 1622; x_wconf 89' lang='lat' dir='ltr'><strong>de</strong></span> <span class='ocrx_word' id='word_1_546' title='bbox 2954 1581 3116 1621; x_wconf 64' lang='lat' dir='ltr'><strong>causa</strong></span> <span class='ocrx_word' id='word_1_547' title='bbox 3137 1579 3233 1620; x_wconf 90' lang='lat' dir='ltr'><strong>eos</strong></span> <span class='ocrx_word' id='word_1_548' title='bbox 3254 1563 3344 1635; x_wconf 85' lang='lat' dir='ltr'><strong>qui</strong></span> <span class='ocrx_word' id='word_1_549' title='bbox 3377 1564 3550 1634; x_wconf 87' lang='lat' dir='ltr'><strong>ipsum</strong></span> 
     </span>
    </p>
   </div>
   <div class='ocr_carea' id='block_1_77' title="bbox 1929 1655 3552 1734">
    <p class='ocr_par' dir='ltr' id='par_1_77' title="bbox 1929 1655 3552 1734">
     <span class='ocr_line' id='line_1_77' title="bbox 1929 1655 3552 1734; baseline -0.006 -15"><span class='ocrx_word' id='word_1_550' title='bbox 1929 1666 2122 1720; x_wconf 89' lang='lat' dir='ltr'><strong>timent</strong></span> <span class='ocrx_word' id='word_1_551' title='bbox 2161 1663 2253 1719; x_wconf 91' lang='lat' dir='ltr'><strong>hic</strong></span> <span class='ocrx_word' id='word_1_552' title='bbox 2292 1661 2518 1734; x_wconf 84' lang='lat' dir='ltr'><strong>posuit?</strong></span> <span class='ocrx_word' id='word_1_553' title='bbox 2561 1676 2737 1733; x_wconf 89' lang='lat' dir='ltr'><strong>neque</strong></span> <span class='ocrx_word' id='word_1_554' title='bbox 2766 1660 2912 1716; x_wconf 90' lang='lat' dir='ltr'><strong>enim</strong></span> <span class='ocrx_word' id='word_1_555' title='bbox 2954 1674 3052 1714; x_wconf 91' lang='lat' dir='ltr'><strong>eos</strong></span> <span class='ocrx_word' id='word_1_556' title='bbox 3078 1658 3229 1715; x_wconf 86' lang='lat' dir='ltr'><strong>solos</strong></span> <span class='ocrx_word' id='word_1_557' title='bbox 3275 1657 3466 1711; x_wconf 89' lang='lat' dir='ltr'><strong>nutrit.</strong></span> <span class='ocrx_word' id='word_1_558' title='bbox 3496 1655 3552 1711; x_wconf 87' lang='lat' dir='ltr'><strong>lu</strong></span> 
     </span>
    </p>
   </div>
   <div class='ocr_carea' id='block_1_78' title="bbox 1926 1751 3559 1829">
    <p class='ocr_par' dir='ltr' id='par_1_78' title="bbox 1926 1751 3559 1829">
     <span class='ocr_line' id='line_1_78' title="bbox 1926 1751 3559 1829; baseline -0.006 -16"><span class='ocrx_word' id='word_1_559' title='bbox 1926 1757 2223 1829; x_wconf 81' lang='lat' dir='ltr'><strong>Evangelia</strong></span> <span class='ocrx_word' id='word_1_560' title='bbox 2249 1756 2393 1812; x_wconf 88' lang='lat' dir='ltr'><strong>enim</strong></span> <span class='ocrx_word' id='word_1_561' title='bbox 2412 1754 2571 1811; x_wconf 91' lang='lat' dir='ltr'><strong>dicit:</strong></span> <span class='ocrx_word' id='word_1_562' title='bbox 2595 1754 2698 1823; x_wconf 83' lang='lat' dir='ltr'><strong>Qui</strong></span> <span class='ocrx_word' id='word_1_563' title='bbox 2730 1754 2891 1810; x_wconf 81' lang='lat' dir='ltr'><strong>solem</strong></span> <span class='ocrx_word' id='word_1_564' title='bbox 2906 1753 3034 1809; x_wconf 87' lang='lat' dir='ltr'><strong>oriri</strong></span> <span class='ocrx_word' id='word_1_565' title='bbox 3064 1752 3188 1825; x_wconf 76' lang='lat' dir='ltr'><strong>facit</strong></span> <span class='ocrx_word' id='word_1_566' title='bbox 3208 1768 3363 1824; x_wconf 81' lang='lat' dir='ltr'><strong>super</strong></span> <span class='ocrx_word' id='word_1_567' title='bbox 3392 1751 3559 1805; x_wconf 77' lang='lat' dir='ltr'><strong>malos</strong></span> 
     </span>
    </p>
   </div>
   <div class='ocr_carea' id='block_1_79' title="bbox 1924 1843 3555 1922">
    <p class='ocr_par' dir='ltr' id='par_1_79' title="bbox 1924 1843 3555 1922">
     <span class='ocr_line' id='line_1_79' title="bbox 1924 1843 3555 1922; baseline -0.004 -17"><span class='ocrx_word' id='word_1_568' title='bbox 1924 1860 1973 1905; x_wconf 90' lang='lat' dir='ltr'><strong>et</strong></span> <span class='ocrx_word' id='word_1_569' title='bbox 2009 1852 2190 1918; x_wconf 79' lang='lat' dir='ltr'><strong>bonos,</strong></span> <span class='ocrx_word' id='word_1_570' title='bbox 2213 1860 2263 1905; x_wconf 86' lang='lat' dir='ltr'><strong>et</strong></span> <span class='ocrx_word' id='word_1_571' title='bbox 2290 1850 2419 1922; x_wconf 83' lang='lat' dir='ltr'><strong>pluit</strong></span> <span class='ocrx_word' id='word_1_572' title='bbox 2442 1865 2598 1921; x_wconf 81' lang='lat' dir='ltr'><strong>super</strong></span> <span class='ocrx_word' id='word_1_573' title='bbox 2616 1849 2791 1919; x_wconf 85' lang='lat' dir='ltr'><strong>justas</strong></span> <span class='ocrx_word' id='word_1_574' title='bbox 2814 1856 2865 1903; x_wconf 84' lang='lat' dir='ltr'><strong>et</strong></span> <span class='ocrx_word' id='word_1_575' title='bbox 2888 1846 3113 1917; x_wconf 79' lang='lat' dir='ltr'><strong>iniustos</strong></span> <span class='ocrx_word' id='word_1_576' title='bbox 3132 1843 3347 1920; x_wconf 81' lang='lat' dir='ltr'><strong>(Matth.</strong></span> <span class='ocrx_word' id='word_1_577' title='bbox 3368 1845 3421 1901; x_wconf 83' lang='lat'><strong>5.</strong></span> <span class='ocrx_word' id='word_1_578' title='bbox 3437 1843 3555 1915; x_wconf 75' lang='grc'><strong>45).</strong></span> 
     </span>
    </p>
   </div>
   <div class='ocr_carea' id='block_1_80' title="bbox 1926 1937 3558 2015">
    <p class='ocr_par' dir='ltr' id='par_1_80' title="bbox 1926 1937 3558 2015">
     <span class='ocr_line' id='line_1_80' title="bbox 1926 1937 3558 2015; baseline -0.003 -16"><span class='ocrx_word' id='word_1_579' title='bbox 1926 1943 2212 2013; x_wconf 85' lang='lat' dir='ltr'><strong>Quomodo</strong></span> <span class='ocrx_word' id='word_1_580' title='bbox 2242 1958 2373 2015; x_wconf 85' lang='lat' dir='ltr'><strong>ergo</strong></span> <span class='ocrx_word' id='word_1_581' title='bbox 2396 1942 2553 2008; x_wconf 80' lang='lat' dir='ltr'><strong>dixit,</strong></span> <span class='ocrx_word' id='word_1_582' title='bbox 2572 1940 2895 1997; x_wconf 74' lang='lat' dir='ltr'><strong>Timentibus</strong></span> <span class='ocrx_word' id='word_1_583' title='bbox 2920 1956 2976 1996; x_wconf 92' lang='lat' dir='ltr'><strong>se</strong></span> <span class='ocrx_word' id='word_1_584' title='bbox 2996 1940 3023 1995; x_wconf 74' lang='lat'><strong><em>7</em></strong></span> <span class='ocrx_word' id='word_1_585' title='bbox 3054 1939 3152 1995; x_wconf 83' lang='lat' dir='ltr'><strong>Hic</strong></span> <span class='ocrx_word' id='word_1_586' title='bbox 3181 1937 3558 1995; x_wconf 74' lang='lat' dir='ltr'><strong>milih&#39;idctur</strong></span> 
     </span>
    </p>
   </div>
   <div class='ocr_carea' id='block_1_81' title="bbox 1936 2030 3558 2105">
    <p class='ocr_par' dir='ltr' id='par_1_81' title="bbox 1936 2030 3558 2105">
     <span class='ocr_line' id='line_1_81' title="bbox 1936 2030 3558 2105; baseline -0.004 -12"><span class='ocrx_word' id='word_1_587' title='bbox 1936 2036 2122 2093; x_wconf 88' lang='lat' dir='ltr'><strong>dicere</strong></span> <span class='ocrx_word' id='word_1_588' title='bbox 2169 2036 2487 2092; x_wconf 87' lang='lat' dir='ltr'><strong>alimentum</strong></span> <span class='ocrx_word' id='word_1_589' title='bbox 2518 2050 2628 2091; x_wconf 89' lang='lat' dir='ltr'><strong>non</strong></span> <span class='ocrx_word' id='word_1_590' title='bbox 2658 2035 2930 2105; x_wconf 89' lang='lat' dir='ltr'><strong>corporis,</strong></span> <span class='ocrx_word' id='word_1_591' title='bbox 2960 2032 3058 2089; x_wconf 87' lang='lat' dir='ltr'><strong>sed</strong></span> <span class='ocrx_word' id='word_1_592' title='bbox 3099 2032 3285 2088; x_wconf 86' lang='lat' dir='ltr'><strong>animi.</strong></span> <span class='ocrx_word' id='word_1_593' title='bbox 3337 2031 3403 2087; x_wconf 80' lang='lat' dir='ltr'><strong>Et</strong></span> <span class='ocrx_word' id='word_1_594' title='bbox 3435 2030 3558 2086; x_wconf 87' lang='lat' dir='ltr'><strong>ideo</strong></span> 
     </span>
    </p>
   </div>
   <div class='ocr_carea' id='block_1_82' title="bbox 1936 2124 3556 2203">
    <p class='ocr_par' dir='ltr' id='par_1_82' title="bbox 1936 2124 3556 2203">
     <span class='ocr_line' id='line_1_82' title="bbox 1936 2124 3556 2203; baseline -0.005 -16"><span class='ocrx_word' id='word_1_595' title='bbox 1936 2131 2174 2203; x_wconf 74' lang='lat' dir='ltr'><strong>loquitur</strong></span> <span class='ocrx_word' id='word_1_596' title='bbox 2218 2130 2397 2187; x_wconf 90' lang='lat' dir='ltr'><strong>solum</strong></span> <span class='ocrx_word' id='word_1_597' title='bbox 2422 2128 2493 2187; x_wconf 89' lang='lat' dir='ltr'><strong>de</strong></span> <span class='ocrx_word' id='word_1_598' title='bbox 2523 2127 2883 2185; x_wconf 86' lang='lat' dir='ltr'><strong>timentibus:</strong></span> <span class='ocrx_word' id='word_1_599' title='bbox 2918 2126 2971 2183; x_wconf 91' lang='lat' dir='ltr'><strong>id</strong></span> <span class='ocrx_word' id='word_1_600' title='bbox 3016 2127 3162 2182; x_wconf 79' lang='lat' dir='ltr'><strong>enim</strong></span> <span class='ocrx_word' id='word_1_601' title='bbox 3201 2133 3286 2181; x_wconf 91' lang='lat' dir='ltr'><strong>est</strong></span> <span class='ocrx_word' id='word_1_602' title='bbox 3311 2124 3392 2181; x_wconf 91' lang='lat' dir='ltr'><strong>eis</strong></span> <span class='ocrx_word' id='word_1_603' title='bbox 3417 2125 3556 2181; x_wconf 82' lang='lat' dir='ltr'><strong>assi-</strong></span> 
     </span>
    </p>
   </div>
   <div class='ocr_carea' id='block_1_83' title="bbox 1931 2212 3557 2298">
    <p class='ocr_par' dir='ltr' id='par_1_83' title="bbox 1931 2212 3557 2298">
     <span class='ocr_line' id='line_1_83' title="bbox 1931 2212 3557 2298; baseline -0.007 -16"><span class='ocrx_word' id='word_1_604' title='bbox 1931 2236 2178 2298; x_wconf 90' lang='lat' dir='ltr'><strong>gnatum.</strong></span> <span class='ocrx_word' id='word_1_605' title='bbox 2236 2225 2373 2281; x_wconf 80' lang='lat' dir='ltr'><strong>Nam</strong></span> <span class='ocrx_word' id='word_1_606' title='bbox 2412 2222 2875 2297; x_wconf 85' lang='lat' dir='ltr'><strong>quemadmodum</strong></span> <span class='ocrx_word' id='word_1_607' title='bbox 2922 2222 3161 2277; x_wconf 89' lang='lat' dir='ltr'><strong>nutritur</strong></span> <span class='ocrx_word' id='word_1_608' title='bbox 3208 2212 3437 2291; x_wconf 80' lang='lat' dir='ltr'><strong>corpus,</strong></span> <span class='ocrx_word' id='word_1_609' title='bbox 3484 2219 3557 2274; x_wconf 83' lang='lat' dir='ltr'><strong>ita</strong></span> 
     </span>
    </p>
   </div>
   <div class='ocr_carea' id='block_1_84' title="bbox 1930 2309 3561 2386">
    <p class='ocr_par' dir='ltr' id='par_1_84' title="bbox 1930 2309 3561 2386">
     <span class='ocr_line' id='line_1_84' title="bbox 1930 2309 3561 2386; baseline -0.005 -14"><span class='ocrx_word' id='word_1_610' title='bbox 1930 2318 2167 2374; x_wconf 82' lang='lat' dir='ltr'><strong>nutritur</strong></span> <span class='ocrx_word' id='word_1_611' title='bbox 2190 2317 2397 2373; x_wconf 82' lang='lat' dir='ltr'><strong>anima.</strong></span> <span class='ocrx_word' id='word_1_612' title='bbox 2423 2314 2582 2386; x_wconf 90' lang='lat' dir='ltr'><strong>Quod</strong></span> <span class='ocrx_word' id='word_1_613' title='bbox 2611 2324 2793 2371; x_wconf 85' lang='lat' dir='ltr'><strong>autem</strong></span> <span class='ocrx_word' id='word_1_614' title='bbox 2823 2313 3116 2381; x_wconf 83' lang='lat' dir='ltr'><strong>nutriatur,</strong></span> <span class='ocrx_word' id='word_1_615' title='bbox 3144 2311 3269 2367; x_wconf 88' lang='lat' dir='ltr'><strong>audi</strong></span> <span class='ocrx_word' id='word_1_616' title='bbox 3305 2328 3319 2365; x_wconf 94' lang='lat'><strong>:</strong></span> <span class='ocrx_word' id='word_1_617' title='bbox 3354 2309 3478 2366; x_wconf 90' lang='lat' dir='ltr'><strong>Non</strong></span> <span class='ocrx_word' id='word_1_618' title='bbox 3505 2310 3561 2364; x_wconf 86' lang='lat' dir='ltr'><strong>in</strong></span> 
     </span>
    </p>
   </div>
   <div class='ocr_carea' id='block_1_85' title="bbox 1927 2403 3564 2482">
    <p class='ocr_par' dir='ltr' id='par_1_85' title="bbox 1927 2403 3564 2482">
     <span class='ocr_line' id='line_1_85' title="bbox 1927 2403 3564 2482; baseline -0.007 -15"><span class='ocrx_word' id='word_1_619' title='bbox 1927 2410 2041 2467; x_wconf 80' lang='lat' dir='ltr'><strong>solo</strong></span> <span class='ocrx_word' id='word_1_620' title='bbox 2071 2420 2207 2482; x_wconf 80' lang='lat' dir='ltr'><strong>pane</strong></span> <span class='ocrx_word' id='word_1_621' title='bbox 2228 2411 2356 2466; x_wconf 73' lang='lat' dir='ltr'><strong>vivet</strong></span> <span class='ocrx_word' id='word_1_622' title='bbox 2391 2410 2570 2477; x_wconf 77' lang='lat' dir='ltr'><strong>homo,</strong></span> <span class='ocrx_word' id='word_1_623' title='bbox 2596 2408 2688 2465; x_wconf 81' lang='lat' dir='ltr'><strong>sed</strong></span> <span class='ocrx_word' id='word_1_624' title='bbox 2715 2408 2768 2461; x_wconf 84' lang='lat' dir='ltr'><strong>in</strong></span> <span class='ocrx_word' id='word_1_625' title='bbox 2799 2406 2940 2461; x_wconf 87' lang='lat' dir='ltr'><strong>omni</strong></span> <span class='ocrx_word' id='word_1_626' title='bbox 2966 2404 3121 2460; x_wconf 78' lang='lat' dir='ltr'><strong>verbo</strong></span> <span class='ocrx_word' id='word_1_627' title='bbox 3146 2404 3284 2471; x_wconf 85' lang='lat' dir='ltr'><strong>quod</strong></span> <span class='ocrx_word' id='word_1_628' title='bbox 3305 2403 3564 2476; x_wconf 77' lang='lat' dir='ltr'><strong>egreditur</strong></span> 
     </span>
    </p>
   </div>
   <div class='ocr_carea' id='block_1_86' title="bbox 1933 2498 3565 2576">
    <p class='ocr_par' dir='ltr' id='par_1_86' title="bbox 1933 2498 3565 2576">
     <span class='ocr_line' id='line_1_86' title="bbox 1933 2498 3565 2576; baseline -0.006 -16"><span class='ocrx_word' id='word_1_629' title='bbox 1933 2520 2026 2576; x_wconf 81' lang='lat' dir='ltr'><strong>per</strong></span> <span class='ocrx_word' id='word_1_630' title='bbox 2060 2521 2116 2560; x_wconf 87' lang='lat' dir='ltr'><strong>os</strong></span> <span class='ocrx_word' id='word_1_631' title='bbox 2165 2501 2262 2559; x_wconf 88' lang='lat' dir='ltr'><strong>Dei</strong></span> <span class='ocrx_word' id='word_1_632' title='bbox 2293 2501 2424 2575; x_wconf 87' lang='lat' dir='ltr'><strong>(Id.</strong></span> <span class='ocrx_word' id='word_1_633' title='bbox 2469 2503 2527 2558; x_wconf 72' lang='grc'><strong>4.</strong></span> <span class='ocrx_word' id='word_1_634' title='bbox 2574 2499 2677 2575; x_wconf 68' lang='grc'><strong>4).</strong></span> <span class='ocrx_word' id='word_1_635' title='bbox 2738 2498 2854 2556; x_wconf 80' lang='lat' dir='ltr'><strong>Hoc</strong></span> <span class='ocrx_word' id='word_1_636' title='bbox 2896 2513 3030 2570; x_wconf 88' lang='lat' dir='ltr'><strong>ergo</strong></span> <span class='ocrx_word' id='word_1_637' title='bbox 3079 2498 3209 2554; x_wconf 89' lang='lat' dir='ltr'><strong>dicit</strong></span> <span class='ocrx_word' id='word_1_638' title='bbox 3262 2500 3565 2553; x_wconf 87' lang='lat' dir='ltr'><strong>nutrimen-</strong></span> 
     </span>
    </p>
   </div>
   <div class='ocr_carea' id='block_1_87' title="bbox 1933 2590 3563 2668">
    <p class='ocr_par' dir='ltr' id='par_1_87' title="bbox 1933 2590 3563 2668">
     <span class='ocr_line' id='line_1_87' title="bbox 1933 2590 3563 2668; baseline -0.005 -15"><span class='ocrx_word' id='word_1_639' title='bbox 1933 2596 2231 2668; x_wconf 89' lang='lat' dir='ltr'><strong>tum,qnod</strong></span> <span class='ocrx_word' id='word_1_640' title='bbox 2258 2596 2423 2653; x_wconf 85' lang='lat' dir='ltr'><strong>etiam</strong></span> <span class='ocrx_word' id='word_1_641' title='bbox 2450 2594 2597 2652; x_wconf 91' lang='lat' dir='ltr'><strong>dedit</strong></span> <span class='ocrx_word' id='word_1_642' title='bbox 2628 2593 2903 2666; x_wconf 78' lang='lat' dir='ltr'><strong>praecipue</strong></span> <span class='ocrx_word' id='word_1_643' title='bbox 2926 2594 3008 2650; x_wconf 88' lang='lat' dir='ltr'><strong>eis</strong></span> <span class='ocrx_word' id='word_1_644' title='bbox 3029 2591 3119 2662; x_wconf 85' lang='lat' dir='ltr'><strong>qui</strong></span> <span class='ocrx_word' id='word_1_645' title='bbox 3144 2591 3320 2662; x_wconf 87' lang='lat' dir='ltr'><strong>ipsum</strong></span> <span class='ocrx_word' id='word_1_646' title='bbox 3347 2590 3563 2655; x_wconf 87' lang='lat' dir='ltr'><strong>timent,</strong></span> 
     </span>
    </p>
   </div>
   <div class='ocr_carea' id='block_1_88' title="bbox 1934 2681 3566 2762">
    <p class='ocr_par' dir='ltr' id='par_1_88' title="bbox 1934 2681 3566 2762">
     <span class='ocr_line' id='line_1_88' title="bbox 1934 2681 3566 2762; baseline -0.006 -13"><span class='ocrx_word' id='word_1_647' title='bbox 1934 2692 2234 2749; x_wconf 79' lang='lat' dir='ltr'><strong>doctrinam</strong></span> <span class='ocrx_word' id='word_1_648' title='bbox 2267 2707 2365 2762; x_wconf 87' lang='lat' dir='ltr'><strong>per</strong></span> <span class='ocrx_word' id='word_1_649' title='bbox 2387 2704 2717 2755; x_wconf 85' lang='lat' dir='ltr'><strong>sermonem,</strong></span> <span class='ocrx_word' id='word_1_650' title='bbox 2741 2687 3126 2751; x_wconf 88' lang='lat' dir='ltr'><strong>eruditionem,</strong></span> <span class='ocrx_word' id='word_1_651' title='bbox 3148 2700 3362 2740; x_wconf 88' lang='lat' dir='ltr'><strong>omnem</strong></span> <span class='ocrx_word' id='word_1_652' title='bbox 3385 2681 3566 2755; x_wconf 84' lang='lat' dir='ltr'><strong>philo-</strong></span> 
     </span>
    </p>
   </div>
   <div class='ocr_carea' id='block_1_89' title="bbox 1935 2776 3570 2857">
    <p class='ocr_par' dir='ltr' id='par_1_89' title="bbox 1935 2776 3570 2857">
     <span class='ocr_line' id='line_1_89' title="bbox 1935 2776 3570 2857; baseline -0.007 -15"><span class='ocrx_word' id='word_1_653' title='bbox 1935 2784 2208 2857; x_wconf 86' lang='lat' dir='ltr'><strong>s0pbiam.</strong></span> <span class='ocrx_word' id='word_1_654' title='bbox 2256 2782 2460 2838; x_wconf 73' lang='lat' dir='ltr'><strong>Memor</strong></span> <span class='ocrx_word' id='word_1_655' title='bbox 2489 2782 2586 2837; x_wconf 89' lang='lat' dir='ltr'><strong>erit</strong></span> <span class='ocrx_word' id='word_1_656' title='bbox 2614 2784 2667 2836; x_wconf 85' lang='lat' dir='ltr'><strong>in</strong></span> <span class='ocrx_word' id='word_1_657' title='bbox 2693 2780 2941 2836; x_wconf 71' lang='lat' dir='ltr'><strong>uetulum</strong></span> <span class='ocrx_word' id='word_1_658' title='bbox 2964 2777 3256 2834; x_wconf 81' lang='lat' dir='ltr'><strong>testamenti</strong></span> <span class='ocrx_word' id='word_1_659' title='bbox 3280 2777 3380 2832; x_wconf 84' lang='lat' dir='ltr'><strong>sui.</strong></span> <span class='ocrx_word' id='word_1_660' title='bbox 3425 2776 3570 2831; x_wconf 58' lang='lat' dir='ltr'><strong>[iuro</strong></span> 
     </span>
    </p>
   </div>
   <div class='ocr_carea' id='block_1_90' title="bbox 1941 2873 3569 2945">
    <p class='ocr_par' dir='ltr' id='par_1_90' title="bbox 1941 2873 3569 2945">
     <span class='ocr_line' id='line_1_90' title="bbox 1941 2873 3569 2945; baseline -0.006 -13"><span class='ocrx_word' id='word_1_661' title='bbox 1941 2891 2035 2932; x_wconf 91' lang='lat' dir='ltr'><strong>sus</strong></span> <span class='ocrx_word' id='word_1_662' title='bbox 2072 2875 2385 2932; x_wconf 73' lang='lat' dir='ltr'><strong>Judaeorum</strong></span> <span class='ocrx_word' id='word_1_663' title='bbox 2433 2874 2798 2945; x_wconf 84' lang='lat' dir='ltr'><strong>arrogantiam</strong></span> <span class='ocrx_word' id='word_1_664' title='bbox 2841 2873 3232 2942; x_wconf 84' lang='lat' dir='ltr'><strong>comprimens,</strong></span> <span class='ocrx_word' id='word_1_665' title='bbox 3282 2880 3336 2925; x_wconf 89' lang='lat' dir='ltr'><strong>ct</strong></span> <span class='ocrx_word' id='word_1_666' title='bbox 3379 2886 3569 2925; x_wconf 65' lang='lat' dir='ltr'><strong>eorum</strong></span> 
     </span>
    </p>
   </div>
   <div class='ocr_carea' id='block_1_91' title="bbox 1944 2963 3569 3039">
    <p class='ocr_par' dir='ltr' id='par_1_91' title="bbox 1944 2963 3569 3039">
     <span class='ocr_line' id='line_1_91' title="bbox 1944 2963 3569 3039; baseline -0.004 -17"><span class='ocrx_word' id='word_1_667' title='bbox 1944 2967 2143 3022; x_wconf 79' lang='lat' dir='ltr'><strong>fastum</strong></span> <span class='ocrx_word' id='word_1_668' title='bbox 2170 2977 2481 3039; x_wconf 88' lang='lat' dir='ltr'><strong>amputans,</strong></span> <span class='ocrx_word' id='word_1_669' title='bbox 2513 2966 2598 3020; x_wconf 85' lang='lat' dir='ltr'><strong>vel</strong></span> <span class='ocrx_word' id='word_1_670' title='bbox 2629 2965 2807 3036; x_wconf 87' lang='lat' dir='ltr'><strong>potius</strong></span> <span class='ocrx_word' id='word_1_671' title='bbox 2833 2963 3129 3021; x_wconf 86' lang='lat' dir='ltr'><strong>ostendens</strong></span> <span class='ocrx_word' id='word_1_672' title='bbox 3157 2978 3254 3019; x_wconf 91' lang='lat' dir='ltr'><strong>eos</strong></span> <span class='ocrx_word' id='word_1_673' title='bbox 3282 2979 3405 3034; x_wconf 68' lang='lat' dir='ltr'><strong>qua:</strong></span> <span class='ocrx_word' id='word_1_674' title='bbox 3428 2964 3569 3018; x_wconf 86' lang='lat' dir='ltr'><strong>bona</strong></span> 
     </span>
    </p>
   </div>
   <div class='ocr_carea' id='block_1_92' title="bbox 1940 3058 3574 3129">
    <p class='ocr_par' dir='ltr' id='par_1_92' title="bbox 1940 3058 3574 3129">
     <span class='ocr_line' id='line_1_92' title="bbox 1940 3058 3574 3129; baseline -0.002 -15"><span class='ocrx_word' id='word_1_675' title='bbox 1940 3058 2260 3129; x_wconf 83' lang='lat' dir='ltr'><strong>consequuti</strong></span> <span class='ocrx_word' id='word_1_676' title='bbox 2309 3065 2458 3123; x_wconf 89' lang='lat' dir='ltr'><strong>sunt,</strong></span> <span class='ocrx_word' id='word_1_677' title='bbox 2491 3072 2553 3112; x_wconf 88' lang='lat' dir='ltr'><strong>ea</strong></span> <span class='ocrx_word' id='word_1_678' title='bbox 2605 3072 2712 3111; x_wconf 87' lang='lat' dir='ltr'><strong>nou</strong></span> <span class='ocrx_word' id='word_1_679' title='bbox 2760 3065 3129 3126; x_wconf 80' lang='lat' dir='ltr'><strong>consequutus</strong></span> <span class='ocrx_word' id='word_1_680' title='bbox 3173 3069 3298 3110; x_wconf 85' lang='lat' dir='ltr'><strong>esse</strong></span> <span class='ocrx_word' id='word_1_681' title='bbox 3351 3064 3574 3126; x_wconf 85' lang='lat' dir='ltr'><strong>propter</strong></span> 
     </span>
    </p>
   </div>
   <div class='ocr_carea' id='block_1_93' title="bbox 1947 3147 3571 3220">
    <p class='ocr_par' dir='ltr' id='par_1_93' title="bbox 1947 3147 3571 3220">
     <span class='ocr_line' id='line_1_93' title="bbox 1947 3147 3571 3220; baseline -0.002 -13"><span class='ocrx_word' id='word_1_682' title='bbox 1947 3165 2042 3207; x_wconf 90' lang='lat' dir='ltr'><strong>sua</strong></span> <span class='ocrx_word' id='word_1_683' title='bbox 2075 3151 2290 3218; x_wconf 88' lang='lat' dir='ltr'><strong>merita,</strong></span> <span class='ocrx_word' id='word_1_684' title='bbox 2323 3149 2419 3206; x_wconf 83' lang='lat' dir='ltr'><strong>sed</strong></span> <span class='ocrx_word' id='word_1_685' title='bbox 2464 3158 2690 3220; x_wconf 89' lang='lat' dir='ltr'><strong>propter</strong></span> <span class='ocrx_word' id='word_1_686' title='bbox 2738 3149 2907 3219; x_wconf 90' lang='lat' dir='ltr'><strong>ipsius</strong></span> <span class='ocrx_word' id='word_1_687' title='bbox 2935 3148 3229 3204; x_wconf 89' lang='lat' dir='ltr'><strong>amicitiam</strong></span> <span class='ocrx_word' id='word_1_688' title='bbox 3279 3147 3334 3203; x_wconf 92' lang='lat' dir='ltr'><strong>in</strong></span> <span class='ocrx_word' id='word_1_689' title='bbox 3380 3163 3571 3204; x_wconf 88' lang='lat' dir='ltr'><strong>eorum</strong></span> 
     </span>
    </p>
   </div>
   <div class='ocr_carea' id='block_1_94' title="bbox 1942 3239 3571 3313">
    <p class='ocr_par' dir='ltr' id='par_1_94' title="bbox 1942 3239 3571 3313">
     <span class='ocr_line' id='line_1_94' title="bbox 1942 3239 3571 3313; baseline 0 -17"><span class='ocrx_word' id='word_1_690' title='bbox 1942 3252 2219 3312; x_wconf 87' lang='lat' dir='ltr'><strong>parentes,</strong></span> <span class='ocrx_word' id='word_1_691' title='bbox 2240 3251 2295 3296; x_wconf 89' lang='lat' dir='ltr'><strong>et</strong></span> <span class='ocrx_word' id='word_1_692' title='bbox 2320 3251 2543 3313; x_wconf 84' lang='lat' dir='ltr'><strong>propter</strong></span> <span class='ocrx_word' id='word_1_693' title='bbox 2569 3250 2723 3311; x_wconf 85' lang='lat' dir='ltr'><strong>pacta</strong></span> <span class='ocrx_word' id='word_1_694' title='bbox 2747 3257 2867 3311; x_wconf 80' lang='lat' dir='ltr'><strong>qua:</strong></span> <span class='ocrx_word' id='word_1_695' title='bbox 2886 3256 3008 3296; x_wconf 91' lang='lat' dir='ltr'><strong>cum</strong></span> <span class='ocrx_word' id='word_1_696' title='bbox 3036 3240 3143 3296; x_wconf 91' lang='lat' dir='ltr'><strong>illis</strong></span> <span class='ocrx_word' id='word_1_697' title='bbox 3166 3239 3387 3305; x_wconf 79' lang='lat' dir='ltr'><strong>fecerat,</strong></span> <span class='ocrx_word' id='word_1_698' title='bbox 3407 3242 3571 3298; x_wconf 87' lang='lat' dir='ltr'><strong>dicit:</strong></span> 
     </span>
    </p>
   </div>
   <div class='ocr_carea' id='block_1_95' title="bbox 1944 3333 3575 3404">
    <p class='ocr_par' dir='ltr' id='par_1_95' title="bbox 1944 3333 3575 3404">
     <span class='ocr_line' id='line_1_95' title="bbox 1944 3333 3575 3404; baseline 0 -14"><span class='ocrx_word' id='word_1_699' title='bbox 1944 3333 2147 3390; x_wconf 77' lang='lat' dir='ltr'><strong>Memor</strong></span> <span class='ocrx_word' id='word_1_700' title='bbox 2174 3335 2267 3389; x_wconf 86' lang='lat' dir='ltr'><strong>erit</strong></span> <span class='ocrx_word' id='word_1_701' title='bbox 2297 3334 2350 3388; x_wconf 85' lang='lat' dir='ltr'><strong>in</strong></span> <span class='ocrx_word' id='word_1_702' title='bbox 2374 3333 2620 3389; x_wconf 64' lang='lat' dir='ltr'><strong>saeculum</strong></span> <span class='ocrx_word' id='word_1_703' title='bbox 2652 3333 2942 3388; x_wconf 84' lang='lat' dir='ltr'><strong>testamenti</strong></span> <span class='ocrx_word' id='word_1_704' title='bbox 2968 3333 3053 3389; x_wconf 80' lang='lat' dir='ltr'><strong>sui</strong></span> <span class='ocrx_word' id='word_1_705' title='bbox 3080 3333 3275 3404; x_wconf 80' lang='lat' dir='ltr'><strong>:quod</strong></span> <span class='ocrx_word' id='word_1_706' title='bbox 3310 3336 3575 3404; x_wconf 63' lang='lat' dir='ltr'><strong>praecepit</strong></span> 
     </span>
    </p>
   </div>
   <div class='ocr_carea' id='block_1_96' title="bbox 1946 3424 3579 3496">
    <p class='ocr_par' dir='ltr' id='par_1_96' title="bbox 1946 3424 3579 3496">
     <span class='ocr_line' id='line_1_96' title="bbox 1946 3424 3579 3496; baseline -0.001 -12"><span class='ocrx_word' id='word_1_707' title='bbox 1946 3428 2108 3484; x_wconf 88' lang='lat' dir='ltr'><strong>etiam</strong></span> <span class='ocrx_word' id='word_1_708' title='bbox 2142 3426 2320 3482; x_wconf 82' lang='lat' dir='ltr'><strong>Moses</strong></span> <span class='ocrx_word' id='word_1_709' title='bbox 2362 3426 2442 3482; x_wconf 91' lang='lat' dir='ltr'><strong>eis</strong></span> <span class='ocrx_word' id='word_1_710' title='bbox 2488 3425 2814 3480; x_wconf 77' lang='lat' dir='ltr'><strong>intrantibus</strong></span> <span class='ocrx_word' id='word_1_711' title='bbox 2856 3424 2909 3479; x_wconf 92' lang='lat' dir='ltr'><strong>in</strong></span> <span class='ocrx_word' id='word_1_712' title='bbox 2956 3435 3155 3481; x_wconf 89' lang='lat' dir='ltr'><strong>terram</strong></span> <span class='ocrx_word' id='word_1_713' title='bbox 3202 3425 3579 3496; x_wconf 82' lang='lat' dir='ltr'><strong>promissionis</strong></span> 
     </span>
    </p>
   </div>
   <div class='ocr_carea' id='block_1_97' title="bbox 1946 3519 3575 3591">
    <p class='ocr_par' dir='ltr' id='par_1_97' title="bbox 1946 3519 3575 3591">
     <span class='ocr_line' id='line_1_97' title="bbox 1946 3519 3575 3591; baseline -0.001 -16"><span class='ocrx_word' id='word_1_714' title='bbox 1946 3520 2129 3575; x_wconf 80' lang='lat' dir='ltr'><strong>dicere</strong></span> <span class='ocrx_word' id='word_1_715' title='bbox 2178 3531 2234 3575; x_wconf 92' lang='lat' dir='ltr'><strong>et</strong></span> <span class='ocrx_word' id='word_1_716' title='bbox 2276 3520 2537 3591; x_wconf 83' lang='lat' dir='ltr'><strong>cogitare.</strong></span> <span class='ocrx_word' id='word_1_717' title='bbox 2572 3520 2658 3590; x_wconf 82' lang='grc' dir='ltr'><strong>(α)</strong></span> <span class='ocrx_word' id='word_1_718' title='bbox 2688 3519 2749 3574; x_wconf 87' lang='lat' dir='ltr'><strong>Si</strong></span> <span class='ocrx_word' id='word_1_719' title='bbox 2777 3519 2921 3575; x_wconf 89' lang='lat' dir='ltr'><strong>enim</strong></span> <span class='ocrx_word' id='word_1_720' title='bbox 2971 3520 3330 3589; x_wconf 76' lang='lat' dir='ltr'><strong>tediﬁcaueris,</strong></span> <span class='ocrx_word' id='word_1_721' title='bbox 3381 3521 3575 3591; x_wconf 89' lang='lat' dir='ltr'><strong>inquit,</strong></span> 
     </span>
    </p>
   </div>
   <div class='ocr_carea' id='block_1_98' title="bbox 1947 3610 3580 3683">
    <p class='ocr_par' dir='ltr' id='par_1_98' title="bbox 1947 3610 3580 3683">
     <span class='ocr_line' id='line_1_98' title="bbox 1947 3610 3580 3683; baseline 0.002 -20"><span class='ocrx_word' id='word_1_722' title='bbox 1947 3613 2094 3666; x_wconf 85' lang='lat' dir='ltr'><strong>urbes</strong></span> <span class='ocrx_word' id='word_1_723' title='bbox 2144 3614 2443 3682; x_wconf 66' lang='lat' dir='ltr'><strong>praeturas,</strong></span> <span class='ocrx_word' id='word_1_724' title='bbox 2491 3620 2540 3665; x_wconf 90' lang='lat' dir='ltr'><strong>et</strong></span> <span class='ocrx_word' id='word_1_725' title='bbox 2593 3611 2824 3681; x_wconf 79' lang='lat' dir='ltr'><strong>pecunia:</strong></span> <span class='ocrx_word' id='word_1_726' title='bbox 2870 3610 3077 3665; x_wconf 76' lang='lat' dir='ltr'><strong>divitias</strong></span> <span class='ocrx_word' id='word_1_727' title='bbox 3132 3611 3463 3683; x_wconf 81' lang='lat' dir='ltr'><strong>adipiscaris,</strong></span> <span class='ocrx_word' id='word_1_728' title='bbox 3515 3630 3580 3667; x_wconf 85' lang='lat' dir='ltr'><strong>ne</strong></span> 
     </span>
    </p>
   </div>
   <div class='ocr_carea' id='block_1_99' title="bbox 1948 3700 3577 3773">
    <p class='ocr_par' dir='ltr' id='par_1_99' title="bbox 1948 3700 3577 3773">
     <span class='ocr_line' id='line_1_99' title="bbox 1948 3700 3577 3773; baseline -0.001 -16"><span class='ocrx_word' id='word_1_729' title='bbox 1948 3703 2159 3767; x_wconf 77' lang='lat' dir='ltr'><strong>dixeris,</strong></span> <span class='ocrx_word' id='word_1_730' title='bbox 2206 3700 2431 3772; x_wconf 84' lang='lat' dir='ltr'><strong>Propter</strong></span> <span class='ocrx_word' id='word_1_731' title='bbox 2471 3717 2639 3755; x_wconf 78' lang='lat' dir='ltr'><strong>utram</strong></span> <span class='ocrx_word' id='word_1_732' title='bbox 2674 3701 2936 3773; x_wconf 78' lang='lat' dir='ltr'><strong>justitiam</strong></span> <span class='ocrx_word' id='word_1_733' title='bbox 2978 3701 3087 3756; x_wconf 67' lang='lat' dir='ltr'><strong>hac</strong></span> <span class='ocrx_word' id='word_1_734' title='bbox 3115 3702 3255 3771; x_wconf 80' lang='lat' dir='ltr'><strong>facta</strong></span> <span class='ocrx_word' id='word_1_735' title='bbox 3283 3713 3423 3765; x_wconf 86' lang='lat' dir='ltr'><strong>sunt,</strong></span> <span class='ocrx_word' id='word_1_736' title='bbox 3466 3704 3577 3767; x_wconf 74' lang='lat' dir='ltr'><strong>sed,</strong></span> 
     </span>
    </p>
   </div>
   <div class='ocr_carea' id='block_1_100' title="bbox 1952 3792 3577 3866">
    <p class='ocr_par' dir='ltr' id='par_1_100' title="bbox 1952 3792 3577 3866">
     <span class='ocr_line' id='line_1_100' title="bbox 1952 3792 3577 3866; baseline 0 -18"><span class='ocrx_word' id='word_1_737' title='bbox 1952 3792 2174 3865; x_wconf 80' lang='lat' dir='ltr'><strong>Propter</strong></span> <span class='ocrx_word' id='word_1_738' title='bbox 2199 3801 2351 3863; x_wconf 86' lang='lat' dir='ltr'><strong>pacta</strong></span> <span class='ocrx_word' id='word_1_739' title='bbox 2384 3794 2521 3847; x_wconf 80' lang='lat' dir='ltr'><strong>inita</strong></span> <span class='ocrx_word' id='word_1_740' title='bbox 2549 3809 2666 3847; x_wconf 85' lang='lat' dir='ltr'><strong>cum</strong></span> <span class='ocrx_word' id='word_1_741' title='bbox 2700 3792 2931 3861; x_wconf 84' lang='lat' dir='ltr'><strong>patribus</strong></span> <span class='ocrx_word' id='word_1_742' title='bbox 2971 3793 3071 3848; x_wconf 87' lang='lat' dir='ltr'><strong>tuis</strong></span> <span class='ocrx_word' id='word_1_743' title='bbox 3111 3792 3294 3865; x_wconf 86' lang='lat' dir='ltr'><strong>(Deut.</strong></span> <span class='ocrx_word' id='word_1_744' title='bbox 3323 3793 3378 3851; x_wconf 87' lang='lat'><strong>9.</strong></span> <span class='ocrx_word' id='word_1_745' title='bbox 3409 3795 3464 3850; x_wconf 76' lang='grc'><strong>4.</strong></span> <span class='ocrx_word' id='word_1_746' title='bbox 3497 3795 3577 3866; x_wconf 82' lang='lat'><strong>5).</strong></span> 
     </span>
    </p>
   </div>
   <div class='ocr_carea' id='block_1_101' title="bbox 1951 3884 3583 3957">
    <p class='ocr_par' dir='ltr' id='par_1_101' title="bbox 1951 3884 3583 3957">
     <span class='ocr_line' id='line_1_101' title="bbox 1951 3884 3583 3957; baseline 0.001 -15"><span class='ocrx_word' id='word_1_747' title='bbox 1951 3886 2095 3942; x_wconf 82' lang='lat' dir='ltr'><strong>Nihil</strong></span> <span class='ocrx_word' id='word_1_748' title='bbox 2144 3896 2229 3941; x_wconf 91' lang='lat' dir='ltr'><strong>est</strong></span> <span class='ocrx_word' id='word_1_749' title='bbox 2274 3888 2417 3941; x_wconf 90' lang='lat' dir='ltr'><strong>enim</strong></span> <span class='ocrx_word' id='word_1_750' title='bbox 2467 3884 2711 3941; x_wconf 84' lang='lat' dir='ltr'><strong>deterius</strong></span> <span class='ocrx_word' id='word_1_751' title='bbox 2761 3886 3104 3957; x_wconf 72' lang='lat' dir='ltr'><strong>arrogantia,</strong></span> <span class='ocrx_word' id='word_1_752' title='bbox 3155 3896 3211 3941; x_wconf 90' lang='lat' dir='ltr'><strong>et</strong></span> <span class='ocrx_word' id='word_1_753' title='bbox 3263 3887 3386 3943; x_wconf 75' lang='lat' dir='ltr'><strong>ideo</strong></span> <span class='ocrx_word' id='word_1_754' title='bbox 3431 3888 3583 3944; x_wconf 81' lang='lat' dir='ltr'><strong>omni</strong></span> 
     </span>
    </p>
   </div>
   <div class='ocr_carea' id='block_1_102' title="bbox 1953 3978 3581 4036">
    <p class='ocr_par' dir='ltr' id='par_1_102' title="bbox 1953 3978 3581 4036">
     <span class='ocr_line' id='line_1_102' title="bbox 1953 3978 3581 4036; baseline 0 -2"><span class='ocrx_word' id='word_1_755' title='bbox 1953 3979 2115 4034; x_wconf 91' lang='lat' dir='ltr'><strong>modo</strong></span> <span class='ocrx_word' id='word_1_756' title='bbox 2142 3988 2198 4035; x_wconf 91' lang='lat' dir='ltr'><strong>et</strong></span> <span class='ocrx_word' id='word_1_757' title='bbox 2224 3980 2434 4034; x_wconf 83' lang='lat' dir='ltr'><strong>ratione</strong></span> <span class='ocrx_word' id='word_1_758' title='bbox 2464 3978 2605 4034; x_wconf 89' lang='lat' dir='ltr'><strong>Deus</strong></span> <span class='ocrx_word' id='word_1_759' title='bbox 2635 3994 2755 4035; x_wconf 90' lang='lat' dir='ltr'><strong>eam</strong></span> <span class='ocrx_word' id='word_1_760' title='bbox 2784 3978 2999 4034; x_wconf 87' lang='lat' dir='ltr'><strong>assidue</strong></span> <span class='ocrx_word' id='word_1_761' title='bbox 3028 3989 3258 4035; x_wconf 66' lang='lat' dir='ltr'><strong>resecat.</strong></span> <span class='ocrx_word' id='word_1_762' title='bbox 3303 3980 3356 4036; x_wconf 84' lang='lat'><strong>6.</strong></span> <span class='ocrx_word' id='word_1_763' title='bbox 3396 3979 3581 4035; x_wconf 83' lang='lat' dir='ltr'><strong>Virtu-</strong></span> 
     </span>
    </p>
   </div>
   <div class='ocr_carea' id='block_1_103' title="bbox 1954 4072 3585 4143">
    <p class='ocr_par' dir='ltr' id='par_1_103' title="bbox 1954 4072 3585 4143">
     <span class='ocr_line' id='line_1_103' title="bbox 1954 4072 3585 4143; baseline 0.002 -17"><span class='ocrx_word' id='word_1_764' title='bbox 1954 4083 2053 4127; x_wconf 86' lang='lat' dir='ltr'><strong>tem</strong></span> <span class='ocrx_word' id='word_1_765' title='bbox 2082 4088 2294 4143; x_wconf 83' lang='lat' dir='ltr'><strong>Operum</strong></span> <span class='ocrx_word' id='word_1_766' title='bbox 2344 4088 2555 4126; x_wconf 88' lang='lat' dir='ltr'><strong>suorum</strong></span> <span class='ocrx_word' id='word_1_767' title='bbox 2587 4072 2911 4127; x_wconf 79' lang='lat' dir='ltr'><strong>attnuntiavit</strong></span> <span class='ocrx_word' id='word_1_768' title='bbox 2957 4074 3152 4142; x_wconf 81' lang='lat' dir='ltr'><strong>populo</strong></span> <span class='ocrx_word' id='word_1_769' title='bbox 3179 4090 3294 4139; x_wconf 78' lang='lat' dir='ltr'><strong>suo,</strong></span> <span class='ocrx_word' id='word_1_770' title='bbox 3331 4074 3383 4128; x_wconf 90' lang='lat'><strong>7.</strong></span> <span class='ocrx_word' id='word_1_771' title='bbox 3418 4085 3472 4127; x_wconf 88' lang='lat' dir='ltr'><strong>ut</strong></span> <span class='ocrx_word' id='word_1_772' title='bbox 3500 4074 3585 4129; x_wconf 84' lang='lat' dir='ltr'><strong>det</strong></span> 
     </span>
    </p>
   </div>
   <div class='ocr_carea' id='block_1_104' title="bbox 1952 4166 3585 4238">
    <p class='ocr_par' dir='ltr' id='par_1_104' title="bbox 1952 4166 3585 4238">
     <span class='ocr_line' id='line_1_104' title="bbox 1952 4166 3585 4238; baseline 0.001 -15"><span class='ocrx_word' id='word_1_773' title='bbox 1952 4168 2056 4223; x_wconf 82' lang='lat' dir='ltr'><strong>illis</strong></span> <span class='ocrx_word' id='word_1_774' title='bbox 2084 4166 2416 4221; x_wconf 78' lang='lat' dir='ltr'><strong>hereditatem</strong></span> <span class='ocrx_word' id='word_1_775' title='bbox 2444 4168 2690 4238; x_wconf 84' lang='lat' dir='ltr'><strong>gentium.</strong></span> <span class='ocrx_word' id='word_1_776' title='bbox 2718 4169 2760 4222; x_wconf 73' lang='grc' dir='ltr'>Α</span> <span class='ocrx_word' id='word_1_777' title='bbox 2789 4167 3133 4237; x_wconf 77' lang='lat' dir='ltr'><strong>generalibus</strong></span> <span class='ocrx_word' id='word_1_778' title='bbox 3158 4168 3353 4223; x_wconf 88' lang='lat' dir='ltr'><strong>transit</strong></span> <span class='ocrx_word' id='word_1_779' title='bbox 3379 4168 3445 4222; x_wconf 90' lang='lat' dir='ltr'><strong>ad</strong></span> <span class='ocrx_word' id='word_1_780' title='bbox 3468 4170 3585 4224; x_wconf 86' lang='lat' dir='ltr'><strong>sin-</strong></span> 
     </span>
    </p>
   </div>
   <div class='ocr_carea' id='block_1_105' title="bbox 1954 4258 3584 4330">
    <p class='ocr_par' dir='ltr' id='par_1_105' title="bbox 1954 4258 3584 4330">
     <span class='ocr_line' id='line_1_105' title="bbox 1954 4258 3584 4330; baseline 0.001 -17"><span class='ocrx_word' id='word_1_781' title='bbox 1954 4259 2157 4330; x_wconf 87' lang='lat' dir='ltr'><strong>gularia</strong></span> <span class='ocrx_word' id='word_1_782' title='bbox 2187 4275 2205 4316; x_wconf 90' lang='lat'><strong>:</strong></span> <span class='ocrx_word' id='word_1_783' title='bbox 2237 4259 2307 4314; x_wconf 89' lang='lat' dir='ltr'><strong>ab</strong></span> <span class='ocrx_word' id='word_1_784' title='bbox 2338 4259 2403 4314; x_wconf 90' lang='lat' dir='ltr'><strong>iis</strong></span> <span class='ocrx_word' id='word_1_785' title='bbox 2432 4274 2556 4330; x_wconf 80' lang='lat' dir='ltr'><strong>qua:</strong></span> <span class='ocrx_word' id='word_1_786' title='bbox 2600 4259 2735 4314; x_wconf 78' lang='lat' dir='ltr'><strong>facta</strong></span> <span class='ocrx_word' id='word_1_787' title='bbox 2765 4270 2889 4314; x_wconf 91' lang='lat' dir='ltr'><strong>sunt</strong></span> <span class='ocrx_word' id='word_1_788' title='bbox 2933 4258 2987 4313; x_wconf 91' lang='lat' dir='ltr'><strong>in</strong></span> <span class='ocrx_word' id='word_1_789' title='bbox 3031 4258 3165 4315; x_wconf 90' lang='lat' dir='ltr'><strong>orbe</strong></span> <span class='ocrx_word' id='word_1_790' title='bbox 3198 4269 3487 4327; x_wconf 86' lang='lat' dir='ltr'><strong>terrarum,</strong></span> <span class='ocrx_word' id='word_1_791' title='bbox 3517 4262 3584 4315; x_wconf 87' lang='lat' dir='ltr'><strong>ad</strong></span> 
     </span>
    </p>
   </div>
   <div class='ocr_carea' id='block_1_106' title="bbox 1956 4350 3586 4423">
    <p class='ocr_par' dir='ltr' id='par_1_106' title="bbox 1956 4350 3586 4423">
     <span class='ocr_line' id='line_1_106' title="bbox 1956 4350 3586 4423; baseline -0.001 -14"><span class='ocrx_word' id='word_1_792' title='bbox 1956 4369 2020 4409; x_wconf 86' lang='lat' dir='ltr'><strong>ea</strong></span> <span class='ocrx_word' id='word_1_793' title='bbox 2049 4368 2171 4423; x_wconf 59' lang='lat' dir='ltr'><strong>quae</strong></span> <span class='ocrx_word' id='word_1_794' title='bbox 2196 4360 2496 4414; x_wconf 83' lang='lat' dir='ltr'><strong>evenerunt</strong></span> <span class='ocrx_word' id='word_1_795' title='bbox 2525 4350 2747 4408; x_wconf 68' lang='lat' dir='ltr'><strong>Judwis.</strong></span> <span class='ocrx_word' id='word_1_796' title='bbox 2774 4352 3133 4422; x_wconf 84' lang='lat' dir='ltr'><strong>Quamquam,</strong></span> <span class='ocrx_word' id='word_1_797' title='bbox 3167 4353 3210 4406; x_wconf 91' lang='lat' dir='ltr'><strong>si</strong></span> <span class='ocrx_word' id='word_1_798' title='bbox 3242 4354 3365 4423; x_wconf 89' lang='lat' dir='ltr'><strong>quis</strong></span> <span class='ocrx_word' id='word_1_799' title='bbox 3395 4369 3458 4409; x_wconf 88' lang='lat' dir='ltr'><strong>ea</strong></span> <span class='ocrx_word' id='word_1_800' title='bbox 3501 4352 3586 4408; x_wconf 83' lang='lat' dir='ltr'><strong>di-</strong></span> 
     </span>
    </p>
   </div>
   <div class='ocr_carea' id='block_1_107' title="bbox 1960 4444 3587 4519">
    <p class='ocr_par' dir='ltr' id='par_1_107' title="bbox 1960 4444 3587 4519">
     <span class='ocr_line' id='line_1_107' title="bbox 1960 4444 3587 4519; baseline 0.002 -19"><span class='ocrx_word' id='word_1_801' title='bbox 1960 4447 2191 4519; x_wconf 85' lang='lat' dir='ltr'><strong>ligenter</strong></span> <span class='ocrx_word' id='word_1_802' title='bbox 2234 4446 2693 4512; x_wconf 81' lang='lat' dir='ltr'><strong>consitleraverit,</strong></span> <span class='ocrx_word' id='word_1_803' title='bbox 2740 4461 2805 4501; x_wconf 89' lang='lat' dir='ltr'><strong>ea</strong></span> <span class='ocrx_word' id='word_1_804' title='bbox 2856 4461 3074 4517; x_wconf 89' lang='lat' dir='ltr'><strong>quoque</strong></span> <span class='ocrx_word' id='word_1_805' title='bbox 3114 4445 3363 4502; x_wconf 88' lang='lat' dir='ltr'><strong>obtinent</strong></span> <span class='ocrx_word' id='word_1_806' title='bbox 3405 4444 3587 4503; x_wconf 87' lang='lat' dir='ltr'><strong>locum</strong></span> 
     </span>
    </p>
   </div>
   <div class='ocr_carea' id='block_1_108' title="bbox 1959 4536 3591 4609">
    <p class='ocr_par' dir='ltr' id='par_1_108' title="bbox 1959 4536 3591 4609">
     <span class='ocr_line' id='line_1_108' title="bbox 1959 4536 3591 4609; baseline 0.002 -15"><span class='ocrx_word' id='word_1_807' title='bbox 1959 4537 2315 4609; x_wconf 87' lang='lat' dir='ltr'><strong>generalium.</strong></span> <span class='ocrx_word' id='word_1_808' title='bbox 2345 4536 2479 4606; x_wconf 78' lang='lat' dir='ltr'><strong>Qua:</strong></span> <span class='ocrx_word' id='word_1_809' title='bbox 2508 4537 2652 4592; x_wconf 89' lang='lat' dir='ltr'><strong>enim</strong></span> <span class='ocrx_word' id='word_1_810' title='bbox 2685 4538 2737 4591; x_wconf 91' lang='lat' dir='ltr'><strong>iu</strong></span> <span class='ocrx_word' id='word_1_811' title='bbox 2771 4536 2893 4593; x_wconf 90' lang='lat' dir='ltr'><strong>illos</strong></span> <span class='ocrx_word' id='word_1_812' title='bbox 2926 4537 3061 4592; x_wconf 82' lang='lat' dir='ltr'><strong>facta</strong></span> <span class='ocrx_word' id='word_1_813' title='bbox 3089 4546 3237 4603; x_wconf 89' lang='lat' dir='ltr'><strong>sunt,</strong></span> <span class='ocrx_word' id='word_1_814' title='bbox 3257 4536 3591 4597; x_wconf 78' lang='lat' dir='ltr'><strong>documenta</strong></span> 
     </span>
    </p>
   </div>
   <div class='ocr_carea' id='block_1_109' title="bbox 1960 4629 3593 4703">
    <p class='ocr_par' dir='ltr' id='par_1_109' title="bbox 1960 4629 3593 4703">
     <span class='ocr_line' id='line_1_109' title="bbox 1960 4629 3593 4703; baseline 0.001 -18"><span class='ocrx_word' id='word_1_815' title='bbox 1960 4631 2080 4686; x_wconf 87' lang='lat' dir='ltr'><strong>aliis</strong></span> <span class='ocrx_word' id='word_1_816' title='bbox 2105 4629 2477 4703; x_wconf 77' lang='lat' dir='ltr'><strong>prmbuerunt,</strong></span> <span class='ocrx_word' id='word_1_817' title='bbox 2507 4638 2562 4685; x_wconf 90' lang='lat' dir='ltr'><strong>et</strong></span> <span class='ocrx_word' id='word_1_818' title='bbox 2591 4629 2750 4699; x_wconf 88' lang='lat' dir='ltr'><strong>bella,</strong></span> <span class='ocrx_word' id='word_1_819' title='bbox 2779 4639 2834 4685; x_wconf 83' lang='lat' dir='ltr'><strong>et</strong></span> <span class='ocrx_word' id='word_1_820' title='bbox 2859 4638 3086 4700; x_wconf 70' lang='lat' dir='ltr'><strong>troprea,</strong></span> <span class='ocrx_word' id='word_1_821' title='bbox 3109 4638 3164 4686; x_wconf 88' lang='lat' dir='ltr'><strong>et</strong></span> <span class='ocrx_word' id='word_1_822' title='bbox 3190 4631 3430 4686; x_wconf 75' lang='lat' dir='ltr'><strong>victoria:</strong></span> <span class='ocrx_word' id='word_1_823' title='bbox 3475 4631 3593 4688; x_wconf 67' lang='lat' dir='ltr'><strong>fue-</strong></span> 
     </span>
    </p>
   </div>
   <div class='ocr_carea' id='block_1_110' title="bbox 1962 4718 3592 4793">
    <p class='ocr_par' dir='ltr' id='par_1_110' title="bbox 1962 4718 3592 4793">
     <span class='ocr_line' id='line_1_110' title="bbox 1962 4718 3592 4793; baseline 0.001 -13"><span class='ocrx_word' id='word_1_824' title='bbox 1962 4731 2091 4780; x_wconf 92' lang='lat' dir='ltr'><strong>runt</strong></span> <span class='ocrx_word' id='word_1_825' title='bbox 2120 4724 2186 4779; x_wconf 92' lang='lat' dir='ltr'><strong>iis</strong></span> <span class='ocrx_word' id='word_1_826' title='bbox 2214 4723 2305 4792; x_wconf 88' lang='lat' dir='ltr'><strong>qui</strong></span> <span class='ocrx_word' id='word_1_827' title='bbox 2331 4721 2620 4778; x_wconf 89' lang='lat' dir='ltr'><strong>attendunt</strong></span> <span class='ocrx_word' id='word_1_828' title='bbox 2644 4718 2816 4777; x_wconf 89' lang='lat' dir='ltr'><strong>instar</strong></span> <span class='ocrx_word' id='word_1_829' title='bbox 2846 4722 3269 4793; x_wconf 70' lang='lat' dir='ltr'><strong>prmdicationis.</strong></span> <span class='ocrx_word' id='word_1_830' title='bbox 3295 4723 3411 4778; x_wconf 83' lang='lat' dir='ltr'><strong>Non</strong></span> <span class='ocrx_word' id='word_1_831' title='bbox 3444 4727 3592 4783; x_wconf 85' lang='lat' dir='ltr'><strong>enim</strong></span> 
     </span>
    </p>
   </div>
   <div class='ocr_carea' id='block_1_111' title="bbox 1965 4813 3589 4886">
    <p class='ocr_par' dir='ltr' id='par_1_111' title="bbox 1965 4813 3589 4886">
     <span class='ocr_line' id='line_1_111' title="bbox 1965 4813 3589 4886; baseline 0.002 -17"><span class='ocrx_word' id='word_1_832' title='bbox 1965 4816 2203 4870; x_wconf 88' lang='lat' dir='ltr'><strong>humano</strong></span> <span class='ocrx_word' id='word_1_833' title='bbox 2233 4829 2385 4869; x_wconf 91' lang='lat' dir='ltr'><strong>more</strong></span> <span class='ocrx_word' id='word_1_834' title='bbox 2410 4824 2466 4870; x_wconf 91' lang='lat' dir='ltr'><strong>et</strong></span> <span class='ocrx_word' id='word_1_835' title='bbox 2495 4813 2705 4879; x_wconf 89' lang='lat' dir='ltr'><strong>ordine,</strong></span> <span class='ocrx_word' id='word_1_836' title='bbox 2737 4813 2833 4870; x_wconf 88' lang='lat' dir='ltr'><strong>sed</strong></span> <span class='ocrx_word' id='word_1_837' title='bbox 2862 4829 3025 4886; x_wconf 89' lang='lat' dir='ltr'><strong>supra</strong></span> <span class='ocrx_word' id='word_1_838' title='bbox 3067 4815 3333 4871; x_wconf 80' lang='lat' dir='ltr'><strong>mtiouem</strong></span> <span class='ocrx_word' id='word_1_839' title='bbox 3366 4832 3428 4871; x_wconf 86' lang='lat' dir='ltr'><strong>ea</strong></span> <span class='ocrx_word' id='word_1_840' title='bbox 3456 4832 3589 4873; x_wconf 62' lang='lat' dir='ltr'><strong>eve«</strong></span> 
     </span>
    </p>
   </div>
   <div class='ocr_carea' id='block_1_112' title="bbox 1968 4905 3596 4975">
    <p class='ocr_par' dir='ltr' id='par_1_112' title="bbox 1968 4905 3596 4975">
     <span class='ocr_line' id='line_1_112' title="bbox 1968 4905 3596 4975; baseline 0.001 -13"><span class='ocrx_word' id='word_1_841' title='bbox 1968 4906 2209 4962; x_wconf 86' lang='lat' dir='ltr'><strong>niebant.</strong></span> <span class='ocrx_word' id='word_1_842' title='bbox 2255 4905 2499 4973; x_wconf 89' lang='lat' dir='ltr'><strong>Quanam</strong></span> <span class='ocrx_word' id='word_1_843' title='bbox 2543 4905 2689 4961; x_wconf 89' lang='lat' dir='ltr'><strong>enim</strong></span> <span class='ocrx_word' id='word_1_844' title='bbox 2742 4922 2922 4961; x_wconf 89' lang='lat' dir='ltr'><strong>rerum</strong></span> <span class='ocrx_word' id='word_1_845' title='bbox 2971 4909 3360 4975; x_wconf 86' lang='lat' dir='ltr'><strong>consequentia</strong></span> <span class='ocrx_word' id='word_1_846' title='bbox 3395 4908 3596 4969; x_wconf 78' lang='lat' dir='ltr'><strong>factum</strong></span> 
     </span>
    </p>
   </div>
   <div class='ocr_carea' id='block_1_113' title="bbox 1966 4998 3598 5068">
    <p class='ocr_par' dir='ltr' id='par_1_113' title="bbox 1966 4998 3598 5068">
     <span class='ocr_line' id='line_1_113' title="bbox 1966 4998 3598 5068; baseline 0.003 -15"><span class='ocrx_word' id='word_1_847' title='bbox 1966 5009 2070 5062; x_wconf 90' lang='lat' dir='ltr'><strong>est,</strong></span> <span class='ocrx_word' id='word_1_848' title='bbox 2106 5007 2163 5053; x_wconf 91' lang='lat' dir='ltr'><strong>ut</strong></span> <span class='ocrx_word' id='word_1_849' title='bbox 2186 4998 2267 5053; x_wconf 89' lang='lat' dir='ltr'><strong>eis</strong></span> <span class='ocrx_word' id='word_1_850' title='bbox 2295 4998 2421 5053; x_wconf 91' lang='lat' dir='ltr'><strong>tuba</strong></span> <span class='ocrx_word' id='word_1_851' title='bbox 2448 4998 2767 5053; x_wconf 90' lang='lat' dir='ltr'><strong>canentibus</strong></span> <span class='ocrx_word' id='word_1_852' title='bbox 2792 4998 2991 5056; x_wconf 72' lang='lat' dir='ltr'><strong>mmuia</strong></span> <span class='ocrx_word' id='word_1_853' title='bbox 3017 5011 3361 5068; x_wconf 87' lang='lat' dir='ltr'><strong>corruerent,</strong></span> <span class='ocrx_word' id='word_1_854' title='bbox 3390 5011 3447 5058; x_wconf 89' lang='lat' dir='ltr'><strong>et</strong></span> <span class='ocrx_word' id='word_1_855' title='bbox 3474 5019 3598 5058; x_wconf 82' lang='lat' dir='ltr'><strong>mu-</strong></span> 
     </span>
    </p>
   </div>
   <div class='ocr_carea' id='block_1_114' title="bbox 1970 5092 3596 5165">
    <p class='ocr_par' dir='ltr' id='par_1_114' title="bbox 1970 5092 3596 5165">
     <span class='ocr_line' id='line_1_114' title="bbox 1970 5092 3596 5165; baseline 0.003 -19"><span class='ocrx_word' id='word_1_856' title='bbox 1970 5092 2069 5148; x_wconf 92' lang='lat' dir='ltr'><strong>lier</strong></span> <span class='ocrx_word' id='word_1_857' title='bbox 2093 5092 2302 5149; x_wconf 87' lang='lat' dir='ltr'><strong>ducens</strong></span> <span class='ocrx_word' id='word_1_858' title='bbox 2331 5093 2629 5163; x_wconf 79' lang='lat' dir='ltr'><strong>exercitum</strong></span> <span class='ocrx_word' id='word_1_859' title='bbox 2662 5093 2906 5149; x_wconf 88' lang='lat' dir='ltr'><strong>vinceret</strong></span> <span class='ocrx_word' id='word_1_860' title='bbox 2945 5103 3000 5149; x_wconf 90' lang='lat' dir='ltr'><strong>et</strong></span> <span class='ocrx_word' id='word_1_861' title='bbox 3029 5094 3279 5165; x_wconf 84' lang='lat' dir='ltr'><strong>superior</strong></span> <span class='ocrx_word' id='word_1_862' title='bbox 3316 5098 3596 5165; x_wconf 79' lang='lat' dir='ltr'><strong>evaderet,</strong></span> 
     </span>
    </p>
   </div>
   <div class='ocr_carea' id='block_1_115' title="bbox 1970 5185 3598 5258">
    <p class='ocr_par' dir='ltr' id='par_1_115' title="bbox 1970 5185 3598 5258">
     <span class='ocr_line' id='line_1_115' title="bbox 1970 5185 3598 5258; baseline 0.002 -16"><span class='ocrx_word' id='word_1_863' title='bbox 1970 5194 2025 5242; x_wconf 91' lang='lat' dir='ltr'><strong>et</strong></span> <span class='ocrx_word' id='word_1_864' title='bbox 2056 5201 2253 5256; x_wconf 82' lang='lat' dir='ltr'><strong>parvus</strong></span> <span class='ocrx_word' id='word_1_865' title='bbox 2277 5185 2491 5258; x_wconf 90' lang='lat' dir='ltr'><strong>puellus</strong></span> <span class='ocrx_word' id='word_1_866' title='bbox 2528 5185 2676 5256; x_wconf 88' lang='lat' dir='ltr'><strong>jactu</strong></span> <span class='ocrx_word' id='word_1_867' title='bbox 2706 5190 2864 5241; x_wconf 90' lang='lat' dir='ltr'><strong>unius</strong></span> <span class='ocrx_word' id='word_1_868' title='bbox 2901 5187 3096 5258; x_wconf 87' lang='lat' dir='ltr'><strong>lapidis</strong></span> <span class='ocrx_word' id='word_1_869' title='bbox 3138 5189 3277 5244; x_wconf 88' lang='lat' dir='ltr'><strong>bella</strong></span> <span class='ocrx_word' id='word_1_870' title='bbox 3320 5189 3598 5247; x_wconf 80' lang='lat' dir='ltr'><strong>barbarica</strong></span> 
     </span>
    </p>
   </div>
   <div class='ocr_carea' id='block_1_116' title="bbox 1971 5278 3601 5357">
    <p class='ocr_par' dir='ltr' id='par_1_116' title="bbox 1971 5278 3601 5357">
     <span class='ocr_line' id='line_1_116' title="bbox 1971 5278 3601 5357; baseline 0.004 -20"><span class='ocrx_word' id='word_1_871' title='bbox 1971 5278 2265 5337; x_wconf 77' lang='lat' dir='ltr'><strong>conﬁceret</strong></span> <span class='ocrx_word' id='word_1_872' title='bbox 2297 5280 2435 5354; x_wconf 78' lang='lat' dir='ltr'><strong>(Jos.</strong></span> <span class='ocrx_word' id='word_1_873' title='bbox 2459 5282 2515 5337; x_wconf 87' lang='lat'><strong>6.</strong></span> <span class='ocrx_word' id='word_1_874' title='bbox 2536 5280 2629 5336; x_wconf 69' lang='lat'><strong>20.</strong></span> <span class='ocrx_word' id='word_1_875' title='bbox 2650 5278 2781 5335; x_wconf 80' lang='lat' dir='ltr'><strong>Jud.</strong></span> <span class='ocrx_word' id='word_1_876' title='bbox 2807 5282 2860 5336; x_wconf 69' lang='grc' dir='ltr'><strong>Δ.</strong></span> <span class='ocrx_word' id='word_1_877' title='bbox 2890 5279 2941 5335; x_wconf 77' lang='grc'><strong>1.</strong></span> <span class='ocrx_word' id='word_1_878' title='bbox 2972 5298 2986 5336; x_wconf 91' lang='lat' dir='ltr'><strong>l</strong></span> <span class='ocrx_word' id='word_1_879' title='bbox 3010 5284 3135 5356; x_wconf 81' lang='lat' dir='ltr'><strong>Reg.</strong></span> <span class='ocrx_word' id='word_1_880' title='bbox 3160 5286 3247 5340; x_wconf 84' lang='lat' dir='ltr'><strong>l7.</strong></span> <span class='ocrx_word' id='word_1_881' title='bbox 3272 5285 3410 5357; x_wconf 66' lang='lat'><strong>49)?</strong></span> <span class='ocrx_word' id='word_1_882' title='bbox 3436 5288 3601 5343; x_wconf 77' lang='lat' dir='ltr'><strong>Multa</strong></span> 
     </span>
    </p>
   </div>
   <div class='ocr_carea' id='block_1_117' title="bbox 1972 5372 3595 5447">
    <p class='ocr_par' dir='ltr' id='par_1_117' title="bbox 1972 5372 3595 5447">
     <span class='ocr_line' id='line_1_117' title="bbox 1972 5372 3595 5447; baseline 0.004 -21"><span class='ocrx_word' id='word_1_883' title='bbox 1972 5389 2189 5445; x_wconf 89' lang='lat' dir='ltr'><strong>quoque</strong></span> <span class='ocrx_word' id='word_1_884' title='bbox 2219 5372 2321 5427; x_wconf 88' lang='lat' dir='ltr'><strong>alia</strong></span> <span class='ocrx_word' id='word_1_885' title='bbox 2352 5372 2692 5429; x_wconf 87' lang='lat' dir='ltr'><strong>incredibilia</strong></span> <span class='ocrx_word' id='word_1_886' title='bbox 2722 5383 2775 5429; x_wconf 87' lang='lat' dir='ltr'><strong>et</strong></span> <span class='ocrx_word' id='word_1_887' title='bbox 2804 5374 3058 5443; x_wconf 87' lang='lat' dir='ltr'><strong>opinione</strong></span> <span class='ocrx_word' id='word_1_888' title='bbox 3104 5379 3312 5447; x_wconf 85' lang='lat' dir='ltr'><strong>majora</strong></span> <span class='ocrx_word' id='word_1_889' title='bbox 3343 5380 3423 5433; x_wconf 90' lang='lat' dir='ltr'><strong>eis</strong></span> <span class='ocrx_word' id='word_1_890' title='bbox 3459 5395 3595 5435; x_wconf 78' lang='lat' dir='ltr'><strong>eve-</strong></span> 
     </span>
    </p>
   </div>
   <div class='ocr_carea' id='block_1_118' title="bbox 1978 5465 3596 5540">
    <p class='ocr_par' dir='ltr' id='par_1_118' title="bbox 1978 5465 3596 5540">
     <span class='ocr_line' id='line_1_118' title="bbox 1978 5465 3596 5540; baseline 0.004 -19"><span class='ocrx_word' id='word_1_891' title='bbox 1978 5467 2219 5521; x_wconf 87' lang='lat' dir='ltr'><strong>niebant.</strong></span> <span class='ocrx_word' id='word_1_892' title='bbox 2257 5465 2330 5520; x_wconf 88' lang='lat' dir='ltr'><strong>Ita</strong></span> <span class='ocrx_word' id='word_1_893' title='bbox 2372 5467 2558 5523; x_wconf 85' lang='lat' dir='ltr'><strong>hostes</strong></span> <span class='ocrx_word' id='word_1_894' title='bbox 2600 5468 2865 5529; x_wconf 86' lang='lat' dir='ltr'><strong>vicerunt.</strong></span> <span class='ocrx_word' id='word_1_895' title='bbox 2898 5467 2967 5522; x_wconf 83' lang='lat' dir='ltr'><strong>ita</strong></span> <span class='ocrx_word' id='word_1_896' title='bbox 3006 5486 3073 5525; x_wconf 71' lang='grc' dir='ltr'><strong><em>ω</em></strong></span> <span class='ocrx_word' id='word_1_897' title='bbox 3106 5470 3387 5526; x_wconf 65' lang='lat' dir='ltr'><strong>Daha-stipa</strong></span> <span class='ocrx_word' id='word_1_898' title='bbox 3427 5488 3596 5540; x_wconf 68' lang='grc' dir='ltr'><strong>εχιιη-</strong></span> 
     </span>
    </p>
   </div>
   <div class='ocr_carea' id='block_1_119' title="bbox 1980 5560 3602 5636">
    <p class='ocr_par' dir='ltr' id='par_1_119' title="bbox 1980 5560 3602 5636">
     <span class='ocr_line' id='line_1_119' title="bbox 1980 5560 3602 5636; baseline 0.001 -19"><span class='ocrx_word' id='word_1_899' title='bbox 1980 5564 2177 5618; x_wconf 88' lang='lat' dir='ltr'><strong>lerunt.</strong></span> <span class='ocrx_word' id='word_1_900' title='bbox 2203 5560 2430 5630; x_wconf 89' lang='lat' dir='ltr'><strong>Quando</strong></span> <span class='ocrx_word' id='word_1_901' title='bbox 2472 5576 2603 5633; x_wconf 89' lang='lat' dir='ltr'><strong>ergo</strong></span> <span class='ocrx_word' id='word_1_902' title='bbox 2647 5561 2799 5629; x_wconf 89' lang='lat' dir='ltr'><strong>dicit,</strong></span> <span class='ocrx_word' id='word_1_903' title='bbox 2844 5560 3089 5619; x_wconf 76' lang='lat' dir='ltr'><strong>Virtutem</strong></span> <span class='ocrx_word' id='word_1_904' title='bbox 3138 5580 3350 5636; x_wconf 87' lang='lat' dir='ltr'><strong>operum</strong></span> <span class='ocrx_word' id='word_1_905' title='bbox 3380 5580 3602 5621; x_wconf 79' lang='lat' dir='ltr'><strong>suorum</strong></span> 
     </span>
    </p>
   </div>
   <div class='ocr_carea' id='block_1_120' title="bbox 2040 5717 3600 5781">
    <p class='ocr_par' dir='ltr' id='par_1_120' title="bbox 2040 5717 3600 5781">
     <span class='ocr_line' id='line_1_120' title="bbox 2040 5717 3600 5781; baseline 0 -15"><span class='ocrx_word' id='word_1_906' title='bbox 2040 5721 2116 5780; x_wconf 80' lang='grc' dir='ltr'><strong>(α)</strong></span> <span class='ocrx_word' id='word_1_907' title='bbox 2149 5728 2267 5781; x_wconf 70' lang='lat' dir='ltr'><strong>Qua:</strong></span> <span class='ocrx_word' id='word_1_908' title='bbox 2283 5724 2562 5781; x_wconf 84' lang='lat' dir='ltr'><strong>sequuntur</strong></span> <span class='ocrx_word' id='word_1_909' title='bbox 2586 5720 2785 5781; x_wconf 89' lang='lat' dir='ltr'><strong>omnino</strong></span> <span class='ocrx_word' id='word_1_910' title='bbox 2806 5717 3008 5769; x_wconf 85' lang='lat' dir='ltr'><strong>diverse</strong></span> <span class='ocrx_word' id='word_1_911' title='bbox 3029 5721 3199 5781; x_wconf 80' lang='lat' dir='ltr'><strong>jaceat</strong></span> <span class='ocrx_word' id='word_1_912' title='bbox 3220 5720 3267 5768; x_wconf 89' lang='lat' dir='ltr'><strong>ln</strong></span> <span class='ocrx_word' id='word_1_913' title='bbox 3282 5718 3600 5770; x_wconf 61' lang='lat' dir='ltr'><strong>Dente&#39;ovo-</strong></span> 
     </span>
    </p>
   </div>
   <div class='ocr_carea' id='block_1_121' title="bbox 1978 5780 3597 5903">
    <p class='ocr_par' dir='ltr' id='par_1_121' title="bbox 1978 5780 3597 5903">
     <span class='ocr_line' id='line_1_121' title="bbox 1978 5780 3597 5903; baseline 0.002 -72"><span class='ocrx_word' id='word_1_914' title='bbox 1978 5780 2385 5903; x_wconf 43' lang='lat' dir='ltr'><strong>iniobuglgdfats.</strong></span> <span class='ocrx_word' id='word_1_915' title='bbox 2412 5782 2643 5830; x_wconf 63' lang='lat' dir='ltr'><strong>Nimirum</strong></span> <span class='ocrx_word' id='word_1_916' title='bbox 2664 5780 3038 5842; x_wconf 72' lang='lat' dir='ltr'><strong>tlhryscstomus</strong></span> <span class='ocrx_word' id='word_1_917' title='bbox 3053 5794 3255 5832; x_wconf 83' lang='lat' dir='ltr'><strong>sensum</strong></span> <span class='ocrx_word' id='word_1_918' title='bbox 3280 5795 3316 5832; x_wconf 77' lang='grc' dir='ltr'><strong>η</strong></span> <span class='ocrx_word' id='word_1_919' title='bbox 3332 5787 3440 5842; x_wconf 71' lang='lat' dir='ltr'><strong>ag“:</strong></span> <span class='ocrx_word' id='word_1_920' title='bbox 3450 5787 3597 5833; x_wconf 69' lang='lat' dir='ltr'><strong>quau</strong></span> 
     </span>
     <span class='ocr_line' id='line_1_122' title="bbox 1980 5854 2373 5896; baseline 0.005 -8"><span class='ocrx_word' id='word_1_921' title='bbox 1980 5860 2071 5896; x_wconf 65' lang='grc' dir='ltr'><strong>νει·</strong></span> <span class='ocrx_word' id='word_1_922' title='bbox 2110 5858 2135 5894; x_wconf 69' lang='lat' dir='ltr'><strong>il</strong></span> <span class='ocrx_word' id='word_1_923' title='bbox 2255 5860 2281 5891; x_wconf 77' lang='grc' dir='ltr'>υ</span> <span class='ocrx_word' id='word_1_924' title='bbox 2304 5854 2331 5892; x_wconf 72' lang='grc'><strong>2</strong></span> <span class='ocrx_word' id='word_1_925' title='bbox 2360 5875 2373 5889; x_wconf 79' lang='lat'><strong>.</strong></span> 
     </span>
    </p>
   </div>
  </div>
