4154 6430
627 394 729 450 9.87

628 506 944 561 annuntiavit
990 506 1177 575 papula
1212 522 1323 568 suo,
1356 505 1484 557 nihil
1531 502 1670 558 aliud
1701 502 1849 569 dicit,
1882 518 2040 573 quam
2086 518 2208 557 cum

628 616 778 655 suam
804 600 1103 654 ostendisse
1144 598 1454 667 potentiam,
1488 596 1615 650 dum
1645 610 1749 650 non
1794 604 1993 649 tantum
2026 607 2213 664 gentes

626 689 864 758 cjiceret,
892 688 983 743 sed
1011 703 1076 742 eo
1107 686 1264 741 modo
1287 688 1523 755 cjiceret,
1553 704 1657 755 quo
1698 687 1926 739 maxime
1971 696 2215 753 poterant

626 799 972 853 cognoscere,
996 784 1093 838 etsi
1119 783 1291 851 priora
1316 782 1669 847 sufficiebant,
1688 779 1899 849 quando
1924 789 2037 833 erat
2064 779 2211 847 plaga

628 876 861 930 immissa
906 876 955 928 in
988 890 1081 929 eos
1109 875 1361 927 divinitus
1392 892 1405 927 :
1436 884 1487 927 et
1526 888 1591 927 eo
1628 872 1855 927 ducente
1896 872 2209 934 exercitum,

627 969 693 1022 de
726 968 957 1021 hostium
992 967 1149 1020 rebus
1180 967 1586 1022 decernebatur.
1617 965 1730 1018 Non
1755 967 1894 1017 enim
1929 980 2023 1033 per
2052 964 2209 1017 verba

626 1065 854 1122 tantum,
874 1056 966 1110 sed
993 1058 1151 1110 etiam
1187 1071 1279 1125 per
1306 1057 1441 1109 facta
1471 1070 1565 1110 eos
1585 1056 1827 1119 docebat,
1854 1070 1951 1125 per
1978 1055 2208 1118 calceos,

626 1163 723 1217 per
763 1158 960 1213 vestes,
992 1164 1087 1217 rer
1133 1149 1459 1210 alimentum,
1514 1162 1609 1216 per
1654 1147 1828 1201 lucem
1873 1147 2115 1199 diurnam
2160 1156 2212 1198 et

627 1249 967 1318 nocturnam,
1012 1257 1106 1309 per
1149 1242 1367 1305 nubem,
1412 1256 1506 1309 per
1550 1238 1708 1303 bella,
1743 1253 1837 1308 per
1881 1252 2082 1307 pacem,
2119 1253 2212 1307 per

625 1344 846 1403 troptca,
885 1349 977 1401 per
1013 1334 1408 1402 agriculturam,
1442 1348 1535 1402 per
1567 1332 1805 1401 pluvias:
1838 1330 2014 1383 omnia
2055 1330 2208 1382 dcui-

622 1439 727 1493 que
755 1437 937 1477 voccm
967 1424 1279 1478 emittebant
1309 1424 1588 1477 Dominum
1636 1421 1998 1492 prmdicantia,
2031 1430 2087 1477 ct
2110 1436 2205 1474 cx-

624 1526 880 1569 cmcatam
926 1524 1157 1569 mentem
1207 1514 1553 1581 stimulantia,
1593 1528 1692 1568 nec
1737 1512 1903 1567 ullum
1956 1525 2206 1581 umquam

623 1614 833 1675 tempus
860 1605 1223 1660 intermissum
1254 1614 1356 1669 est,
1394 1605 1446 1659 in
1489 1618 1597 1674 quo
1642 1618 1747 1659 non
1774 1601 2069 1672 frequentia
2114 1617 2207 1655 sua

621 1697 771 1766 signa
800 1696 1111 1751 ostenderit.
1149 1694 1317 1766 Opera
1354 1711 1597 1748 manuum
1631 1695 1759 1765 ejus.
1789 1694 1970 1748 veritas
1995 1703 2043 1745 et
2060 1692 2207 1759 judi-

621 1789 776 1842 cium.
810 1787 1097 1857 Postquam
1140 1786 1208 1842 de
1253 1788 1371 1855 ejus
1415 1786 1650 1855 potentia
1694 1784 1963 1850 disseruit,
1996 1782 2209 1838 disserit

621 1881 782 1935 etiam
817 1878 885 1935 de
926 1879 1075 1949 jusw
1110 1878 1331 1949 judicio,
1367 1878 1505 1948 quod
1555 1892 1665 1931 non
1700 1878 1872 1932 solum
1918 1878 2205 1946 potentiam

621 1969 856 2029 ostendit
883 1971 932 2023 in
965 1971 1031 2025 iis
1055 1986 1175 2039 qua:
1202 1969 1344 2032 iecit.
1375 1968 1468 2029 sed
1496 1970 1658 2024 etiam
1680 1970 1901 2023 multam
1923 1968 2205 2038 justitiam.

622 2060 803 2131 Neque
822 2061 963 2115 enim
1002 2068 1188 2130 gentes
1219 2063 1335 2115 sine
1364 2074 1522 2115 causa
1552 2060 1777 2128 expulit,
1801 2058 2013 2130 quando
2040 2056 2209 2112 voluit

621 2151 834 2207 Judteos
876 2151 1235 2215 introducere,
1267 2151 1360 2208 sed
1392 2152 1551 2208 etiam
1575 2150 1696 2219 jure
1720 2150 1941 2221 expulit.
1990 2150 2054 2204 Et
2086 2149 2207 2205 ideo

620 2244 744 2298 alibi
780 2258 990 2314 quoque
1030 2243 1237 2298 dicebat
1265 2243 1439 2299 Moses
1470 2259 1485 2296 :
1519 2240 1761 2298 Nondum
1790 2243 1921 2296 enim
1960 2242 2207 2312 compti-ta

620 2345 736 2389 sunt
782 2345 984 2404 peccata
1032 2334 1440 2389 Amorrhmorum
1476 2333 1629 2404 (Gen.
1674 2336 1756 2390 l5.
1798 2335 1911 2406 l6).
1959 2334 2081 2389 [huc
2109 2350 2206 2388 au-

621 2437 728 2483 tem
757 2442 862 2481 non
901 2418 1072 2481 solum
1100 2426 1201 2482 dici
1234 2434 1456 2497 possunt
1481 2426 1547 2481 de
1573 2425 1790 2492 Juda-is,
1819 2438 1874 2479 et
1902 2426 1969 2481 de
1994 2428 2057 2480 iis
2086 2442 2205 2495 qua:

622 2520 731 2574 illis
759 2528 1075 2582 evenerunt,
1098 2518 1191 2573 sed
1222 2532 1403 2573 rursus
1423 2519 1684 2588 generalis
1721 2530 1801 2573 est
1831 2518 2022 2577 oratio.
2046 2517 2205 2585 Quae-

621 2624 847 2679 cmnque
872 2610 1013 2664 enim
1054 2610 1123 2667 ab
1151 2624 1216 2664 eo
1241 2610 1374 2665 facta
1405 2620 1553 2675 sunt,
1578 2611 1773 2664 veritas
1807 2621 1931 2663 sunt
1967 2621 2021 2664 et
2060 2610 2202 2679 judi-

620 2702 761 2756 cium
790 2718 806 2767 ;
844 2701 1129 2771 judicium,
1159 2702 1263 2757 hoc
1306 2712 1388 2758 est
1409 2702 1634 2771 justitia.
1680 2702 1826 2759 Solet
1850 2713 2025 2758 alitem
2054 2718 2197 2771 sa'pc

620 2789 896 2861 Scriptura
927 2792 1203 2851 veritatem
1252 2807 1445 2848 vocare
1489 2793 1847 2857 clementiam.
1875 2794 2023 2860 Quod
2075 2809 2202 2866 ergo

619 2878 770 2945 dicit,
802 2889 882 2935 est
910 2881 1171 2951 ejusmodi
1207 2900 1221 2935 :
1249 2897 1368 2939 cum
1402 2883 1603 2951 jnslitia
1641 2893 1693 2937 et
1720 2886 1998 2941 clementia
2024 2886 2201 2940 omnia

624 2972 835 3028 miscuit
858 2984 913 3028 et
935 2974 1267 3043 temperavit.
1299 2974 1357 3031 Si
1381 2975 1529 3029 cnim
1552 2975 1663 3031 sola
1682 2976 1817 3047 juris
1846 2979 2049 3032 ratione
2074 2992 2203 3035 usus

622 3069 788 3128 esset,
819 3062 997 3118 omnia
1037 3064 1334 3133 periissem.
1628 3116 1629 3119 η

691 3154 747 3211 6.
790 3155 856 3210 Et
900 3155 1021 3211 ideo
1064 3156 1149 3210 hic
1177 3157 1290 3227 ipse
1310 3171 1521 3228 quoque
1564 3158 1823 3230 propheta
1865 3158 1992 3214 alibi
2026 3158 2197 3213 dicit:

622 3241 709 3300 Ne
730 3244 888 3300 intres
909 3245 961 3299 in
970 3246 1224 3316 judicium
1243 3262 1356 3302 cum
1380 3264 1519 3302 servo
1540 3260 1627 3304 tuo
1659 3264 1678 3303 :
1702 3250 1939 3320 quoniam
1978 3266 2078 3305 non
2114 3252 2200 3319 ju.

619 3333 921 3404 stiﬁcabitur
938 3336 989 3389 in
1011 3347 1280 3406 conspectu
1310 3348 1395 3391 tuo
1415 3340 1577 3395 omnis
1597 3341 1761 3395 vivens
1783 3340 1951 3412 (Psal.
1974 3342 2096 3398 N2.
2120 3342 2199 3409 2).

624 3423 692 3479 Et
723 3439 904 3480 rursus
938 3444 953 3480 :
982 3425 1044 3482 Si
1087 3428 1369 3497 iniquitates
1412 3432 1762 3497 observaveris,
1815 3432 2046 3501 Domine,
2093 3433 2202 3488 Do-

620 3516 771 3581 mine,
802 3517 910 3587 quis
934 3518 1191 3573 sustinebit
1212 3519 1381 3592 (l’sal.
1414 3520 1537 3579 l29.
1571 3522 1667 3595 δη
1694 3524 2053 3596 Ωιιωειισιιιιιο
2073 3540 2201 3595 ergo

620 3606 687 3659 ab
715 3622 781 3662 eo
806 3607 956 3675 liunt,
981 3607 1063 3663 bis
1089 3609 1326 3681 utriSque
1354 3612 1508 3683 plena
1536 3623 1677 3668 sunt.
1708 3613 1838 3670 Nam
1860 3616 1973 3671 sive
1992 3631 2202 3671 sunnno

620 3709 822 3755 tantum
839 3700 961 3771 jure
990 3702 1228 3759 ofﬁcium
1254 3705 1513 3776 exigeret,
1544 3707 1722 3761 omnia
1753 3708 2064 3773 interirent;
2089 3709 2201 3764 sive

617 3790 729 3847 sola
757 3801 990 3849 uteretur
1007 3794 1311 3862 clementia,
1334 3797 1639 3868 complures
1658 3798 2009 3859 redderentur
2031 3802 2167 3872 negti
2182 3832 2199 3843 -

616 3884 908 3951 gentiores.
957 3886 1217 3955 Quocirca
1261 3890 1480 3946 salutem
1540 3892 1815 3961 hominum
1866 3895 2095 3961 varians,
2132 3896 2197 3951 ad

616 3994 803 4035 eorum
833 3979 1216 4036 correctionem
1240 3980 1321 4036 his
1351 3984 1588 4052 utrisque
1618 3998 1745 4041 usus
1769 3993 1869 4039 est.
1909 3967 1962 4041 8.
1996 3984 2201 4041 Fidelia

616 4072 786 4125 omnia
802 4064 1040 4126 ntandata
1051 4073 1181 4141 ejus.
1207 4070 1258 4128 ld
1278 4072 1417 4143 quod
1442 4073 1492 4127 in
1517 4075 1695 4130 multis
1709 4076 1858 4143 locis,
1880 4076 1967 4133 hic
1987 4094 2199 4149 quoque

619 4164 759 4228 facit,
791 4176 820 4215 a
848 4162 1106 4238 sapientia
1136 4178 1254 4233 quae
1273 4173 1356 4218 est
1386 4165 1435 4217 in
1464 4164 1746 4235 multiplici
1768 4182 1831 4224 ac
1870 4169 2015 4222 vario
2048 4184 2200 4225 crea-

619 4262 855 4307 turarum
885 4251 1115 4321 opillrio,
1147 4262 1196 4307 et
1230 4253 1295 4307 ab
1326 4253 1441 4323 ejus
1469 4255 1795 4323 providentia
1826 4257 1890 4319 ad
1912 4258 2028 4328 ejus
2056 4259 2199 4330 leges

619 4343 905 4408 transiens,
935 4354 989 4397 et
1038 4344 1180 4400 illam
1215 4355 1420 4416 p-irtem
1472 4348 1819 4417 providentia:
1867 4367 2054 4407 rursus
2090 4360 2199 4405 tra-

616 4443 790 4491 ctans.
823 4433 936 4486 Non
968 4434 1143 4489 solum
1158 4437 1299 4488 enim
1327 4436 1465 4506 quod
1498 4438 1656 4492 talem
1685 4449 1736 4493 et
1764 4449 1959 4495 tantam
1988 4454 2198 4497 creatu-

619 4539 731 4577 ram
763 4524 1080 4589 condiderit,
1107 4525 1199 4580 sed
1230 4527 1391 4599 etiam
1421 4528 1563 4597 quod
1589 4528 1759 4599 legem
1784 4531 1997 4597 tulerit,
2032 4533 2201 4591 homi-

620 4631 745 4668 num
777 4629 945 4686 genus
964 4617 1216 4672 correxit.
1243 4618 1311 4672 Et
1338 4618 1454 4674 ideo
1478 4620 1531 4676 in
1552 4621 1761 4677 decimo
1780 4634 1968 4679 octavo
1988 4626 2201 4685 Pssimo

618 4722 739 4759 cum
783 4717 1033 4776 utrasque
1061 4706 1155 4765 bas
1188 4718 1362 4779 partes
1386 4710 1672 4778 divisisset.
1701 4714 1961 4785 incipiens
1988 4719 2198 4788 quidem

618 4797 751 4851 dixit
784 4813 797 4850 :
829 4795 953 4851 (ἰωιί
979 4808 1215 4853 enarrant
1243 4800 1455 4871 gloriam
1479 4801 1577 4858 Dei
1618 4801 1787 4874 (Psal.
1824 4806 1910 4862 18.
1945 4807 2001 4876 1)
2035 4826 2051 4863 :
2079 4824 2198 4864 cum

617 4898 791 4942 autem
819 4888 882 4941 ad
908 4889 1139 4944 inediam
1169 4893 1424 4955 venisset,
1456 4903 1509 4947 et
1528 4891 1597 4957 de
1612 4897 1882 4968 creatione
1903 4896 2200 4956 orationem

616 4977 954 5044 absolvisset,
985 4982 1290 5052 subjuuxit:
1321 4982 1428 5038 Lee:
1459 4983 1666 5045 Domini
1690 4987 2047 5057 imrtmculata,
2080 5010 2203 5049 con-

618 5080 811 5123 vertens
838 5072 1033 5126 animas
1060 5089 1077 5126 :
1104 5088 1407 5145 praeceptum
1419 5073 1627 5131 Domini
1642 5078 1884 5149 lucidum,
1908 5083 2203 5141 illuminans

618 5161 791 5216 oculos
820 5162 976 5233 (Ibid.
1007 5182 1053 5219 υ.
1083 5168 1135 5220 8.
1167 5166 1247 5235 9).

701 5253 854 5309 Varia
884 5270 1245 5339 praceptorum
1270 5276 1488 5331 genera;
1512 5278 1654 5318 nova:
1679 5265 1802 5337 legis
1824 5282 2075 5340 prwcepta
2104 5288 2203 5327 non

619 5349 861 5418 abrogant
888 5343 1052 5403 vetera
1068 5365 1086 5415 ;
1102 5350 1232 5422 leges
1250 5351 1485 5409 humana:
1504 5367 1860 5413 momentariae:
1877 5370 1924 5415 et
1939 5360 2201 5429 obscurat;

621 5440 753 5509 leges
780 5438 962 5524 divina:
985 5444 1139 5496 clara:
1161 5452 1206 5497 et
1226 5449 1745 5515 permanentes.—lta
1775 5453 1860 5507 hic
1879 5454 2037 5508 etiam
2056 5467 2203 5525 post-

620 5544 780 5599 quam
808 5529 939 5585 dixit
978 5531 1045 5587 de
1085 5534 1357 5590 miraculis
1381 5579 1396 5603 ,
1420 5548 1473 5592 et
1498 5544 1615 5608 ejus
1642 5542 2041 5602 admirabilibus
2078 5564 2206 5619 Ope-

624 5619 790 5685 ribus,
820 5636 961 5677 nunc
977 5623 1283 5693 aggreditur
1298 5625 1476 5685 dicere
1490 5630 1557 5685 de
1576 5633 1871 5703 praseeptis,
1896 5636 1973 5691 sic
1988 5637 2200 5698 dicens:

627 5708 832 5765 Fidella
871 5715 1039 5769 omnia
1093 5718 1335 5772 mandata
1377 5722 1507 5792 ejus,
1544 5725 1842 5792 conﬁrmata
1888 5728 1938 5781 in
1965 5732 2203 5785 malum

620 5803 815 5873 sa'culi,
842 5809 979 5877 facta
998 5808 1047 5863 in
1078 5811 1282 5867 veritate
1311 5824 1354 5868 et
1375 5814 1636 5886 a'quitatc.
1663 5817 1775 5876 Non
1813 5819 2005 5879 frustra
2035 5825 2163 5882 dixit
2182 5860 2196 5879 .

1347 390 1383 442 S
1443 389 1719 487 ιρΑΝΝιδ
1769 384 2243 443 CllllYSOS’IOMI
2302 385 2617 444 Αιιαιιιῑιι.
2660 387 3196 444 CONSTANTINOP.

3810 383 3941 437 ἕεις

2328 505 2531 569 ()mnin,
2564 506 2655 559 sed
2698 514 2929 559 tractans
2972 502 3248 571 multiplex
3297 518 3461 571 genus
3507 512 3936 570 pra'ctpltn'ttttt.

2323 600 2497 666 posuit
2528 598 2663 651 hanc
2692 596 2999 648 dictionem.
3028 594 3159 648 Sunt
3198 594 3341 647 enim
3383 600 3643 661 prmeepta
3686 591 3935 643 creatio-

2323 690 2425 755 nis,
2458 704 2575 759 qua?
2598 688 2845 741 observat
2874 686 3049 739 ()lllllls
3072 694 3335 747 creatura,
3369 682 3450 737 sol
3473 692 3528 736 et
3554 682 3698 743 luna,
3728 680 3845 735 dies
3870 690 3935 735 et

2323 798 2448 848 nos,
2472 792 2527 836 et
2551 780 2746 847 sidera,
2776 788 3038 833 terra-oue
3065 787 3118 833 et
3140 785 3343 831 naturae
3360 789 3567 830 cursus.
3594 773 3729 827 Sunt
3754 773 3935 826 etiam

2323 883 2582 945 prmcepta
2635 888 2753 943 qum
2799 872 2921 926 data
2967 880 3090 924 sunt
3136 879 3341 922 natura:
3379 866 3448 919 ab
3503 866 3672 931 initio,
3703 863 3937 934 quando

2324 967 2473 1019 tinxit
2502 963 2793 1028 hominem,
2817 963 2883 1016 de
2908 961 3102 1030 quibus
3122 960 3249 1013 dicit
3280 958 3473 1012 Paulus
3504 975 3516 1010 :
3543 956 3762 1024 Quando
3783 956 3931 1009 enim

2317 1065 2505 1126 gentes,
2537 1070 2649 1125 qua:
2678 1055 2836 1125 legem
2859 1070 2956 1107 non
2978 1053 3180 1115 habent,
3204 1066 3316 1121 quia
3335 1050 3457 1121 legis
3477 1058 3591 1104 sunt
3621 1058 3804 1102 natura
3831 1051 3931 1118 fa-

2318 1150 2491 1213 riunt,
2517 1150 2554 1202 ii
2583 1148 2740 1217 legem
2777 1164 2876 1200 non
2908 1145 3173 1209 habentes,
3200 1143 3419 1211 sibiipsis
3446 1152 3564 1196 sunt
3602 1142 3683 1196 lea:
3727 1140 3923 1211 (Rom.

2316 1238 2374 1292 2.
2406 1240 2517 1308 14).
2548 1239 2615 1293 Ει
2642 1252 2828 1292 rursus
2855 1255 2867 1290 :
2898 1236 3225 1289 Coudelector
3250 1235 3381 1288 enim
3407 1234 3504 1304 legi
3528 1232 3620 1286 Dei
3639 1234 3930 1287 secundum

2317 1328 2601 1383 interiorem
2629 1327 2881 1381 hominem
2913 1328 2929 1393 (
2961 1326 3108 1378 liam.
3134 1327 3185 1378 7.
3210 1323 3323 1393 22).
3351 1324 3485 1379 Sunt
3515 1324 3673 1377 etiam
3706 1337 3920 1391 prame-

2317 1430 2402 1490 pta
2434 1435 2553 1489 qua:
2579 1419 2774 1487 scripta
2798 1426 2941 1473 sunt.
2975 1416 3098 1470 llmc
3118 1415 3297 1470 omnia
3323 1421 3654 1469 manserunt.
3682 1412 3835 1480 Quod
3870 1408 3925 1468 si

2315 1512 2424 1567 sint
2448 1510 2608 1566 etiam
2630 1510 2804 1579 aliqua
2838 1508 3107 1575 abrogata,
3142 1523 3246 1559 non
3276 1507 3332 1560 in
3360 1504 3531 1575 pejus,
3561 1504 3653 1558 scd
3698 1504 3751 1557 itt
3792 1518 3921 1558 meo

2315 1604 2417 1660 lius
2433 1612 2631 1657 mutata
2650 1613 2793 1657 sunt.
2812 1602 2941 1655 Illud
2964 1601 3127 1664 enim,
3149 1600 3266 1653 Non
3281 1598 3475 1652 occides
3492 1596 3685 1669 (Exod.
3699 1596 3921 1665 20.15),

2316 1712 2421 1750 non
2443 1706 2523 1750 est
2541 1694 2872 1764 abrogatum,
2894 1693 2985 1747 sed
3004 1703 3082 1747 est
3106 1690 3486 1761 aiuplilicatum
3506 1707 3517 1741 :
3539 1699 3591 1743 et
3619 1687 3770 1755 illud,
3790 1686 3924 1741 Non

2312 1786 2621 1843 adulterabis
2651 1785 2755 1855 (lb.
2781 1802 2826 1839 υ.
2854 1785 2945 1854 ll)
2966 1826 2981 1849 ,
3018 1798 3122 1837 non
3156 1790 3239 1835 est
3270 1781 3559 1844 sublatum,
3599 1779 3693 1834 sed
3737 1777 3923 1847 majus

2314 1882 2561 1937 effectum
2596 1888 2697 1935 est.
2733 1877 2794 1931 Et
2828 1877 2947 1933 ideo
2976 1875 3187 1929 dicebat
3210 1916 3225 1940 ,
3256 1872 3378 1927 Non
3402 1873 3512 1926 veni
3534 1872 3724 1925 solvere
3750 1870 3920 1939 legem

2311 1984 2400 2027 aut
2429 1973 2725 2044 praphetas,
2756 1972 2843 2024 sed
2869 1971 3145 2037 adimplere
3174 1966 3387 2038 (llatth.
3420 1966 3473 2021 5.
3506 1962 3614 2037 17).
3634 1963 3733 2032 Qui
3761 1964 3917 2019 cuius

2312 2083 2420 2122 non
2451 2066 2716 2129 irascitur,
2750 2063 2917 2117 multo
2944 2061 3110 2131 magis
3138 2074 3166 2113 a
3197 2057 3347 2114 czede
3375 2058 3668 2113 abstinebit
3696 2075 3709 2111 :
3738 2066 3792 2111 et
3817 2058 3918 2127 qui

2312 2156 2597 2228 impudicis
2617 2156 2787 2210 oculis
2814 2169 2918 2207 non
2944 2154 3157 2221 aspicit,
3188 2150 3399 2221 longius
3423 2151 3491 2205 ab
3525 2148 3788 2205 adulterio
3816 2163 3916 2205 8e-

2311 2250 2420 2306 det.
2455 2250 2561 2303 Lex
2593 2263 2719 2318 ergo
2765 2246 2865 2301 hoc
2900 2245 3061 2300 habet
3100 2246 3150 2297 in
3196 2244 3381 2314 primis
3407 2242 3684 2308 eximium,
3711 2256 3918 2311 nempe

2312 2340 2764 2396 immortalitatem
2792 2348 2847 2392 et
2871 2337 3278 2408 perpetuitatem
3303 2374 3319 2401 ,
3345 2333 3434 2390 lex
3459 2348 3651 2404 nempe
3679 2333 3917 2389 creatio-

2311 2434 2426 2496 nis,
2455 2432 2536 2487 lex
2573 2440 2799 2497 naturm,
2837 2430 2919 2483 lex
2955 2427 3318 2498 philosopbite,
3352 2434 3406 2481 et
3434 2425 3515 2481 lex
3557 2424 3687 2480 Novi
3722 2424 3917 2480 Testa-

2310 2527 2496 2582 menti.
2528 2526 2651 2581 Ideo
2694 2524 2823 2578 dicit
2853 2540 2865 2575 :
2899 2522 3090 2577 Carlum
3136 2530 3184 2573 et
3224 2529 3358 2574 terra
3402 2517 3726 2583 transibunt,
3759 2518 3915 2573 verba

2307 2630 2475 2674 autent
2504 2635 2615 2673 mea
2645 2634 2745 2670 non
2772 2615 3053 2671 transibunt
3084 2612 3295 2685 (Matth.
3330 2612 3421 2667 21.
3454 2613 3548 2682 '55)
3573 2631 3586 2665 :
3616 2612 3913 2668 Osteudcns

2308 2726 2494 2767 eorum
2538 2708 2985 2764 immobilitatem.
3015 2705 3377 2775 Quaecumque
3416 2705 3561 2759 enim
3611 2704 3720 2758 vult
3763 2703 3912 2759 Deus

2309 2817 2547 2868 manere,
2592 2816 2653 2855 ea
2696 2808 2915 2855 manent
2944 2807 3234 2869 perpetuo,
3270 2807 3324 2850 et
3370 2795 3501 2851 nihil
3544 2806 3627 2851 est
3668 2795 3809 2867 quod
3840 2812 3913 2852 ea

2307 2906 2538 2950 moveat.
2570 2891 2735 2946 Facta
2763 2894 2816 2945 in
2846 2893 3053 2945 veritate
3074 2900 3121 2943 et
3145 2892 3399 2960 a'quitate.
3424 2888 3559 2955 Quid
3587 2899 3687 2949 est.
3721 2887 3789 2942 lu
3816 2904 3909 2943 ve-

2307 2987 2455 3040 ritate
2481 2995 2525 3039 et
2557 2985 2792 3054 (equitate
2812 2982 2838 3036 .’
2860 2982 3002 3037 Nihil
3026 2990 3143 3048 est,
3174 2981 3376 3051 inquit,
3408 2980 3458 3034 in
3484 2983 3563 3035 eis
3588 2979 3862 3051 obliquum
3887 3024 3907 3047 ,

2307 3077 2439 3132 nihil
2482 3084 2818 3141 etnttortum,
2855 3074 2986 3129 nihil
3025 3074 3351 3139 obscurum,
3382 3072 3515 3127 nihil
3562 3072 3629 3128 ad
3677 3075 3909 3143 gratiam

2308 3169 2489 3231 ullam,
2536 3176 2627 3221 ant
2672 3165 2882 3233 odium.
2910 3166 3003 3221 sed
3033 3166 3211 3221 omnia
3254 3164 3320 3220 ad
3363 3166 3561 3221 bonum
3609 3174 3665 3220 et
3704 3164 3912 3221 utilita-

2310 3270 2468 3325 tem;
2519 3274 2625 3312 non
2678 3257 2816 3312 sicut
2871 3257 3019 3327 leges
3073 3256 3388 3323 hominum,
3418 3272 3538 3327 qua:
3590 3272 3779 3328 magna
3836 3273 3909 3313 ex

2310 3361 2457 3420 parte
2494 3360 2617 3404 sunt
2662 3358 3086 3412 momentancte,
3113 3358 3169 3402 et
3215 3346 3488 3412 obscurte,
3522 3356 3578 3402 et
3602 3362 3721 3416 qua:
3761 3346 3908 3401 mul-

2310 3441 2417 3497 tuin
2468 3441 2665 3497 habent
2708 3457 2773 3495 ex
2827 3440 3062 3494 homine.
3094 3439 3174 3494 Ex
3217 3440 3475 3496 humanis
3499 3440 3641 3494 enim
3692 3449 3910 3509 pertur-

2306 3534 2608 3589 bationibus
2656 3534 2836 3587 multa:
2882 3548 3025 3601 saepe
3073 3534 3216 3602 leges
3267 3532 3387 3586 lata:
3428 3541 3572 3587 sunt.
3626 3531 3905 3588 Inimicum

2305 3626 2447 3682 enim
2471 3624 2751 3703 ulciscens,
2777 3623 2857 3678 vel
2880 3623 3054 3678 amico
3071 3622 3355 3692 gratiﬁcari
3375 3622 3582 3688 volens,
3606 3625 3801 3695 scripta
3832 3625 3906 3680 ita
4002 3648 4018 3659 -

2306 3728 2563 3789 coiicepta
2584 3716 2901 3786 composuit.
2928 3718 2995 3770 At
3018 3730 3121 3770 non
3144 3725 3266 3771 sunt
3286 3715 3431 3787 leges
3450 3716 3646 3772 divinae
3667 3717 3907 3786 ejusmo.

2306 3812 2381 3878 di,
2404 3812 2496 3866 sed
2521 3820 2734 3866 manent
2753 3810 2865 3864 sole
2885 3808 3157 3873 clariores,
3180 3818 3481 3879 quaerentes
3502 3810 3781 3865 utilitatem
3810 3826 3900 3869 eo-

2304 3918 2421 3958 rum
2444 3900 2637 3971 quibus
2675 3902 2934 3967 feruntur,
2964 3899 3286 3956 deducontes
3311 3915 3406 3957 eos
3433 3901 3500 3956 ad
3527 3902 3795 3964 virtutem.
3842 3913 3900 3959 et

2304 3992 2370 4048 ad
2417 4008 2597 4049 rerum
2622 3992 2901 4048 veritatem
2928 4010 2942 4059 ;
2973 4006 3077 4047 non
3104 3993 3170 4047 ad
3197 3992 3312 4047 haec
3332 3980 3630 4059 mendacia,
3661 3993 3900 4059 divitias,

2307 4086 2540 4155 inquam,
2571 4093 2625 4139 et
2646 4087 2968 4154 potentiam;
3000 4083 3114 4138 lucc
3133 4082 3275 4139 enim
3302 4083 3431 4139 falsa
3454 4093 3617 4149 sunt;
3648 4100 3765 4155 qua:
3806 4084 3904 4141 Dei

2304 4189 2479 4230 autem
2510 4185 2652 4241 sunt,
2694 4184 2820 4229 sunt
2840 4175 3034 4229 veritas
3061 4191 3074 4227 :
3097 4190 3269 4244 neque
3293 4174 3560 4245 quomodo
3588 4176 3713 4230 fiant
3742 4175 3909 4231 ditio-

2306 4282 2413 4334 res,
2445 4282 2618 4337 neque
2644 4267 2914 4336 quomodo
2940 4267 3221 4337 prmsentia
3246 4277 3618 4338 assequamur,
3648 4269 3740 4323 sed
3768 4285 3909 4339 quo-

2306 4358 2465 4413 modo
2492 4356 2680 4413 futuris
2708 4357 2808 4413 frui
2840 4359 3063 4431 possint,
3091 4358 3366 4415 docentes.
3389 4361 3464 4415 De
3494 4360 3635 4415 veris
3664 4374 3715 4415 et
3732 4364 3905 4419 rectis

2306 4451 2489 4517 rebus,
2513 4461 2567 4505 et
2585 4466 2704 4521 qum
2726 4453 2854 4507 nihil
2876 4452 3075 4507 habent
3094 4468 3425 4524 perversum,
3448 4457 3625 4511 omnia
3647 4456 3907 4515 dixerunt

2307 4542 2410 4596 illa:
2441 4542 2603 4612 lrges.
2637 4540 2842 4603 Fidetia
2869 4545 3041 4598 omnia
3069 4545 3313 4599 mandata
3341 4548 3470 4618 ejus.
3499 4546 3635 4615 Quid
3675 4558 3777 4612 est,
3806 4549 3906 4602 Fi-

2306 4635 2480 4690 delia?
2507 4634 2705 4701 Firma,
2746 4639 3037 4692 manentia.
3070 4637 3183 4692 Etsi
3211 4642 3352 4694 enim
3397 4640 3781 4705 transiliautur.
3814 4660 3909 4701 sc-

2306 4738 2538 4797 quuntur
2562 4728 2840 4798 supplicia,
2871 4736 2925 4783 et
2973 4744 3035 4784 ea
3064 4729 3285 4784 minimc
3322 4730 3727 4801 labefactentur,
3760 4744 3815 4789 et
3859 4737 3906 4790 si

2310 4817 2550 4872 homines
2594 4832 2656 4873 ea
2697 4817 3176 4889 transgrediantur,
3224 4820 3364 4877 Deus
3392 4834 3572 4877 tamen
3619 4838 3683 4879 ea
3730 4824 3911 4880 vindi-

2307 4920 2410 4966 cat.
2453 4911 2531 4967 Ne
2560 4927 2689 4980 ergo
2716 4928 2778 4966 ea
2808 4912 3007 4969 dixeris
3034 4913 3173 4970 dicta
3206 4930 3327 4971 esse
3370 4916 3649 4975 minaciter
3674 4926 3767 4974 aut
3805 4918 3910 4990 hy-

2310 5004 2595 5074 perbolice.
2622 5003 2793 5060 Nemo
2818 5006 2986 5076 legem
3020 5006 3217 5072 ferens,
3247 5008 3373 5064 dicit
3406 5018 3610 5064 tantum
3640 5019 3699 5065 ut
3727 5012 3908 5068 mine-

2310 5096 2539 5163 tur,sed
2568 5098 2737 5153 etiam’
2760 5107 2818 5152 ut
2846 5104 3085 5170 castiget.
3113 5100 3168 5156 Si
3198 5113 3373 5158 autem
3410 5119 3511 5158 non
3542 5104 3693 5161 valde
3712 5107 3909 5165 credas

2309 5188 2378 5245 de
2404 5190 2610 5255 futuris,
2643 5190 2839 5245 faciant
2870 5193 2958 5247 tibi
2989 5193 3145 5248 fidem
3176 5198 3467 5264 praeterita.
3495 5196 3650 5262 Quod
3680 5197 3777 5255 fuit
3806 5200 3908 5254 ita-

2309 5294 2413 5351 que
2439 5292 2680 5351 tempore
2712 5279 2824 5336 Noe
2847 5280 3126 5352 diluvium,
3152 5300 3206 5339 et
3233 5285 3585 5347 Sodomorum
3610 5289 3910 5361 conliagra-A

2312 5372 2406 5436 tio,
2456 5381 2511 5426 et
2552 5370 2845 5428 Pharaonis
2893 5375 3133 5442 exitium,
3179 5386 3235 5432 et
3280 5376 3585 5436 .ludmorum
3634 5382 3906 5449 interitus,

2309 5463 2661 5535 captivitates,
2694 5473 2749 5519 et
2775 5463 2935 5530 bella,
2966 5469 3019 5523 in
3049 5468 3278 5525 minisne
3305 5473 3679 5541 constiterunt,
3713 5489 3781 5529 an
3810 5476 3906 5532 de-

2310 5554 2466 5611 ducta
2499 5564 2623 5611 sunt
2647 5554 2715 5612 ad
2736 5571 2916 5613 rerum
2943 5561 3405 5630 experimentum?
3432 5564 3585 5633 Quod
3612 5567 3656 5621 si
3686 5582 3747 5622 ca
3778 5583 3908 5627 vero

2312 5650 2445 5704 facta
2488 5656 2635 5717 sunt,
2672 5664 2793 5721 qua:
2837 5662 2989 5709 erant
3027 5653 3080 5709 in
3124 5654 3289 5724 ﬁgura
3321 5674 3334 5711 :
3374 5659 3543 5713 multo
3582 5660 3752 5732 magis
3784 5677 3907 5732 qua:

2312 5752 2437 5795 sunt
2465 5740 2517 5796 in
2555 5742 2796 5809 veritate,
2829 5759 2936 5815 quo
2973 5748 3145 5815 major
3172 5746 3270 5803 luit
3304 5747 3660 5805 admissorum
3703 5752 3905 5823 impro.

2314 5833 2450 5889 bitas
2468 5842 2589 5905 post
2619 5843 2818 5893 tantam
2848 5839 3166 5898 medicinam
3191 5851 3242 5900 ct
3275 5845 3685 5904 correctionem.
3702 5847 3754 5906 9.
3772 5846 3901 5905 [led-
