4154 6434
708 357 807 413 201

710 462 1171 527 animialacritate
1209 486 1371 543 :lcsse
1404 470 1750 528 vehementes
1768 487 1956 527 eorum
1983 479 2246 528 amatores
2279 486 2294 526 :

706 563 852 633 iussa
878 542 1063 618 eorum
1096 542 1340 632 persequi
1371 579 1384 613 :
1416 572 1598 617 amare
1620 578 1680 616 ea
1711 578 1814 617 non
1846 572 2066 633 propter
2086 570 2295 619 merce-

709 655 831 709 dem
856 669 975 723 quae
1017 663 1098 709 est
1150 668 1247 723 pro
1297 644 1423 724 ipsis
1453 653 1719 724 proposita
1744 694 1759 717 ,
1788 652 1883 709 sed
1931 663 2147 723 propter
2171 664 2295 711 eum

707 745 799 817 qui
826 743 912 799 illa
932 738 1145 811 statuit;
1177 747 1427 801 virtutem
1454 759 1576 800 cum
1603 745 2295 849 voluptatepersequinnqn

709 834 927 907 propter
945 847 1143 893 metum
1171 838 1449 908 gehennae,
1471 848 1572 893 nec
1595 846 1813 940 prepter
1839 838 2011 892 minas
2027 835 2290 940 supplicii,

708 945 808 985 nec
833 938 1049 1005 propter
1071 929 1476 1005 promissionem
1504 931 1673 999 regni,
1696 928 1792 984 sed
1809 938 2027 999 propter
2051 942 2173 983 eum
2203 929 2293 998 qui

709 1008 854 1095 loses
882 1003 1019 1078 tulit.
1064 1003 1363 1089 Quinetiam
1389 1022 1513 1076 alibi
1555 1021 1656 1077 hoc
1708 1021 1861 1087 facit,
1892 1020 2183 1077 Ostendens
2210 1036 2295 1075 vo-

710 1118 984 1182 luptatem,
1009 1132 1164 1187 quam
1193 1115 1332 1187 capit
1360 1131 1425 1170 ex
1457 1114 1737 1184 praeceptis
1760 1113 1850 1168 Dei
1875 1132 1887 1165 :
1909 1114 2077 1180 Quam
2097 1114 2290 1181 dutcia,

707 1207 905 1277 inquit,
937 1205 1175 1281 faucibus
1201 1202 1322 1259 meis
1348 1206 1549 1275 eloquia
1590 1218 1678 1259 tua
1697 1248 1712 1269 ,
1743 1222 1895 1274 super
1930 1206 2028 1258 nul
2056 1206 2131 1258 ori
2182 1220 2292 1258 meo

707 1298 875 1372 (PsaL
913 1301 1035 1355 118.
1067 1298 1192 1369 105)
1223 1300 1237 1352 1
1269 1298 1381 1353 Hoc
1406 1301 1566 1352 etlam
1594 1298 1817 1367 requirit
1846 1297 2073 1363 Paulus,
2110 1299 2177 1351 ita
2207 1297 2289 1350 tli—

705 1408 836 1469 cens
866 1393 1090 1451 obscure
1118 1401 1171 1445 et
1195 1390 1526 1460 :rnigmatlce’
1554 1405 1575 1443 τ
1598 1390 1741 1444 εἴσω
1784 1390 2028 1445 habuistis
2069 1389 2292 1443 mentbra

702 1494 863 1541 vestra
890 1500 1032 1541 senta
1079 1478 1413 1537 inmunditia
1451 1492 1499 1536 et
1529 1481 1801 1547 iniustitia:
1836 1483 1903 1535 ad
1941 1483 2241 1552 injustitiam
2271 1498 2289 1537 :

701 1580 771 1632 ita
796 1578 1021 1632 exhibete
1045 1576 1265 1630 membra
1294 1589 1455 1631 vestra
1496 1593 1639 1630 serva
1669 1572 1885 1645 iustitia:
1908 1577 1976 1629 ad
2004 1574 2263 1646 sancti/ica

703 1670 885 1724 tionem
917 1666 1089 1733 (ﬂant.
1123 1667 1177 1723 6.
1208 1668 1319 1739 19).

774 1759 1023 1825 Alacritas
1064 1759 1345 1813 necessaria
1383 1759 1436 1812 in
1491 1757 1587 1813 Dei
1636 1759 1896 1828 praceptis
1920 1760 2181 1815 obeundis.
2216 1793 2287 1802 —

700 1820 811 1905 tloe
835 1822 937 1916 est,
965 1834 1098 1919 Cum
1122 1858 1321 1921 quanto
1344 1846 1521 1903 studio
1550 1851 1589 1915 ί,
1610 1863 1727 1903 cum
1758 1858 1953 1918 quiante
1985 1852 2146 1907 animt
2174 1851 2285 1909 ala-

699 1922 1217 2011 critatenequitiatn
1273 1938 1654 2005 sectabamini,
1698 1950 1750 1995 ct
1793 1942 1837 1997 si
1886 1942 2088 1999 nullum
2139 1955 2284 2000 essm

700 2010 978 2101 praemium
1004 2010 1333 2101 propositum
1359 2072 1377 2099 ,
1414 2030 1507 2086 sed
1534 2042 1719 2087 contra
1775 2048 1946 2103 pinna:
1975 2043 2030 2115 et
2074 2035 2281 2123 suppli-

697 2124 841 2186 cium
871 2113 1029 2177 :'eum
1063 2128 1205 2176 tanta
1238 2121 1485 2177 virtutem
1512 2121 1811 2178 sectemini.
1844 2125 1909 2178 Et
1938 2120 2115 2180 tamen
2147 2130 2282 2181 hanc

697 2208 909 2284 quoque
937 2226 1240 2268 mensuram
1290 2204 1422 2269 dixit
1450 2228 1509 2269 se
1548 2214 1765 2285 exigere
1794 2216 1871 2272 eis
1924 2218 2277 2272 moderatam.

701 2302 825 2357 tltec
849 2300 992 2357 enim
1017 2301 1277 2371 dicturus,
1312 2307 1384 2357 ita
1416 2304 1664 2375 loquitur,
1700 2304 1992 2359 Humanum
2016 2307 2129 2361 dico
2156 2324 2279 2377 pra-

695 2406 805 2453 pter
828 2386 1173 2463 inﬁrmitatem
1203 2394 1370 2448 carnis
1394 2404 1573 2450 vestra
1604 2393 1766 2466 (Ibid.
1797 2412 1843 2451 υ.
1879 2396 1963 2470 19)
1996 2416 2008 2450 :
2040 2398 2281 2453 indicans

694 2494 944 2552 oportere
974 2499 1079 2538 non
1110 2484 1369 2540 minorem
1395 2488 1678 2542 ostendere
1705 2488 1757 2542 in
1785 2488 1976 2543 virtute
2015 2489 2278 2560 cupidita-

696 2574 804 2630 tem
827 2616 843 2640 ,
871 2591 1027 2647 quam
1075 2572 1127 2630 in
1157 2576 1284 2631 vitio
1314 2574 1665 2633 ostendimus.
1698 2577 1753 2633 ld
1800 2588 1882 2633 est
1924 2590 2104 2635 autem
2135 2580 2277 2649 quod

696 2665 823 2725 dicit
850 2684 863 2719 :
887 2663 941 2721 Si
976 2682 1079 2720 non
1106 2665 1348 2722 eamdem
1372 2667 1620 2724 virtutem
1649 2670 2014 2735 ostenderint,
2046 2682 2273 2740 quanam

692 2755 1033 2815 excusatione
1061 2756 1296 2825 utentur,
1326 2768 1415 2813 aut
1444 2760 1709 2828 quomodo
1740 2763 1949 2817 veniam
1980 2772 2273 2833 assequen-

693 2860 797 2915 tur,
825 2848 912 2919 qui
946 2864 1011 2903 ne
1059 2864 1180 2919 cum
1227 2851 1413 2908 cadent
1442 2852 1654 2921 quidem
1706 2852 1996 2922 cupiditate
2045 2854 2111 2909 ad
2154 2870 2271 2910 eam

692 2940 990 2995 accedunt?
1039 2938 1107 2993 Et
1146 2938 1268 2995 ideo
1309 2940 1397 2995 hic
1439 2957 1649 3011 quoque
1680 2944 1935 3013 propheta
1984 2944 2161 2998 dixit:
2206 2944 2273 2998 In

692 3034 943 3087 mandatis
986 3034 1097 3102 ejus
1140 3034 1265 3088 valet
1295 3033 1461 3087 nimis.
1502 3034 1600 3101 Qui
1634 3035 1777 3089 enim
1818 3049 1938 3090 eum
1986 3035 2172 3091 metuit
2217 3046 2273 3091 ut

688 3133 929 3193 oportet,
958 3123 1175 3193 suscipit
1200 3123 1312 3191 ejus
1338 3133 1599 3193 prmcepta
1630 3140 1750 3179 eum
1779 3141 1965 3195 magna
1984 3127 2267 3180 aviditate:

689 3225 744 3272 et
770 3217 889 3271 ideo
914 3200 1064 3272 amor
1103 3222 1157 3273 in
1185 3217 1537 3286 legislalorcm
1588 3217 1795 3273 facilem
1823 3229 1877 3273 et
1900 3229 2100 3290 gratam
2147 3218 2272 3273 facit

690 3310 895 3379 legem,
942 3308 1043 3364 etsi
1073 3308 1310 3363 videatur
1358 3310 1585 3380 aliquam
1640 3310 1841 3366 habere
1875 3310 2266 3368 difﬁcultatem.

690 3398 855 3455 Nemo
879 3408 1054 3454 autem
1086 3399 1226 3469 quod
1251 3390 1374 3457 dico
1405 3399 1799 3469 reprehendat,
1832 3398 1874 3457 si
1901 3403 1989 3457 tali
2018 3405 2269 3475 exemplo

688 3506 814 3547 usus
859 3506 995 3546 sum.
1026 3491 1155 3545 Nam
1202 3492 1395 3547 Paulus
1424 3507 1638 3561 quoque
1666 3506 1731 3547 eo
1752 3506 1878 3547 usus
1903 3500 2017 3561 εει,
2067 3496 2145 3550 sic
2185 3496 2266 3549 di-

684 3596 847 3639 cens:
877 3582 1021 3637 Sicut
1048 3582 1340 3637 exhibuistis
1376 3584 1593 3637 membra
1632 3595 1794 3638 vestra
1821 3602 1961 3640 serua
1985 3588 2268 3641 immundi-

683 3678 794 3741 tiaz,
823 3676 893 3727 ita
919 3675 1143 3728 exhibete
1159 3675 1393 3746 justitiaa.
1425 3673 1523 3743 Qui
1554 3677 1850 3733 meretricis
1878 3678 2055 3749 itaque
2083 3694 2267 3735 amore

682 3779 867 3838 captus
896 3776 997 3832 est,
1030 3767 1236 3823 etiamsi
1291 3767 1553 3822 afficiatur
1583 3770 1776 3837 probro
1823 3778 1876 3825 et
1906 3770 2224 3826 contumelia
2246 3814 2261 3837 ,

681 3860 891 3914 etiamsi
935 3858 1271 3924 verberetur,
1304 3859 1510 3914 etiamsi
1560 3874 1618 3913 se
1645 3860 1869 3928 turpiter
1912 3869 1967 3915 et
2010 3859 2264 3917 indecore

682 3960 851 4019 gerat,
880 3948 1086 4003 etiamsi
1108 3950 1411 4018 expellatur
1448 3965 1477 4002 a
1505 3958 1610 4019 pati
1626 3950 1671 4003 ia
1693 3991 1708 4015 ,
1740 3950 1947 4004 etiamsi
1992 3951 2145 4005 bonis
2171 3968 2264 4018 ra-

683 4042 847 4095 ternis
873 4050 1163 4103 evertatur,
1193 4041 1401 4095 etiamsi
1426 4043 1592 4110 patris
1614 4042 1979 4097 benevolentia
2007 4044 2261 4112 privetur,

683 4132 889 4186 etiamsi
942 4132 1185 4201 graviora
1212 4132 1461 4202 patiatur,
1491 4148 1551 4187 ea
1573 4132 1667 4187 fert
1689 4134 1919 4203 jucunde
1940 4144 1988 4191 et
2019 4135 2264 4191 lubenter

680 4232 898 4294 propter
924 4238 1159 4277 amorem
1190 4224 1531 4291 impudicum.

756 4313 1018 4384 Prwcepta
1046 4313 1138 4366 Dei
1178 4314 1351 4383 grai-ia
1392 4329 1490 4365 non
1517 4323 1650 4366 sunt.
1678 4345 1746 4354 —
1774 4316 1923 4381 Quod
1956 4318 1998 4371 si
2028 4318 2115 4371 illa
2141 4333 2258 4372 cum

679 4408 947 4475 voluptate
976 4405 1306 4473 suscipiunt,
1336 4404 1603 4474 quomodo
1634 4420 1738 4459 non
1779 4408 1942 4460 multo
1974 4409 2138 4478 magis
2169 4410 2259 4463 Dci

678 4504 960 4566 prmcepta,
994 4510 1110 4564 qua:
1138 4505 1260 4548 sunt
1285 4494 1558 4559 salutaria,
1587 4504 1641 4549 et
1664 4495 1846 4564 gloria!
1871 4497 2041 4564 plena,
2071 4508 2125 4551 et
2152 4514 2264 4553 ma-

677 4602 831 4658 gnam
856 4586 1005 4639 nobis
1035 4585 1270 4655 prmbent
1298 4584 1706 4654 philosoiibiam,
1734 4596 1786 4640 et
1812 4589 2041 4641 animam
2076 4590 2261 4643 melio-

676 4692 789 4732 rem
807 4676 1059 4741 ellicinnt,
1090 4685 1297 4745 oportet
1323 4691 1442 4730 cum
1464 4692 1650 4746 magna
1679 4680 1942 4748 voluptate
1965 4683 2256 4757 suscipere,

675 4780 728 4826 et
761 4770 891 4823 nihil
925 4784 1040 4823 esse
1073 4768 1291 4822 dillicile
1322 4770 1371 4821 in
1403 4768 1481 4821 eis
1508 4770 1852 4823 existimare?
1886 4771 2255 4827 Difficultatem

672 4862 815 4917 enim
856 4876 960 4913 non
991 4869 1172 4912 natura
1218 4868 1601 4928 praceptorum
1629 4902 1643 4925 ,
1684 4861 1775 4913 sed
1807 4862 2091 4915 multorum
2124 4866 2258 4917 solet

672 4950 915 5006 socordia
937 4949 1167 5004 efficere.
1211 4948 1387 5017 itaque
1410 4950 1451 5003 si
1482 4951 1598 5018 quis
1632 4966 1691 5003 ea
1728 4967 1845 5005 cum
1874 4953 2047 5007 studio
2073 4966 2123 5008 et
2151 4957 2259 5008 alr:-

672 5043 861 5097 eritate
893 5041 1053 5093 animi
1081 5041 1355 5109 suscipiat,
1382 5040 1579 5095 videbit
1600 5057 1656 5096 ea
1687 5056 1804 5096 esse
1830 5044 1963 5098 levia
1982 5056 2034 5099 et
2062 5045 2253 5101 facilia.

672 5133 929 5199 Quocirca
959 5132 1168 5185 dicebat
1198 5132 1438 5185 Christus
1475 5151 1486 5185 :
1514 5133 1702 5202 Jugum
1727 5150 1889 5187 nicum
1920 5153 2071 5190 suave
2092 5148 2182 5201 est,
2212 5151 2257 5194 et

670 5241 798 5278 onus
843 5240 1009 5276 nicum
1046 5226 1147 5276 leve
1186 5221 1393 5292 (Matth.
1429 5224 1513 5277 11.
1544 5224 1653 5293 50).
1706 5226 1766 5279 Et
1783 5235 1863 5281 'ut
1898 5229 2035 5282 scias
2059 5244 2119 5284 ea
2157 5231 2275 5285 hoc

673 5316 830 5371 modo
853 5331 910 5370 se
940 5316 1156 5380 habere,
1187 5325 1239 5368 et
1270 5317 1551 5369 multorum
1581 5318 1877 5373 socordiam
1906 5335 1966 5373 ea
1995 5336 2112 5391 qua:
2134 5332 2257 5377 sunt

672 5406 843 5460 facilia
866 5447 881 5471 ,
914 5405 1136 5460 reddere
1164 5406 1393 5459 difficilia
1423 5451 1437 5470 ,
1470 5407 1699 5460 studimn
1738 5420 1912 5464 autem
1944 5427 2004 5465 ac
2028 5412 2256 5482 diligen-

676 5508 799 5553 tiam
843 5498 1020 5569 .faciliu
1046 5541 1057 5561 ,
1105 5514 1163 5552 ea
1197 5515 1311 5567 qum
1352 5510 1471 5551 sunt
1512 5500 1703 5569 alioqui
1735 5501 1965 5556 difficilia
2000 5523 2011 5558 :
2044 5506 2256 5574 quando

675 5562 862 5643 manna
915 5589 1224 5643 fruebantur
1265 5588 1464 5655 Judcci,
1516 5592 1565 5645 id
1610 5603 1662 5646 et
1703 5609 1841 5663 τιςιό
1891 5596 2157 5664 ferebant,
2202 5609 2258 5654 et

731 5728 747 5758 ¹
778 5726 908 5785 limc,
940 5728 1057 5776 Cum
1077 5734 1257 5797 quanto
1288 5728 1447 5797 studio
1476 5734 1592 5791 (μεθ’
1617 5734 1731 5790 ὅσης
1755 5739 2003 5797 σπουδῆς),
2031 5741 2239 5790 deerant

672 5788 718 5835 in
746 5789 939 5850 ilorcL,
966 5790 1052 5838 sed
1077 5790 1322 5841 habentur
1346 5790 1392 5840 in
1418 5788 1568 5843 Salii.
1600 5802 1649 5844 et
1674 5788 1866 5848 11111153.

1439 358 1493 415 S.
1533 358 1810 416 JOANNIS
1844 358 2313 417 CHRYSOSTOMI
2356 359 2672 419 ARCHIEP.
2713 361 3245 425 CONSTANTINOP.

3898 382 4043 438 392

2406 484 2634 531 mortem
2675 480 3037 547 exoptabant:
3067 483 3264 541 Paulus
3307 495 3488 543 autem
3532 503 3653 545 cum
3702 491 3842 551 fame
3870 512 4041 555 con-

2406 561 2614 621 flictans
2625 569 2891 637 gaudebat
2905 580 2957 626 et
2978 574 3277 631 exsiliebst.
3297 576 3362 631 Et
3386 578 3458 634 illi
3481 580 3695 650 quidem
3716 583 3979 645 dicebant
4007 608 4032 645 :

2406 657 2589 711 Anima
2614 666 2785 714 nostra
2806 677 2963 717 vacua
2987 673 3060 720 est
3086 666 3139 720 in
3161 684 3347 722 manus
3365 669 3554 740 (Num.
3584 674 3670 730 11.
3696 675 3775 746 6).
3796 674 4042 735 Edui-

2402 747 2466 799 sti
2492 762 2583 801 nos
2618 758 2674 802 ut
2714 748 3049 819 internum,
3093 773 3153 811 eo
3194 762 3329 829 quod
3358 778 3461 816 non
3487 774 3651 820 essent
3675 781 4035 825 monuimus

2401 838 2454 891 in
2495 838 2724 912 £97pr
2753 841 2777 910 (
2803 843 2968 900 Exod.
2996 850 3083 905 14.
3116 850 3177 906 ll
3204 853 3260 922 )7
3310 854 3514 912 Paulus
3538 868 3716 914 autem
3744 861 3963 920 dicebat
4000 883 4022 920 ε

2402 930 2611 987 Gaudeo
2632 935 2686 988 in
2722 938 3042 1005 pensionibus
3066 944 3189 998 meis
3212 986 3227 1011 ,
3263 956 3311 999 et
3335 950 3550 1019 suppr
3578 968 3643 1006 ea
3676 970 3790 1023 qua:
3812 956 4027 1011 desunt

2400 1024 2750 1094 aﬂictionibus
2778 1029 2985 1099 Christi,
3014 1034 3065 1091 in
3087 1052 3240 1091 carne
3258 1055 3370 1093 mea
3394 1040 3613 1111 (Colon.
3645 1048 3826 1117 LM).
3856 1048 4019 1115 Qui-

2400 1114 2623 1171 busnam
2651 1121 2987 1188 passionibus
3010 1123 3036 1177 ‘i
3085 1125 3280 1192 Fame,
3310 1130 3432 1197 siti,
3477 1135 3715 1191 nuditate
3737 1179 3753 1204 ,
3785 1114 3848 1195 et
3872 1114 4021 1197 aliis

2394 1479 2536 1533 enim
2568 1484 2783 1549 premis
2824 1484 2982 1541 habet
3012 1488 3061 1542 in
3092 1493 3265 1559 seipsa
3296 1492 3799 1557 r'emunerationom.
3849 1504 4007 1561 Nam

2395 1568 2439 1622 si
2470 1583 2577 1625 non
2599 1574 2895 1630 maehatus
2922 1576 3104 1646 fueris,
3128 1581 3170 1636 si
3198 1599 3303 1638 non
3330 1586 3534 1643 aedem
3571 1590 3786 1660 faecis,
3809 1597 4005 1668 cogita

2392 1670 2587 1728 quanta
2613 1662 2805 1721 frueris
2820 1668 3090 1739 voluptate
3108 1689 3212 1727 non
3238 1678 3621 1737 condemnitus
3643 1700 3672 1738 a
3698 1662 4003 1745 conscien-

2394 1753 2463 1804 tia
2493 1762 2601 1816 tua,
2622 1769 2799 1811 coram
2826 1758 2929 1814 tuis
2951 1777 3055 1817 non
3078 1766 3420 1836 erubescens,
3441 1774 3789 1841 purisomnes
3813 1784 4003 1839 oculis

2393 1841 2626 1898 intuens.
2656 1846 2849 1903 Verum
2880 1850 3089 1908 adulter
3112 1872 3218 1911 non
3249 1869 3331 1914 est
3359 1863 3641 1931 ejusmodi,
3671 1869 3763 1925 sed
3794 1888 4000 1932 omnes

2390 1935 2577 1991 metuit
2590 1952 2653 1993 ac
2667 1938 2933 2008 formidat,
2950 1953 3004 2001 et
3018 1947 3099 2001 vel
3118 1947 3259 2017 ipsas
3277 1952 3490 2009 umbras
3510 1955 3667 2017 habet
3682 1972 3995 2032 suspectas.

2458 2026 2513 2081 2.
2545 2026 2757 2086 Rursus
2779 2046 2973 2090 avarus
3009 2045 3066 2092 et
3108 2038 3317 2097 invidus
3343 2044 3529 2100 eadem
3571 2026 3823 2117 patietur.
3878 2054 3995 2123 Qui

2386 2126 2471 2172 est
2497 2127 2675 2174 autem
2703 2122 2837 2178 liber
2868 2125 2937 2181 ab
2962 2125 3044 2181 his
3068 2169 3084 2195 ,
3131 2142 3316 2189 contra
3344 2148 3405 2190 se
3441 2135 3675 2195 habebit.
3700 2140 3756 2196 2.
3783 2122 3996 2203 Potens

2385 2209 2439 2261 in
2464 2219 2598 2265 terra
2626 2214 2720 2267 erit
2757 2231 2925 2272 semen
2953 2222 3084 2291 ejus.
3133 2223 3280 2282 Solet
3310 2225 3595 2298 Scriptura
3616 2245 3763 2305 saepe
3787 2250 3986 2295 semen

2388 2314 2712 2360 vocare‘non
2758 2308 2813 2362 id
2853 2313 2997 2379 quod
3045 2315 3283 2371 nascitur
3308 2328 3370 2374 es
3400 2330 3605 2378 natura:
3630 2326 3847 2396 ordine,
3876 2333 3989 2387 sed

2384 2394 2526 2462 quod
2558 2410 2623 2450 ex
2665 2400 2924 2458 societate
2969 2404 3197 2461 virtutis.
3248 2407 3505 2476 Quocirca
3538 2413 3735 2472 Paulus
3756 2394 3985 2492 quoque

2382 2484 2744 2557 interpretans
2769 2492 2917 2561 illud,
2951 2495 3061 2549 Tibi
3088 2508 3133 2551 et
3152 2501 3330 2554 semini
3351 2510 3437 2557 tuo
3457 2504 3587 2560 dabo
3608 2484 3793 2564 terram
3810 2484 3981 2581 troiae,

2382 2580 2592 2636 dicebat
2615 2601 2627 2637 :
2662 2584 2781 2640 Non
2805 2590 2939 2643 enim
2961 2607 3129 2648 omnes
3154 2596 3239 2661 qui
3266 2606 3463 2653 euntes:
3487 2599 3674 2671 Israel,
3702 2606 3741 2660 ii
3768 2580 3982 2665 Israel.-

2382 2688 2538 2741 neque
2564 2677 2683 2744 quia
2704 2689 2819 2732 sunt
2835 2697 3001 2736 semen
3020 2683 3255 2751 Abrahc,
3284 2705 3457 2745 omnes
3477 2693 3595 2761 ﬁlii,
3624 2696 3714 2750 sed
3733 2697 3786 2752 in
3814 2696 3981 2755 Isaac

2378 2766 2633 2819 vocabitur
2658 2770 2745 2822 tibi
2765 2787 2931 2827 semen
2957 2772 3133 2846 (Rom.
3159 2777 3212 2832 9.
3234 2779 3311 2848 7).
3336 2780 3405 2836 Et
3429 2798 3657 2841 rursus:
3690 2787 3757 2843 In
3782 2792 3984 2849 semine

2380 2864 2464 2907 tuo
2492 2857 2840 2916 benedicentur
2866 2883 3036 2921 omnes
3058 2880 3229 2939 gentes
3254 2872 3395 2941 (Gal.
3428 2876 3481 2932 5.
3510 2878 3586 2948 8).
3640 2882 3793 2949 Quod
3818 2886 3973 2941 enim

2379 2963 2483 3004 non
2509 2951 2707 3009 dictum
2734 2956 2805 3012 sit
2832 2958 2899 3014 de
2922 2960 3139 3027 Judris,
3165 2980 3252 3021 res
3272 2968 3401 3038 ipsa:
3421 2971 3657 3030 indicant
3681 2993 3697 3032 :
3723 2978 3811 3048 qui
3839 2992 3979 3036 sunt

2376 3043 2518 3097 enim
2547 3044 2643 3113 ipsi
2684 3048 2823 3117 pleni
2862 3052 3268 3126 m::ledictione,
3315 3064 3585 3133 quomodo
3628 3066 3821 3127 fuerint
3844 3072 3977 3129 aliis

2375 3146 2533 3187 causa
2559 3135 2990 3198 benedictionis?
3028 3147 3121 3201 sed
3168 3149 3315 3206 dicit'
3338 3154 3407 3209 de
3439 3156 3671 3213 Ecclesia
3694 3202 3709 3227 ,
3739 3177 3855 3232 quze
3895 3180 3974 3221 es

2375 3225 2631 3283 societate
2678 3229 2801 3286 fidei
2846 3235 2962 3302 ejus
2988 3249 3187 3294 semen
3215 3257 3336 3299 esse
3371 3245 3584 3303 dicitur.
3641 3225 3800 3308 Tales
3836 3266 3975 3309 sunt

2374 3327 2521 3385 ergo,
2543 3319 2631 3389 qui
2653 3332 2772 3377 sunt
2800 3325 2991 3381 virtute
3008 3330 3235 3399 pra-diti,
3256 3343 3309 3389 et
3336 3336 3426 3391 lilii
3448 3353 3654 3407 eorum,
3680 3345 3767 3413 qui
3792 3328 3968 3402 Deum

2376 3407 2580 3465 timent.
2617 3409 2799 3467 Potens
2824 3415 2876 3468 in
2902 3425 3036 3471 terra
3060 3421 3153 3475 erit
3182 3439 3350 3480 semen
3378 3429 3508 3497 ejus.

2455 3498 2665 3557 Virtutis
2714 3522 2939 3575 merces;
2988 3513 3181 3568 virtutis
3225 3528 3271 3571 et
3320 3520 3425 3574 vitii
3462 3522 3665 3580 collatio
3707 3544 3796 3598 per
3835 3546 3971 3586 cort-

2374 3592 2549 3645 traria.
2574 3622 2647 3633 -—
2663 3594 2837 3677 Quare
2862 3599 3013 3666 dixit,
3038 3602 3106 3658 In
3136 3615 3269 3663 terra
3290 3609 3316 3661 .9
3344 3610 3409 3666 Ut
3438 3592 3745 3674 ostenderet
3766 3619 3815 3674 id
3838 3636 3971 3677 esse

2371 3683 2530 3737 etiam
2557 3673 2841 3756 antequam
2891 3690 3013 3747 hinc
3059 3699 3347 3765 excedant,
3381 3715 3433 3757 et
3472 3717 3753 3777 antequam
3781 3711 3967 3766 bono-

2370 3788 2485 3827 rum
2516 3789 2634 3845 qua:
2660 3778 2765 3833 illic
2795 3792 2915 3838 sunt
2940 3783 3134 3841 faciant
3154 3790 3468 3859 periculum.
3500 3796 3966 3881 Qucum/dmodum

2370 3865 2509 3919 enim
2536 3866 2645 3922 dixi
2671 3880 2824 3924 antea
2849 3913 2864 3937 ,
2906 3874 3073 3930 virtus
3105 3879 3155 3933 in
3194 3880 3303 3951 ipsa
3331 3889 3641 3955 Operatione
3668 3865 3830 3949 liabet
3871 3910 3969 3952 re-

2371 3961 2791 4016 numerationem
2838 3968 2999 4019 etiam
3038 3976 3160 4026 ante
3206 3978 3443 4041 prmmia.
3496 3980 3648 4047 Quod
3693 3985 3835 4039 enim
3855 3986 3964 4056 'qui

2371 4047 2491 4101 talis
2528 4059 2643 4115 est,
2679 4050 2871 4108 habeat
2897 4073 3341 4133 semenpotens,
3388 4078 3440 4123 et
3485 4072 3573 4141 qui
3618 4083 3701 4130 est
3744 4076 3968 4135 virtutis

2370 4142 2618 4209 prtesidio
2645 4148 2900 4213 munitus,
2932 4151 2999 4205 sit
3026 4155 3265 4211 omnium
3296 4164 3717 4233 potentissimus,
3746 4168 3966 4227 docue-

2368 4243 2489 4287 runt
2525 4240 2772 4306 apostoli,
2815 4244 3167 4301 Ostenderunt
3193 4252 3484 4321 prophetat.
3517 4256 3771 4317 Similiter
3792 4265 3965 4321 etiam

2371 4325 2627 4381 Dominus
2658 4329 2724 4383 de
2765 4330 2847 4386 bis
2885 4336 3221 4404 signiﬁcans.
3268 4344 3398 4400 dicit
3431 4364 3442 4400 :
3478 4331 3790 4424 Quicumque
3812 4359 3966 4412 audit

2368 4433 2617 4473 sermones
2646 4438 2798 4485 meos,
2823 4434 2869 4477 et
2895 4427 3018 4493 facit
3046 4447 3149 4498 eos,
3179 4436 3540 4493 assintilabitur
3564 4445 3668 4497 viro
3695 4446 3963 4515 prudenti,

2366 4509 2448 4575 qui
2479 4509 2745 4578 ardiﬁcavit
2771 4514 2977 4569 domum
3000 4534 3146 4575 suum
3172 4516 3323 4595 super
3351 4540 3543 4597 petram
3565 4548 3586 4596 ;
3624 4545 3670 4589 et
3696 4540 3963 4595 descendit

2367 4600 2557 4667 pluvia,
2591 4617 2828 4669 venemnt
2856 4609 3022 4677 ﬂuvii,
3054 4614 3303 4682 [laverunt
3339 4596 3507 4687 senti;
3549 4634 3597 4676 et
3621 4625 3875 4681 irruerunt
3900 4632 3964 4685 in

2366 4691 2570 4746 domum
2598 4694 2765 4760 illam,
2794 4709 2841 4751 et
2870 4715 2969 4755 non
2998 4706 3173 4759 cecidit
3205 4726 3219 4760 :
3246 4720 3353 4762 erat
3391 4714 3521 4765 enim
3551 4714 3767 4783 fundata
3799 4736 3963 4789 supra

2365 4794 2557 4851 petram
2586 4784 2797 4856 (.llatth.
2826 4790 2877 4843 7.
2908 4791 2997 4846 21.
3030 4793 3143 4866 25).
3178 4797 3319 4865 Quot
3348 4803 3658 4869 pepulerum
3684 4784 3957 4877 incursus,

2364 4885 2492 4942 quot
2524 4878 2614 4930 ine
2646 4887 3011 4949 tyrannorum,
3056 4898 3186 4956 quot
3212 4906 3389 4956 enses,
3418 4905 3547 4962 quot
3570 4895 3793 4965 lancea},
3824 4916 3963 4970 quot

2366 4968 2487 5027 tela,
2521 4980 2648 5038 quot
2672 4972 2938 5041 fornaces,
2969 4990 3091 5047 quot
3113 4979 3403 5037 belluarum
3425 4986 3634 5054 dentes,
3663 5000 3793 5061 quot
3810 4968 3961 5064 pra:-

2364 5059 2578 5127 cipitia,
2634 5072 2763 5129 quot
2802 5068 3002 5134 maria,
3049 5082 3173 5139 quot
3205 5073 3442 5139 insidiae,
3488 5088 3618 5148 quot
3646 5081 3957 5151 calumnize,

2363 5157 2491 5214 quint
2520 5154 2941 5211 machinationes
2972 5157 3184 5215 fueiunt
3208 5166 3487 5239 concitata:
3519 5169 3775 5225 adversus
3816 5188 3959 5243 apo.

2363 5241 2573 5294 stolos?
2620 5243 2760 5298 Nihil
2807 5255 2980 5302 tamen
3026 5265 3121 5307 eos
3161 5254 3517 5324 supplantavit
3552 5276 3565 5313 :
3598 5262 3690 5318 sed
3737 5241 3955 5322 fuerunt

2365 5330 2445 5386 his
2472 5335 2722 5388 omnibus
2745 5339 3085 5408 excelsiores,
3114 5349 3549 5413 praetervolantes
3575 5368 3759 5408 eorum
3788 5370 3950 5411 arun-

2363 5421 2544 5488 dines,
2573 5428 2661 5495 qui
2708 5428 2834 5496 ipsis
2862 5431 3282 5503 insidiabantur,
3327 5447 3381 5493 et
3422 5440 3565 5510 ipSos
3613 5444 3957 5505 insidiatores

2364 5516 2701 5573 traducentes
2744 5522 2793 5591 in
2839 5536 2963 5577 suas
3012 5537 3210 5593 partes.
3267 5529 3409 5584 Nihil
3453 5543 3535 5586 est
3583 5535 3726 5589 enim
3756 5539 3952 5601 virtute

2364 5608 2631 5674 potentius
2661 5627 2672 5662 :
2701 5626 2760 5664 ea
2789 5621 2841 5665 et
2870 5623 3017 5681 petra
3049 5626 3130 5671 est
3154 5616 3375 5674 solidior
3394 5663 3407 5682 ,
3440 5632 3493 5676 et
3522 5623 3804 5683 adamante
3835 5630 3951 5685 for-

2365 5702 2467 5756 tior
2499 5720 2510 5755 :
2552 5706 2998 5773 quemadmodum
3028 5726 3213 5765 rursus
3240 5716 3473 5783 nequitia
3516 5718 3647 5772 nihil
3670 5722 3948 5780 cstvilius.

2373 5798 2498 5848 nihil
2534 5797 2846 5853 imbecillius
2870 5842 2883 5865 ,
2913 5802 3119 5859 etiamsi
3151 5809 3268 5875 quis
3294 5808 3361 5861 sit
3405 5812 3638 5867 nutnitus
3670 5812 3871 5871 infinita
3905 5824 3953 5874 vi
3999 5880 4013 5890 ,
