4154 6436
128 453 222 510 ω

132 561 383 637 για-ἰν,
415 570 475 616 et
501 556 854 614 extrinsecus
885 548 1174 606 maximam
1205 544 1399 601 habent
1427 540 1746 637 potentiam.

129 634 264 725 Quod
310 656 362 710 si
416 661 597 706 tantae
644 656 774 703 sunt
805 659 995 700 eorum
1043 636 1188 697 vires
1239 638 1292 692 in
1346 647 1527 734 terra‘3
1578 634 1753 734 cogita

132 758 311 819 quanta
352 746 438 801 sit
476 743 661 797 futura
688 752 881 794 eorum
923 736 977 797 in
1006 732 1153 790 eisiis
1178 728 1439 819 potentia.
1483 724 1754 819 Generatio

132 815 376 895 rectorum
404 833 769 890 benedicrtur.
817 825 1006 883 Vidisti
1027 838 1146 879 eam
1174 817 1520 891 resplendere
1540 859 1556 883 ,
1586 825 1643 873 et
1668 815 1753 870 in-

134 929 507 995 sanierabjles
534 925 746 981 habere
773 919 1175 993 praedicatores,
1207 913 1539 977 laudatores,
1570 919 1625 966 et
1652 908 1754 962 ad—

134 1020 461 1078 miratores?
510 1020 598 1073 Ac
631 1031 742 1071 non
775 1023 981 1069 temere
1004 1006 1273 1080 quoslibet
1295 1048 1311 1073 ,
1342 1003 1435 1060 sed
1462 1003 1751 1073 sapientes.

133 1114 299 1184 Reque
352 1113 519 1167 enim
572 1108 860 1180 quisquam
888 1119 954 1159 ex
1002 1099 1307 1157 hominibus
1334 1098 1424 1169 qui
1470 1104 1595 1153 sunt
1626 1095 1757 1151 viles

132 1205 427 1275 subjecti,
473 1212 532 1258 et
578 1198 729 1255 humi
758 1202 1020 1264 serpunt,
1054 1191 1248 1263 poterit
1284 1204 1404 1245 eam
1433 1188 1755 1259 intelligere,

132 1297 211 1351 sed
238 1297 274 1351 ii
305 1292 571 1350 maxime
596 1304 719 1345 eam
741 1286 1057 1346 laudabunt,
1087 1283 1121 1336 ii
1149 1283 1384 1337 maxime
1407 1279 1760 1334 admirabun-

133 1398 206 1442 tur
226 1397 282 1442 et
323 1381 752 1457 pra‘dieabunt,
779 1378 869 1450 qui
894 1392 1006 1432 non
1048 1370 1243 1431 habent
1269 1382 1503 1428 mentem
1534 1386 1754 1441 perver-

134 1494 254 1533 m.
305 1474 634 1533 Considera
682 1485 812 1541 ergo
852 1475 1051 1539 quanta
1093 1466 1164 1519 sit
1208 1463 1505 1536 possessio,
1552 1470 1612 1517 ut
1638 1476 1761 1532 quae

135 1586 223 1625 nec
256 1570 487 1639 angelis
518 1581 624 1621 nec
652 1562 917 1635 apostolis
960 1575 1059 1616 nec
1101 1559 1312 1630 magnis
1348 1565 1405 1614 et
1430 1555 1762 1612 admirantis

138 1663 249 1715 viris
279 1658 649 1730 gat-monibus
674 1662 863 1711 careat
891 1670 905 1706 :
936 1651 982 1709 si
1024 1651 1168 1707 enim
1211 1649 1349 1706 tales
1384 1664 1505 1706 esse
1547 1658 1763 1720 oportet

136 1770 237 1820 eos,
264 1756 359 1822 qni
394 1754 585 1823 ipsam
618 1748 858 1812 laudant,
891 1745 1067 1816 cogita
1092 1753 1147 1800 et
1177 1752 1363 1814 reputa
1392 1742 1606 1815 qualem
1638 1758 1759 1799 eam

135 1862 241 1901 esse
265 1857 638 1912 consequens
664 1849 767 1897 est.
801 1840 855 1897 3.
884 1836 1063 1895 Gloria
1087 1847 1133 1893 et
1161 1837 1352 1891 divitia!
1371 1838 1423 1892 in
1448 1837 1601 1891 domo
1623 1838 1759 1910 ejus.

137 1937 333 1993 Rursus
355 1952 388 1991 a
414 1932 772 1991 sensibilibus
804 1930 996 1987 transit
1016 1929 1083 1985 ad
1106 1928 1425 1999 Spirituaiia.
1443 1927 1757 1987 Solctenim

135 2031 407 2101 Scriptura
453 2044 554 2084 eas
592 2025 869 2097 appellare
911 2023 1158 2088 divitias,
1205 2039 1326 2094 qum
1358 2032 1483 2077 sunt
1520 2024 1572 2079 in
1604 2022 1760 2080 bonis

135 2124 419 2193 (poribus;
441 2130 503 2176 ut
528 2120 748 2191 quando
764 2117 899 2175 dicit
920 2134 934 2171 :
952 2113 1098 2171 Bona
1127 2116 1355 2186 operari,
1376 2115 1559 2175 divites
1574 2132 1684 2171 esse
1706 2117 1760 2171 in

137 2214 630 2283 Magaribus“.
653 2210 791 2267 Tim.
809 2209 1108 2280 6.18).":2
1133 2210 1275 2266 enim
1303 2219 1430 2266 sunt
1456 2225 1599 2268 verm
1618 2211 1785 2269 divi-‘

141 2308 218 2363 tia:
235 2349 253 2373 ,
283 2307 418 2362 alia:
439 2314 577 2362 sunt
603 2304 822 2360 nomine
844 2312 1051 2358 tantum
1070 2343 1085 2365 ,
1121 2317 1182 2357 re
1201 2312 1380 2357 autem
1403 2302 1517 2373 ipsa
1546 2312 1753 2358 carent.

196 2402 577 2471 Apostolorum
602 2397 811 2452 diuitiae.
842 2426 912 2437 ——
938 2394 1091 2464 Quod
1120 2396 1165 2453 si
1197 2394 1294 2450 has
1320 2410 1535 2465 quoque
1562 2395 1757 2450 dixerit

135 2495 395 2563 quispiam
438 2491 709 2557 divitias,
752 2506 820 2546 ne
864 2490 953 2546 sic.
984 2488 1197 2560 quidem
1241 2488 1559 2544 recedemus
1594 2489 1663 2546 ub
1692 2504 1758 2544 co

136 2586 266 2655 quod
296 2586 529 2641 dicitur.
562 2581 707 2650 Quid
730 2582 876 2638 enim
903 2591 1015 2637 erat
1043 2579 1301 2650 apostolis
1323 2580 1407 2636 vel
1436 2580 1487 2635 in
1518 2582 1757 2650 pecuniis

138 2656 323 2743 ditius,
356 2676 429 2732 ad
461 2690 607 2746 quos
632 2675 814 2728 omnia
846 2682 1115 2743 tamquam
1142 2687 1211 2729 ex
1250 2670 1483 2729 fontibus
1520 2673 1756 2742 proflue-

136 2768 294 2823 baut!
338 2760 678 2836 Quia?!»un
716 2764 854 2819 enim
900 2771 1043 2817 erant
1082 2779 1321 2835 agrorum
1363 2763 1439 2817 vel
1487 2761 1757 2818 domorum

138 2875 443 2927 possessores
467 2899 486 2924 ,
531 2856 803 2912 uendentes
841 2852 1117 2922 offerebant
1158 2862 1204 2907 et
1249 2853 1499 2924 ponebant
1539 2856 1757 2925 pretium

135 2960 247 3003 est:
274 2950 433 3019 pedes
461 2946 820 3017 apostolorum
851 2944 995 3019 (Act.
1019 2944 1074 2999 4.
1102 2943 1229 3014 54).
1257 2943 1419 3000 Vides
1448 2959 1609 3016 opum
1635 2961 1755 3001 ma-

135 3041 492 3109 gniﬁcentiam
516 3038 543 3091 2
583 3036 838 3094 Omnium
880 3029 1017 3092 bona
1057 3035 1439 3106 possidebant,
1467 3037 1536 3092 ab
1564 3052 1753 3093 eorum

137 3150 253 3189 cura
286 3136 482 3197 liberi,
515 3142 575 3189 et
602 3142 663 3186 ut
685 3131 780 3201 qui
808 3139 993 3187 essent
1019 3145 1209 3186 eorum
1249 3130 1426 3201 potius
1450 3131 1748 3199 ceconomi,

138 3242 285 3295 quam
307 3225 544 3281 domini.
568 3224 669 3295 Qui
696 3222 840 3279 enim
868 3220 1158 3287 habebant,
1182 3220 1384 3278 habere
1406 3222 1749 3287 desistentes,

138 3333 191 3371 ea
213 3317 535 3374 adferebant
557 3315 625 3370 ad
648 3314 920 3385 apostolos
942 3330 959 3373 ι
982 3313 1080 3384 ipsi
1104 3313 1321 3383 quidem
1342 3313 1746 3381 venumdantes,

138 3418 187 3460 et
222 3409 512 3479 pectiniam
560 3412 939 3475 comparantes
963 3445 977 3466 ,
1011 3405 1383 3474 permittentes
1420 3416 1597 3460 autem
1635 3404 1752 3475 ejus

140 3501 571 3555 distributionem
621 3513 743 3553 esse
792 3497 845 3552 in
895 3496 1105 3553 illorum
1155 3505 1440 3568 potestate.
1486 3497 1750 3567 Quocirca

142 3589 323 3645 Paulus
351 3604 579 3661 quoque
612 3587 829 3643 dicebat
863 3605 877 3641 :
906 3585 1192 3659 Tamquam
1232 3588 1362 3643 nihil
1397 3589 1636 3644 [tabentes
1656 3632 1670 3656 ,
1703 3600 1748 3644 et

141 3683 299 3735 omnia
330 3682 660 3751 possidentes
686 3678 779 3749 (2.
809 3678 929 3736 Cor.
968 3678 1021 3735 6.
1064 3679 1188 3752 10).
1221 3680 1317 3736 Est
1344 3681 1487 3736 enim
1520 3682 1621 3737 hoc
1649 3683 1747 3737 ad-

142 3774 375 3827 mirabile
399 3816 416 3837 ,
449 3771 597 3842 quod
642 3770 739 3841 qui
777 3772 940 3825 tantis
978 3771 1249 3842 pollebant
1285 3772 1485 3827 divitiis
1508 3816 1523 3839 ,
1564 3784 1751 3830 essent

140 3850 474 3921 facultatibus
504 3864 611 3920 illis
636 3865 947 3935 superiores
974 3882 988 3919 :
1022 3880 1118 3921 eos
1146 3867 1288 3921 enim
1317 3882 1423 3922 non
1456 3870 1621 3924 tenuit
1652 3868 1750 3924 ob-

143 3961 319 4015 noxios
358 3957 608 4030 pecunia:
638 3958 813 4028 copia.
844 3957 936 4012 lla:
964 3967 1087 4013 sunt
1116 3961 1199 4014 vel
1236 3960 1483 4015 maximae
1506 3961 1705 4016 divitim
1726 4003 1742 4029 ,

141 4066 235 4104 non
266 4066 431 4123 egere
461 4049 685 4104 divitiis.
718 4047 898 4104 Gloria
932 4059 979 4104 et
1014 4049 1201 4105 diritia:
1228 4051 1280 4105 in
1309 4051 1460 4105 domo
1489 4052 1619 4122 ejus.
1651 4053 1747 4109 ilic

141 4142 269 4209 quod
300 4150 558 4211 superest
581 4182 596 4204 ,
628 4155 733 4195 non
770 4148 895 4212 eget
932 4140 1392 4210 interpretatione.
1435 4142 1748 4200 Habuerunt

140 4234 270 4288 enim
300 4234 536 4305 gloriam
566 4248 686 4302 quae
711 4248 739 4286 a
769 4233 878 4288 Deo
908 4231 1281 4303 proficiscitur.
1313 4234 1428 4304 ipsa
1455 4243 1634 4290 autem
1659 4249 1745 4290 se-

140 4326 415 4391 quebatur,
449 4333 506 4378 ιιι
534 4323 665 4379 dicit
698 4324 876 4379 divina
921 4323 1195 4395 Scriptura
1228 4339 1243 4380 :
1275 4325 1499 4393 Qnterite
1536 4344 1745 4398 regnum

142 4415 258 4479 bri.
294 4429 343 4472 et
391 4418 501 4471 Ita'c
539 4416 712 4470 omnia
753 4417 1061 4488 adjiciantur
1098 4416 1233 4471 vobis
1261 4415 1484 4485 (Matth.
1518 4417 1570 4473 6.
1612 4418 1681 4474 55

139 4509 266 4576 Quid
309 4510 459 4567 enim
509 4509 616 4563 illis
664 4508 1071 4567 honorabilius?
1108 4508 1233 4579 quid
1276 4509 1746 4580 magniﬁcentius?

142 4603 431 4676 1Jntqllam
472 4602 695 4672 angelos
730 4603 822 4659 Dei
850 4602 1255 4673 suscipiebant’
1288 4621 1301 4658 :
1333 4604 1583 4674 pecunias
1610 4606 1744 4661 all'e-

142 4704 314 4750 mues
334 4738 349 4759 ,
377 4694 449 4750 ad
479 4709 668 4748 eorum
707 4692 870 4763 pedes
915 4693 1220 4762 ponebant;
1262 4693 1327 4748 iis
1356 4694 1586 4766 denique
1607 4738 1622 4761 ,
1654 4699 1743 4767 qui

1268 423 1631 488 EXPOSITIO
1660 421 1724 478 l.\'
1767 418 2093 477 PSALMUM
2132 416 2272 476 CXI.

3368 414 3475 473 2⁸.ιῶ

1859 533 1975 589 huic
1992 534 2205 592 interra
2224 532 2486 598 fecerunt,
2504 532 2677 607 cogita
2697 543 2892 606 quanta
2905 534 3007 592 erit
3024 534 3191 607 gloria
3213 551 3402 595 eorum
3420 536 3475 592 in

1858 629 2028 685 εει-ιιι.
2042 629 2181 696 Quid
2196 636 2278 685 est
2298 639 2500 694 autem,
2513 627 2581 683 In
2605 629 2759 683 domo
2781 629 2897 701 ejus
2914 630 2941 684 .’
2959 628 3092 685 Cum
3115 631 3254 703 ipso,
3278 629 3472 703 inquit.

1861 720 2115 778 Externa:
2130 730 2308 777 autem
2325 720 2523 777 divitiae
2542 736 2649 777 non
2670 730 2934 778 suntcum
2951 736 3018 777 co
3038 722 3126 791 qui
3150 721 3308 778 habet
3331 722 3473 785 illas,

1860 811 2292 883 quandoquidem
2324 828 2392 868 ne
2422 813 2474 869 in
2508 820 2623 868 tuto
2647 810 2867 883 quidem
2896 820 3023 869 sunt
3048 812 3348 876 collocatae,
3375 812 3474 870 sed

1861 913 1987 960 sunt
2017 903 2069 957 in
2099 903 2343 958 manibus
2372 903 2846 970 calumniatorum,
2880 903 2933 957 in
2963 903 3209 959 manibus
3235 901 3479 960 adulato-

1863 1014 2007 1064 rum,
2031 998 2084 1053 in
2112 998 2358 1054 manibus
2386 998 2686 1071 principum
2710 1040 2726 1063 ,
2754 998 2808 1053 in
2839 997 3090 1055 manibus
3112 996 3473 1055 famulorum:

1863 1100 1917 1145 et
1939 1090 2061 1145 ideo
2089 1088 2183 1149 eas
2212 1090 2409 1161 ultique
2438 1091 2680 1161 Spargit,
2714 1106 2821 1145 non
2843 1090 3050 1146 audens
3082 1091 3366 1147 universas
3384 1105 3479 1147 eas

1865 1180 2010 1237 domi
2035 1188 2216 1237 tenere
2238 1196 2253 1235 :
2277 1190 2331 1237 et
2356 1181 2478 1237 ideo
2506 1182 2831 1238 adhibentur
2853 1182 3112 1239 custodia:
3133 1192 3186 1238 et
3205 1182 3475 1262 excubias,

1864 1274 1967 1328 etsi
1999 1273 2100 1327 hoc
2129 1273 2257 1328 nihil
2284 1273 2471 1343 juvet,
2500 1288 2622 1329 cum
2653 1290 2732 1329 eae
2763 1274 2971 1345 possint
3007 1275 3187 1331 omnia
3216 1274 3477 1347 effugere.

1870 1364 1934 1419 Et
1956 1365 2165 1435 justitia
2205 1365 2317 1437 ejus
2353 1374 2521 1419 monet
2548 1367 2600 1419 in
2634 1368 2878 1422 amulum
2903 1368 3101 1425 saeculi.
3134 1368 3290 1424 Alius
3312 1369 3479 1435 dicit,

1868 1456 1935 1513 Et
1958 1459 2308 1513 misericordia
2346 1460 2457 1531 ejus
2486 1470 2654 1515 manet
2683 1460 2735 1515 in
2764 1461 3007 1516 arculum
3034 1462 3229 1518 menti.
3261 1461 3360 1518 Vel
3394 1461 3483 1517 hic

1866 1547 1994 1603 dicit
2025 1549 2274 1609 virtutem
2302 1550 2355 1606 in
2381 1566 2611 1620 genere,
2645 1552 2726 1607 vel
2756 1566 2875 1606 eam
2901 1567 3022 1624 qtue
3052 1564 3313 1625 repugnat
3339 1555 3481 1621 inju-

1866 1640 2027 1699 stitite
2050 1682 2066 1706 ,
2098 1642 2181 1696 ιιι-Ι
2213 1642 2667 1713 quemadmodum
2698 1643 2830 1698 dicit
2857 1644 2996 1699 alius
3034 1646 3300 1716 interpres
3320 1688 3336 1714 ,
3368 1646 3482 1701 cle-

1866 1732 2121 1787 mentiam
2151 1744 2306 1789 vocat
2331 1733 2774 1790 miscricordiam.
2797 1734 2942 1790 Talis
2962 1745 3044 1792 est
3064 1737 3208 1793 enim
3235 1738 3316 1793 vis
3337 1738 3483 1795 cleo.

1862 1840 1917 1881 ιιι
1940 1839 2129 1895 νεγιισι.
2158 1840 2246 1880 res
2267 1833 2355 1879 est
2374 1824 2713 1889 immortalis,
2736 1825 2911 1882 aliena
2934 1826 3003 1882 ab
3024 1827 3264 1895 interitu,
3287 1838 3342 1885 et
3361 1845 3483 1899 qnzu

1860 1914 2087 1972 minime
2116 1923 2292 1986 potest
2325 1915 2615 1987 exstingui.
2646 1917 2823 1988 Atque
2856 1919 3091 1974 humana
3116 1920 3333 1991 quidem
3365 1936 3485 1975 om.

1865 2006 1953 2061 nia
1968 2007 2365 2072 convehuntur,
2383 2006 2587 2063 fructus
2602 2018 2782 2065 autem
2805 2008 3167 2084 eleemosynm
3187 2027 3482 2083 numquam

1866 2107 2043 2167 potest
2063 2114 2421 2169 marcescere,
2443 2116 2541 2157 nec
2564 2102 2671 2155 nlla
2697 2101 3008 2158 difficultate
3030 2112 3332 2174 temporum
3358 2120 3483 2176 pro.

1865 2187 2055 2258 ﬂigari.
2084 2190 2197 2247 Etsi
2228 2191 2371 2249 enim
2399 2206 2597 2262 corpus
2624 2192 2786 2249 fuerit
2812 2194 3153 2261 dissolutum,
3180 2196 3268 2253 illa
3301 2207 3480 2256 tamen

1865 2294 1972 2333 non
2007 2295 2110 2335 una
2137 2296 2257 2351 cum
2288 2281 2394 2336 vita
2421 2282 2756 2349 dissolvitur,
2784 2284 2877 2341 sed
2907 2296 3034 2342 ante
3064 2286 3211 2344 illum
3243 2289 3480 2357 excedit,

1863 2369 1912 2425 ei
1940 2363 2246 2426 mansiones
2275 2381 2604 2443 prmparans,
2633 2373 2702 2431 de
2728 2376 2922 2446 quibus
2947 2376 3078 2431 dicit
3096 2377 3341 2439 Christus
3370 2397 3383 2434 :
3414 2377 3482 2437 In

1863 2463 2016 2518 domo
2052 2462 2231 2520 Patris
2270 2467 2368 2520 mei
2394 2467 2681 2523 mansiones
2712 2469 2889 2526 multa:
2915 2479 3037 2525 sunt
3063 2470 3243 2542 (locu.
3279 2472 3366 2532 14.
3395 2472 3477 2544 2).

1864 2552 1920 2610 lu
1949 2554 2054 2611 hoc
2080 2557 2259 2627 itaque
2285 2572 2376 2614 res
2400 2558 2660 2613 humanas
2689 2546 2933 2630 superat,
2954 2562 3096 2632 quod
3124 2562 3193 2620 sit
3219 2574 3479 2635 perpetua

1861 2656 1918 2702 et
1955 2648 2164 2704 etaliiiis
2184 2691 2200 2716 ,
2228 2648 2372 2720 quod
2412 2651 2626 2721 quidem
2661 2652 2801 2707 nulla
2834 2667 2921 2709 res
2952 2642 3113 2709 habet
3141 2670 3325 2711 eorum
3355 2673 3479 2729 quae

1861 2740 1928 2795 ad
1962 2742 2097 2796 hanc
2122 2745 2283 2797 vitam
2321 2744 2609 2813 pertinent.
2642 2742 2773 2800 Nam
2804 2746 2849 2801 si
2880 2745 3080 2801 dixeris
3119 2748 3476 2818 pulchritudi-

1862 2851 2019 2899 nem,
2053 2851 2118 2891 ca
2154 2836 2342 2892 morbo
2385 2836 2688 2901 flaccescit,
2728 2848 2785 2895 et
2827 2840 2980 2895 senio
3018 2842 3354 2901 consumitur
3386 2861 3398 2897 :
3430 2843 3476 2898 si

1861 2927 2153 2996 potentium
2179 2968 2195 2991 ,
2227 2942 2291 2982 ea
2330 2942 2475 2999 sa-pe
2519 2940 2758 2986 mutatur
2789 2948 2802 2986 :
2835 2933 2879 2987 si
2907 2931 3155 3000 divitias,
3188 2934 3233 2990 si
3273 2934 3472 3007 aliquid

1862 3013 2011 3068 aliud
2032 3032 2220 3074 eorum
2244 3062 2257 3083 ,
2288 3035 2408 3090 qua:
2439 3021 2489 3075 itt
2521 3022 2625 3077 vita
2659 3024 2910 3092 prmsenti
2945 3023 3215 3083 habentur
3244 3026 3389 3082 riora
3419 3037 3472 3083 et

1860 3110 2105 3178 illustria,
2129 3126 2190 3167 ea
2218 3112 2300 3167 vel
2332 3114 2481 3170 vivos
2509 3114 2839 3187 relinquunt,
2867 3118 2950 3173 vel
2982 3127 3225 3175 mortuos
3251 3125 3475 3177 omnino

1858 3199 2031 3257 nudos
2055 3210 2111 3257 et
2139 3202 2429 3260 destitutos
2456 3206 2658 3261 sinunt.
2688 3206 2792 3263 Sed
2816 3208 3039 3280 justitia:
3069 3226 3175 3266 non
3210 3222 3296 3269 est
3322 3214 3472 3284 ejus.

1857 3294 2004 3351 modi
2034 3294 2239 3352 fructus
2272 3315 2285 3351 :
2318 3314 2422 3353 non
2467 3307 2708 3371 tempore
2735 3304 3103 3371 consumitur,
3143 3322 3250 3361 non
3296 3318 3474 3369 morte

1856 3396 2184 3459 amputatur,
2216 3390 2309 3445 sed
2341 3401 2465 3446 tunc
2508 3394 2672 3450 tutior
2709 3395 2971 3464 redditur,
3002 3398 3218 3469 quando
3242 3400 3308 3455 ad
3340 3416 3470 3473 por.

1858 3487 1970 3533 tum
1997 3479 2014 3535 i
2037 3479 2168 3541 lum.
2192 3484 2280 3551 qui
2312 3484 2471 3539 nullis
2495 3486 2726 3556 agitatur
2752 3486 3024 3558 ﬂuctibus,
3047 3492 3329 3564 adnavigat
3341 3496 3465 3550 erit.

1856 3570 1910 3624 4.
1957 3570 2203 3626 Exortum
2243 3584 2317 3628 est
2358 3576 2410 3629 in
2459 3578 2674 3633 tenebris
2717 3580 2888 3635 lumen
2933 3583 3096 3637 rectis.
3150 3585 3469 3643 Descrtliens

1857 3663 2238 3720 bratitudincm
2270 3667 2387 3737 ejus
2416 3669 2504 3738 qui
2538 3670 2687 3726 timet
2720 3671 2930 3741 Deum,
2960 3674 3091 3730 dit-it
3127 3694 3215 3732 res
3255 3697 3374 3748 qua:
3416 3682 3469 3740 in

1856 3760 2107 3827 praesenti
2133 3761 2407 3829 eveniunt,
2436 3771 2489 3817 nt
2520 3764 2662 3833 quod
2698 3765 2805 3821 sint
2836 3768 3166 3825 immortales
3195 3771 3311 3843 ejus
3340 3789 3466 3844 pis-

1856 3851 2125 3907 sessinnes
2145 3892 2159 3919 ,
2188 3853 2329 3923 quod
2361 3855 2528 3925 gloria
2558 3856 2815 3913 fruiturus
2844 3860 2908 3914 sit
2933 3901 2947 3924 ,
2976 3863 3119 3933 quod
3152 3865 3220 3917 sit
3258 3865 3470 3922 futurus

1855 3942 2104 3996 omnibus
2129 3945 2394 4013 superior,
2418 3947 2560 4017 quod
2581 3964 2676 4005 eos
2699 3950 2790 4020 qui
2817 3950 3011 4008 fuerint
3032 3956 3080 4009 ei
3106 3957 3299 4013 virtute
3326 3960 3468 4014 siuti-

1858 4032 1936 4088 les
1956 4074 1972 4099 ,
1998 4043 2054 4090 et
2079 4037 2196 4105 ejus
2227 4037 2318 4091 filii
2350 4040 2657 4107 evaserint,
2686 4044 2898 4099 visurus
2933 4045 3001 4101 sit
3038 4051 3425 4119 CXpttgnahilcs
3451 4097 3467 4114 .

1857 4124 1909 4178 in
1940 4127 2169 4184 maxima
2198 4144 2377 4187 rerum
2407 4130 2722 4189 difficultate
2751 4138 3129 4196 securissimus
3179 4143 3292 4199 iioc
3322 4146 3468 4205 cuitu

1854 4218 1954 4273 sibi
1986 4220 2099 4274 vult
2125 4221 2273 4287 illud,
2304 4223 2556 4281 Exortum
2585 4238 2656 4282 est
2685 4230 2737 4282 in
2765 4229 2977 4286 tenebris
2999 4233 3170 4289 lumen
3200 4240 3368 4293 rectis.
3400 4241 3470 4297 lis

1853 4311 1997 4365 enim
2034 4314 2121 4382 qui
2162 4314 2241 4370 sic
2278 4325 2406 4372 sunt
2446 4317 2654 4384 aliecti,
2701 4322 2766 4377 iis
2798 4324 2888 4394 qui
2932 4336 3078 4383 recte
3113 4331 3467 4400 gradiuntur.

1852 4405 2051 4461 efficiet
2079 4417 2137 4462 ιιι
2162 4408 2213 4463 in
2242 4410 2430 4467 mediis
2461 4412 2697 4469 tenebris
2726 4416 2816 4470 lux
2846 4419 3070 4475 oriatur.
3096 4423 3231 4490 Quid
3260 4435 3366 4493 cst,
3405 4426 3470 4481 In

1853 4499 2066 4553 tenebris
2088 4501 2113 4553 ?
2142 4501 2252 4557 Et~i
2293 4503 2399 4559 sint
2436 4506 2487 4561 in
2525 4506 2855 4580 afﬂictio:te,
2886 4512 2937 4567 in
2969 4516 3261 4586 angns'iis,
3289 4527 3469 4574 trum-

1856 4591 1999 4647 tione
2028 4603 2081 4646 et
2107 4593 2360 4664 periculis
2386 4595 2470 4667 (ea
2502 4600 2645 4653 enim
2678 4617 2832 4657 vocat
2860 4606 3154 4678 teut-liras),
3185 4610 3382 4669 officiet
3413 4624 3468 4668 ut

1853 4685 2147 4755 plurimum
2174 4688 2253 4741 eis
2283 4689 2421 4743 adsit
2450 4691 2758 4762 Voluptatis.
2789 4697 2942 4764 Quod
2978 4700 3138 4754 etiam
3170 4702 3365 4758 Paulus
3394 4707 3469 4761 si-

142 4785 302 4852 capite
321 4783 575 4839 diadema
597 4782 893 4853 gestabant,
918 4794 1072 4838 erant
1093 4783 1426 4839 illustriores.
1449 4783 1580 4851 Quis
1600 4787 1743 4841 enim

1859 4775 2111 4844 gniticans
2130 4775 2365 4842 dicebat,
2397 4777 2449 4832 Ν
2453 4778 2537 4834 olo
2563 4792 2730 4836 autem
2753 4800 2838 4841 vos
2863 4788 2996 4856 igua,
3010 4806 3098 4846 are
3118 4793 3182 4845 de
3199 4796 3468 4865 afﬂictione

144 4890 226 4928 rex
258 4890 515 4945 umquam
561 4875 832 4944 ingressus
865 4884 947 4931 est
984 4892 1105 4930 cum
1138 4884 1284 4932 tanta
1316 4877 1586 4944 claritate,
1620 4894 1744 4935 cum

142 4974 328 5029 tutantia
374 4966 575 5035 ubique
614 4965 913 5022 habebatur
952 4964 1146 5022 Paulus
1187 4969 1238 5022 in
1277 4968 1630 5024 admiratione
1661 4971 1741 5025 lo-

144 5070 326 5123 quens,
359 5073 391 5109 u
422 5066 597 5110 morte
624 5056 878 5124 liberans,
904 5058 1122 5113 morbos
1150 5060 1445 5130 expellens,
1471 5059 1745 5117 duunoms

146 5147 344 5218 fugatis.
378 5156 435 5203 et
472 5146 590 5223 iure
618 5157 781 5219 atque
806 5149 1067 5218 ejusmodi
1098 5151 1181 5206 vel
1209 5151 1338 5206 solis
1367 5152 1604 5208 vestibus
1631 5154 1748 5209 offi-

143 5240 320 5294 tiens?
351 5239 454 5294 llic
479 5247 681 5294 terram
707 5238 900 5295 caelum
927 5240 1169 5308 faciebat,
1194 5250 1250 5298 et
1271 5257 1462 5299 omnes
1485 5243 1551 5298 ad
1582 5244 1747 5298 virtu—

149 5337 243 5382 tem
271 5330 527 5388 ducebat.

208 5422 262 5476 5.
290 5420 501 5478 Divitia
522 5431 734 5481 terrena
748 5425 972 5481 inmte.
993 5422 1343 5499 Eleemosyme
1362 5426 1682 5497 vim-Quod
1702 5429 1744 5484 si

204 5642 219 5671 ι
256 5638 312 5689 in
334 5646 523 5701 (it-eeo,
546 5654 594 5699 ἇς
614 5654 788 5705 ἀπιιικ
809 5659 875 5694 τῶ
897 5652 1193 5711 statuisti-.3...
1216 5649 1483 5711 Gentianus
1504 5656 1748 5701 Hervetus

494 5703 818 5778 :rTam'qmrm
856 5705 1020 5778 agrarii
1048 5703 1134 5758 Hei
1154 5709 1542 5778 suscipiebantur
1576 5728 1596 5759 .-
1635 5727 1745 5776 qu:e

508 5777 605 5814 non
629 5766 791 5836 utilius
975 5780 1121 5833 quam
1134 5766 1464 5836 grammaticae
1484 5766 1744 5836 remanat.

1056 5821 1385 5902 apostolorum
1409 5821 1745 5893 dulei-ebant,

151 5888 269 5947 ﬁt:
294 5888 540 5953 tanujuam
564 5891 771 5953 angelos
795 5888 879 5941 Dei
903 5888 1251 5958 suscipiebant.
1279 5898 1361 5946 Hic
1384 5906 1461 5949 est
1485 5911 1683 5949 statsm.

1852 4885 1966 4939 qua:
1990 4870 2089 4941 fuit
2114 4870 2257 4927 nobis
2297 4873 2350 4927 iu
2389 4874 2540 4943 Asia,
2566 4878 2703 4941 quod
2730 4896 2887 4949 supra
2916 4884 3123 4939 modum
3151 4890 3349 4957 gravati
3373 4907 3468 4944 su-

1856 4981 1995 5027 mus.
2025 4976 2079 5019 ut
2117 4966 2267 5020 etiam
2298 4966 2361 5021 de
2394 4969 2495 5023 vita
2530 4969 2873 5029 dubitaremus
2900 4976 2989 5046 (2.
3019 4976 3137 5032 Cor.
3170 4981 3465 5056 1;8.-10).

1858 5054 2056 5113 Vidisti
2086 5058 2376 5113 tenebras?
2417 5060 2524 5115 Sed
2557 5063 2656 5131 ipsi
2700 5065 2751 5119 in
2791 5068 2933 5121 nobis
2963 5086 3263 5140 responsum
3292 5054 3470 5130 mortis

1855 5149 2143 5215 habuimus,
2170 5167 2233 5206 ne
2251 5152 2622 5223 conﬁderemus
2648 5157 2700 5212 in
2728 5159 2872 5215 nobis
2899 5163 3043 5231 ipsis,
3068 5166 3157 5218 sed
3176 5167 3227 5221 in
3250 5166 3361 5225 Deo
3381 5170 3468 5240 qui

1853 5242 2062 5296 suscitat
2099 5256 2354 5311 mortuos,
2383 5249 2472 5318 qui
2510 5266 2573 5303 ea:
2616 5253 2769 5307 tantis
2812 5256 3057 5311 mortibus
3086 5258 3314 5315 liberavit
3354 5281 3470 5324 nos.

1856 5332 2048 5389 Vidisti
2075 5336 2349 5406 quomodo
2371 5340 2441 5394 sit
2467 5352 2652 5397 exorta
2677 5344 2765 5400 lux
2787 5345 2812 5401 ?
2835 5347 3128 5405 Considera
3159 5352 3260 5410 hoc
3293 5355 3470 5424 ipsum

1852 5428 2015 5484 etiam
2043 5429 2095 5483 in
2126 5430 2293 5486 tribus
2323 5434 2501 5503 pueris
2528 5434 2690 5508 (Dan.
2724 5439 2776 5493 5.
2798 5438 2913 5511 2i).
2941 5440 3073 5497 Cum
3103 5445 3245 5500 enim
3277 5463 3472 5519 exspe~

1854 5532 2066 5578 ctarent
2093 5521 2208 5579 fore
2237 5535 2295 5578 ut
2317 5538 2695 5597 exurerentur,
2729 5532 3074 5601 purissimum
3107 5552 3284 5594 rorem
3314 5554 3471 5595 asse.

1855 5614 2005 5683 qunti
2050 5624 2193 5670 sunt.
2239 5615 2471 5686 Idipsnm
2515 5622 2674 5675 ctiam
2716 5626 2897 5679 evenit
2932 5627 2982 5679 in
3027 5627 3244 5685 Daniele
3276 5633 3295 5702 (
3328 5629 3467 5690 Dan.

1857 5705 1909 5760 6.
1938 5706 2029 5773 22)
2050 5716 2102 5760 ct
2128 5707 2246 5763 aliis
2265 5709 2560 5779 prophetis.
2588 5714 2741 5779 Quod
2767 5717 2808 5768 si
2828 5715 2941 5772 Ιιέιεο
2973 5719 3103 5773 velis
3134 5722 3201 5775 ita
3230 5737 3470 5795 sumere,

1859 5808 1915 5852 ut
1940 5798 2005 5853 ad
2033 5799 2189 5855 aliam
2221 5800 2522 5857 refcrantur
2547 5820 2841 5877 anagogcn,
2874 5811 3078 5866 videbis
3108 5813 3209 5869 hoc
3233 5815 3350 5871 orbi
3375 5827 3472 5881 trr-

1858 5893 2037 5951 ritrum
2070 5895 2349 5953 accidisse.
2379 5894 2510 5952 Cum
2552 5900 2693 5953 t‘lllttl
2741 5903 2977 5960 tz'ncbrw
3015 5916 3211 5967 terram
3245 5920 3297 5967 ct
3324 5926 3474 5976 mare
