4156 6412
722 528 1063 595 occuparent,
1086 527 1139 571 et
1161 530 1313 570 error
1339 512 1533 581 ubique
1557 518 1699 564 esset
1720 506 1962 568 dill‘usus,
1988 503 2066 559 sol
2090 502 2308 571 justitire

725 629 787 671 ex
817 594 923 668 imo
946 621 1163 665 exortus
1188 617 1287 663 est.
1313 602 1571 672 Quoniam
1597 599 1738 655 enim
1767 608 1891 652 tunc
1919 597 2158 669 homines
2179 594 2311 650 endo

726 708 906 760 relicto
934 703 1097 757 Deum
1129 702 1180 755 in
1212 696 1367 752 terris
1403 680 1710 765 qua'rebant
1730 731 1745 757 ,
1777 704 1841 744 cx
1872 705 1937 741 eo
1968 689 2083 741 loco
2109 686 2186 740 eis
2215 701 2309 755 ap-

726 801 896 866 paruit
922 835 935 858 ,
967 810 1026 848 se
1054 792 1117 846 ad
1148 804 1331 845 eorum
1364 784 1778 841 imbecillitatem
1805 780 2093 836 demittcns
2113 819 2128 845 ,
2163 787 2219 833 ιιι
2243 775 2310 830 ad

722 887 1053 942 altitudinem
1082 882 1339 935 inﬁnitam
1368 875 1641 933 evelleret.

794 980 1155 1049 Argumentum
1208 969 1583 1026 resurrectionis
1640 966 1937 1019 maximum.
1991 993 2063 1007 --
2108 960 2311 1015 Miseri-

718 1087 853 1134 cors,
880 1081 927 1124 et
958 1070 1238 1132 miseratur,
1270 1073 1315 1117 et
1351 1064 1523 1133 justus
1569 1059 1815 1114 Dominus
1856 1058 2009 1111 Deus.
2050 1054 2309 1124 Quoniam

719 1165 855 1217 dixit
884 1162 997 1230 cjtts
1021 1158 1276 1228 justitiam
1319 1170 1563 1217 manere,
1594 1162 1647 1207 et
1689 1152 1781 1206 illo
1822 1151 1979 1203 modo
2004 1146 2311 1201 consolatus

720 1264 839 1312 est;
871 1252 1018 1305 undti
1043 1260 1219 1311 autem
1248 1243 1640 1307 misericordes,
1671 1251 1725 1296 et
1749 1240 1837 1311 qui
1868 1248 2010 1294 recte
2038 1238 2122 1293 hic
2149 1237 2308 1291 vitam

720 1354 913 1410 agunt,
940 1342 1203 1397 contraria
1232 1340 1319 1394 hic
1345 1338 1689 1407 experiuntur
1714 1354 1727 1390 :
1758 1333 1909 1389 affert
1933 1333 2089 1399 aliam
2118 1343 2310 1385 conso-

721 1438 969 1491 lationem
998 1434 1199 1495 dicens,
1236 1431 1542 1495 Misericors,
1576 1438 1621 1482 et
1648 1428 1928 1488 miseratur,
1961 1434 2006 1477 et
2038 1426 2210 1494 justus
2239 1430 2311 1476 est
2372 1480 2378 1486 ι

719 1516 970 1584 Dominus
1001 1544 1020 1582 :
1050 1526 1315 1597 duplicem
1357 1523 1478 1577 inde
1523 1522 1741 1576 eiiciens
1778 1516 2308 1573 demonstrationem.

719 1624 772 1679 Si
792 1623 929 1677 enim
944 1630 1025 1676 est
1043 1619 1362 1681 misericors,
1377 1617 1502 1670 etiis
1518 1613 1606 1684 qui
1629 1620 1866 1683 peccant,
1886 1609 2081 1680 swpius
2102 1610 2308 1663 veniam

721 1715 999 1780 concedit,
1030 1712 1197 1767 multo
1231 1711 1399 1780 magis
1437 1724 1530 1764 eos
1558 1707 1646 1777 qui
1678 1721 1737 1760 se
1775 1713 1918 1759 recte
1945 1714 2175 1773 gerunt,
2203 1716 2309 1754 non

722 1808 985 1876 relinquet
1000 1806 1369 1865 incoronatos,
1396 1810 1670 1870 postquam
1694 1798 1817 1852 hinc
1836 1796 2184 1851 excesserint.
2205 1793 2309 1848 Sed

720 1901 818 1953 etsi
851 1899 935 1951 hic
960 1912 1065 1951 non
1097 1895 1303 1959 reddat,
1332 1893 1548 1946 onmino
1579 1890 1685 1944 illic
1711 1888 1917 1942 reddet.
1946 1884 2150 1941 Deinde
2178 1885 2309 1938 sub-

716 1990 892 2060 juuxit
918 1991 1101 2053 etiam,
1124 1984 1301 2038 Justus
1324 1999 1343 2037 :
1366 1981 1505 2053 quod
1532 1982 1575 2035 si
1597 1979 1771 2051 justus
1794 1980 1881 2045 sit,
1910 1987 1967 2032 ut
1992 1987 2093 2042 est,
2123 1976 2313 2031 reddet

724 2069 1010 2152 unicuique
1030 2076 1327 2134 secundum
1359 2076 1567 2141 merita,
1600 2072 1804 2128 etiamsi
1834 2071 1920 2126 hi'c
1948 2085 2051 2125 non
2080 2068 2265 2125 reddat
2295 2087 2310 2123 :

721 2173 862 2245 quod
891 2184 970 2227 est
998 2170 1083 2226 vel
1126 2169 1412 2224 maximum
1454 2173 1819 2235 argumentum
1850 2162 2038 2217 futura:
2066 2175 2313 2216 resurre-

720 2266 934 2321 Ctiouis.
976 2261 1197 2331 Quando
1237 2260 1377 2316 enim
1426 2257 1573 2311 multi
1618 2272 1681 2310 ex
1728 2256 1790 2309 iis
1828 2256 1916 2324 qui
1955 2264 2080 2307 sunt
2117 2252 2313 2305 virtute

725 2355 931 2425 przediti
954 2396 967 2418 ,
996 2362 1287 2408 cernuntur
1325 2348 1464 2404 mala
1506 2348 1668 2401 multa
1699 2345 1973 2415 perpessi,
2004 2355 2057 2399 et
2087 2342 2313 2412 improbi

725 2451 941 2519 impune
970 2457 1024 2501 et
1048 2460 1232 2500 secure
1263 2444 1440 2499 vivere
1470 2458 1483 2494 :
1515 2439 1727 2494 ubinam
1773 2438 1993 2507 recipiet
2024 2436 2313 2505 unusquis-

725 2558 828 2613 que
860 2556 954 2609 pro
991 2538 1213 2601 meritis,
1244 2536 1286 2590 si
1326 2550 1430 2590 non
1459 2534 1527 2588 sit
1556 2531 1728 2586 futura
1760 2532 2098 2595 resurrectio,
2130 2538 2185 2586 et
2212 2526 2314 2582 alia

728 2634 855 2694 vita,
876 2629 1132 2699 judicium
1160 2637 1212 2681 et
1240 2623 1638 2680 remuneratio?
1668 2620 1865 2675 Deinde
1889 2620 2138 2688 quoniam
2160 2616 2318 2687 justi-

723 2724 813 2775 tizu
844 2720 1166 2775 mentionem
1206 2716 1401 2771 faciens
1421 2757 1437 2781 ,
1470 2715 1656 2769 terruit
1682 2711 1976 2767 auditorem
1996 2752 2009 2775 ,
2040 2720 2097 2764 ut
2124 2710 2214 2779 qui
2244 2710 2315 2763 sit

728 2813 1032 2868 redditurus
1060 2811 1318 2864 rationem
1358 2815 1735 2879 peccatorum,
1768 2805 1875 2859 cito
1905 2804 2056 2858 affert
2085 2804 2317 2858 medica-

726 2914 961 2979 mentum
983 2944 998 2968 ,
1036 2900 1217 2956 dicens
1250 2915 1262 2950 τ
1294 2900 1346 2954 5.
1391 2896 1661 2952 Iucundus
1692 2897 1840 2950 homo
1866 2896 1951 2965 qui
1983 2898 2243 2950 miseretur
2269 2904 2317 2948 et

729 2994 1033 3058 commodat,
1064 2993 1291 3059 disponet
1319 3006 1571 3045 sermones
1597 3006 1714 3044 suos
1743 2990 1793 3041 in
1813 2988 2031 3060 judicio.

799 3090 851 3143 4.
896 3085 1028 3142 Vide
1066 3095 1194 3155 quot
1244 3084 1458 3153 prtemia
1503 3083 1749 3153 proponit
1790 3081 1990 3135 homini
2019 3080 2265 3137 clementl
2298 3097 2314 3137 :

728 3182 866 3254 quod
896 3180 1097 3235 fructus
1122 3180 1236 3248 ejus
1267 3185 1479 3233 maneat
1517 3185 1775 3246 perpetuo
1794 3216 1809 3239 ,
1840 3174 1983 3244 quod
2014 3173 2317 3229 liberandus

730 3277 799 3328 sit
839 3289 867 3326 a
914 3272 1324 3333 imitationilius,
1368 3268 1509 3339 quod
1553 3267 1715 3323 Deum
1761 3266 2063 3321 imitaturus
2099 3266 2206 3331 sit;
2237 3274 2320 3320 est

722 3367 873 3419 enim
908 3367 1043 3417 lletts
1073 3362 1409 3424 misericors;
1439 3358 1580 3429 quod
1625 3369 1835 3428 peccata
1876 3358 1925 3413 ei
1970 3357 2077 3410 sint
2116 3356 2320 3411 condo-

722 3459 927 3515 nanda.
960 3457 1069 3513 lloc
1093 3455 1232 3510 enim
1261 3454 1358 3508 sibi
1388 3454 1495 3507 vult
1539 3451 1688 3518 illud,
1720 3449 2039 3519 Dispensabit
2066 3466 2320 3504 sermones

726 3568 849 3605 suos
874 3552 924 3603 in
942 3548 1181 3619 judicio;
1209 3545 1258 3599 id
1287 3552 1387 3611 est,
1415 3542 1775 3597 Patrocinium
1805 3549 2176 3611 consequetur,
2212 3555 2317 3595 non

729 3642 901 3696 dceril
926 3639 973 3694 ei
999 3637 1259 3701 defensio,
1287 3649 1390 3688 non
1419 3635 1522 3689 erit
1548 3634 1596 3689 ei
1626 3640 1749 3686 tunc
1777 3631 2169 3693 condenmatio,
2196 3645 2317 3685 cum

713 3738 1066 3804 ~cleemosyua
1106 3728 1470 3785 defensionem
1513 3727 1561 3782 ei
1603 3724 1823 3796 pulchre
1849 3733 2141 3800 comparpt.
2172 3723 2321 3777 Alius

716 3839 906 3885 autem
938 3826 1201 3895 interpres
1227 3823 1359 3879 dixit
1386 3840 1399 3876 :
1433 3820 1745 3891 Dispensans
1781 3833 1861 3871 res
1888 3832 2007 3870 suas
2034 3832 2147 3869 cum
2166 3816 2319 3885 judi-

702 3910 830 3977 lcio.
865 3922 977 3975 lloc
1004 3928 1106 3984 est,
1128 3917 1358 3972 Fruetur
1383 3927 1571 3985 magna
1601 3911 1969 3982 proSperitate,
2004 3908 2134 3963 nihil
2161 3909 2229 3963 ab
2254 3924 2320 3963 eo

723 4014 1050 4082 suscipietur
1074 4008 1215 4080 quod
1240 4010 1310 4063 sit
1333 4004 1619 4061 absurdum
1649 4013 1700 4058 et
1722 3995 1981 4067 'alienum,
2008 4008 2065 4054 ut
2090 4000 2178 4070 qui
2207 3999 2321 4055 fue-

731 4109 811 4163 rit
836 4108 1068 4176 optimus
1104 4104 1454 4174 dispensator.
1484 4096 1581 4166 Qui
1613 4097 1754 4150 enim
1787 4104 1867 4147 est
1901 4093 2132 4149 crudelis
2156 4103 2209 4148 et
2236 4093 2316 4148 in-

733 4203 1029 4261 humanus,
1056 4207 1109 4253 et
1147 4192 1508 4249 misericordia
1549 4204 1654 4244 non
1695 4197 1971 4251 movetur,
2004 4195 2088 4241 est
2125 4202 2153 4239 a
2194 4199 2319 4239 vera

734 4290 1075 4363 diSpensaudi
1121 4289 1326 4343 ratione
1368 4286 1595 4339 alienus.
1633 4280 1771 4349 Quid
1814 4279 1953 4370 enim
2001 4278 2166 4347 possit
2201 4290 2321 4331 esse

734 4387 838 4439 hoc
863 4382 1093 4453 gravius,
1125 4393 1281 4448 quam
1310 4391 1430 4430 cum
1462 4374 1504 4428 is
1535 4375 1623 4443 qui
1654 4382 1736 4426 est
1759 4367 1997 4424 aditurus
2026 4367 2319 4440 periculum

734 4476 957 4537 aninue,
994 4470 1230 4542 pecuniis
1261 4466 1463 4537 parcit,
1494 4474 1549 4520 et
1593 4462 1738 4517 illam
1778 4457 2035 4529 negiigit'!
2062 4457 2318 4525 Quocirca

732 4567 975 4624 Christus
996 4574 1205 4634 quoque
1234 4558 1379 4613 illum
1406 4555 1638 4611 laudavit
1664 4565 2023 4614 meetiomum,
2047 4548 2134 4620 qui
2157 4564 2321 4619 quan-

732 4658 804 4713 do
830 4665 945 4710 erat
973 4651 1242 4708 vocandus
1276 4649 1327 4702 in
1363 4645 1657 4719 periculum
1685 4684 1699 4707 ,
1726 4640 2011 4697 schedulas
2038 4638 2274 4694 dissolvit
2298 4678 2314 4705 ,

734 4761 789 4805 et
814 4749 971 4804 deeo
995 4742 1456 4817 quod‘debebatur
1492 4738 1705 4795 rescidit
1737 4734 1904 4806 (Luc.
1934 4733 2022 4791 l6.
2050 4732 2140 4803 8).
2174 4733 2319 4801 Quo-

735 4840 895 4896 modo
918 4837 1060 4893 enim
1092 4851 1195 4890 non
1218 4841 1300 4888 est
1320 4826 1625 4895 absurdum,
1656 4839 1709 4881 ut
1734 4828 1822 4898 qui
1855 4826 1906 4880 in
1933 4822 2183 4896 praesenti
2204 4824 2324 4893 qui-

733 4936 855 4989 dem
888 4932 992 4985 vita
1030 4939 1154 4983 sunt
1194 4928 1244 4982 iu
1284 4924 1522 4997 periculo
1542 4964 1556 4986 ,
1588 4921 1764 4975 omnia
1791 4934 1884 4975 sua
1916 4915 2238 4988 profundant
2265 4925 2323 4971 ut

736 5025 1026 5097 periculum
1050 5021 1313 5077 redimaut
1336 5036 1350 5073 :
1374 5032 1495 5073 cum
1516 5024 1693 5069 autem
1714 5011 2003 5067 veniant‘in
2025 5009 2321 5081 periculum

737 5135 804 5173 ue
825 5115 1097 5172 tradantur
1120 5110 1400 5181 supplicio,
1426 5125 1529 5163 non
1553 5114 1768 5161 utantur
1785 5103 1970 5159 eadem
1986 5101 2322 5175 oeconomia?

728 5212 802 5267 Et
832 5212 949 5266 ideo
974 5208 1284 5280 prudentem
1308 5204 1731 5273 dispensatorem
1753 5197 1882 5253 dicit
1902 5194 2319 5263 misericordem,

735 5314 795 5359 ut
820 5302 908 5372 qui
940 5298 1100 5355 multa
1122 5297 1313 5368 paucis
1337 5304 1479 5351 emat
1496 5336 1510 5357 ,
1544 5290 1783 5363 pecuniis
1808 5289 1996 5344 caelum
2018 5330 2031 5353 ,
2062 5297 2210 5342 veste
2235 5302 2321 5342 re—

736 5409 922 5468 gnum,
952 5397 1085 5462 pane
1109 5400 1164 5446 et
1190 5388 1377 5459 poculo
1395 5386 1607 5455 frigidm
1634 5384 1769 5437 bona
1799 5381 1994 5437 futura.
2016 5379 2153 5447 Quid
2178 5383 2321 5435 enim

727 5484 966 5542 conferri
1004 5491 1180 5555 potest
1205 5495 1327 5535 cum
1358 5478 1467 5534 hac
1496 5474 1891 5546 dispensatione
1911 5514 1928 5540 ,
1962 5472 2174 5543 quando
2205 5476 2324 5543 quis

727 5595 799 5636 ea
842 5579 975 5635 dans
1002 5592 1123 5647 quze
1162 5581 1420 5646 pereunt,
1449 5570 1635 5634 linunt,
1680 5577 1736 5624 et
1782 5567 2069 5629 intereunt,
2105 5578 2169 5620 ea
2203 5581 2325 5636 qua:

714 5679 866 5731 ,νωιιι
890 5668 1084 5735 futura,
1113 5676 1171 5724 et
1196 5680 1316 5737 quae
1348 5674 1471 5719 sunt
1499 5660 1785 5717 immobilia
1813 5659 2025 5728 accipit,
2052 5663 2107 5709 et
2140 5672 2233 5727 per
2262 5672 2325 5713 ea

742 5760 1066 5833 inpmsenti
1093 5759 1197 5813 vita
1221 5758 1506 5812 securitate
1534 5750 1761 5808 fruitur?
1790 5751 1913 5807 Ideo
1938 5752 2087 5817 dicit,
2117 5749 2327 5820 Dispen-

723 5854 866 5910 sabs't
890 5868 1140 5911 sermones
1162 5868 1278 5907 suos
1306 5850 1357 5905 in
1380 5854 1595 5925 judicio.
1614 5851 1737 5921 γει,
1766 5861 1818 5908 ιιι
1847 5854 1979 5911 alius
2001 5852 2131 5908 dixit
2156 5849 2322 5910 inter-

1434 399 1491 457 S.
1531 394 1805 452 JOANNlS
1842 389 2319 448 υιιῐιῖδοετυιιι
2364 388 2676 442 AllClllEP.
2708 388 3238 445 CONSTANTINOP.

3907 390 4050 444 ξω

2420 514 2560 568 pres,
2593 498 2900 569 Dispensans
2926 518 3003 553 res
3033 518 3151 556 suos
3176 518 3289 555 cum
3312 500 3523 569 judicio.
3550 500 3604 555 In
3627 517 3861 569 quonam
3888 503 4053 557 dicit

2411 592 2631 659 judicio,
2658 591 2756 643 nisi
2790 593 2838 643 in
2866 591 2953 647 die
2983 592 3200 647 futuro?
3225 592 3319 647 Vel
3344 591 3472 646 dicit
3498 607 3619 645 eum
3647 592 3807 646 etiam
3836 595 4050 647 ouis-ia

2415 698 2506 736 sua
2537 684 2736 753 optime
2765 683 3279 749 administraturum,
3304 699 3403 739 nec
3426 684 3660 739 futurum
3688 685 3739 739 in
3762 685 3844 739 eis
3862 685 4052 755 quid—

2417 791 2571 843 quam
2612 775 2889 830 cOufnsum
2917 816 2931 842 ,
2970 774 3062 830 sed
3105 776 3283 830 omnia
3333 776 3448 831 fore
3488 777 3676 831 ordine
3713 778 3990 832 collocata
4021 819 4046 843 ,

2414 871 2699 940 omniaque
2726 880 2870 924 recta
2902 870 2983 922 via
3011 878 3066 925 et
3097 870 3475 939 consequentia
3510 885 3823 939 processura
3845 911 3861 934 ,
3894 870 4047 924 nul-

2415 962 2517 1016 lam
2552 963 2663 1014 lore
2692 961 2740 1012 iu
2773 960 2851 1013 eis
2882 961 3360 1029 perturbationem,
3385 961 3589 1014 nullum
3617 961 3899 1029 strepitum
3923 970 4048 1014 aut

2416 1051 2699 1105 tumultum
2720 1092 2734 1116 ,
2767 1066 2886 1105 cum
2929 1050 3269 1121 eleemosyna
3300 1049 3490 1104 reddat
3523 1050 3601 1105 eis
3630 1052 3807 1104 omnia
3842 1050 4045 1107 facilia

2414 1152 2468 1197 et
2488 1144 2755 1211 expedita.
2778 1142 2929 1209 Quod
2951 1144 3109 1195 etiam
3135 1141 3365 1197 reddens
3387 1142 3716 1197 manifestius
3745 1143 4045 1212 interpres

2414 1235 2550 1289 alius
2579 1235 2710 1288 dixit
2740 1251 2753 1287 :
2786 1233 3102 1303 Dispensans
3131 1250 3212 1287 res
3246 1250 3367 1288 suas
3399 1250 3515 1287 cum
3544 1234 3762 1304 judicio.
3792 1233 3844 1289 Is
3871 1234 4041 1288 enisn

2413 1338 2499 1384 est
2537 1327 2841 1382 misericors
2865 1369 2880 1391 ,
2910 1328 2997 1397 qui
3034 1342 3124 1403 res
3163 1340 3288 1380 suas
3316 1340 3436 1380 curn
3467 1325 3665 1396 judicio
3692 1325 3973 1395 dispensat
4013 1342 4036 1379 :

2415 1431 2471 1475 ut
2500 1422 2636 1475 alius
2666 1422 2842 1490 quivis
2873 1431 2955 1474 est
2992 1419 3161 1475 fructu
3192 1433 3413 1484 vacuus,
3436 1420 3524 1488 qui
3563 1428 3647 1473 est
3681 1435 3711 1471 a
3742 1434 3871 1473 vera
3900 1420 4043 1474 dis-

2414 1513 2675 1583 pensandi
2743 1514 2950 1567 ratione
3005 1511 3233 1567 alicuus.
3270 1511 3324 1566 6.
3371 1512 3504 1576 Quia
3540 1512 3593 1565 iu
3635 1521 3879 1565 (sternunt
3916 1529 4040 1567 non

2415 1604 2819 1658 commovebitur.
2852 1603 2953 1672 Qui
2990 1611 3167 1673 potest
3194 1601 3423 1658 conferri
3453 1617 3573 1658 cum
3606 1603 3703 1656 hac
3738 1604 4040 1673 dispensa-

2417 1695 2560 1750 tione
2584 1736 2599 1760 ,
2631 1694 2844 1764 quando
2881 1695 3001 1763 quis
3044 1696 3203 1750 talem
3241 1697 3380 1749 viam
3423 1695 3717 1760 invenerit,
3744 1711 3867 1764 quo:
3894 1711 4038 1750 eum

2416 1788 2607 1842 liberet
2645 1787 2712 1841 ab
2739 1788 3023 1857 inopinatis
3051 1788 3295 1853 casibus,
3323 1794 3379 1840 et
3404 1794 3551 1840 extra
3582 1787 3704 1839 vita:
3731 1786 3927 1839 ﬂuetus
3965 1786 4037 1839 in

2417 1888 2569 1946 portu
2600 1879 2889 1933 conitituat
2912 1919 2926 1941 ,
2954 1894 3018 1932 ac
3047 1894 3169 1933 cmn
3210 1878 3278 1932 sit
3322 1878 3482 1931 homo
3503 1917 3521 1943 ,
3553 1875 3682 1930 nihil
3721 1876 4034 1931 humanum

2415 1970 2697 2035 sustineat,
2724 1970 2806 2024 vel
2834 1970 3093 2024 sustineat
3116 1970 3356 2040 quidem,
3384 1967 3477 2023 sed
3508 1983 3841 2037 nequaquam
3867 1983 4039 2023 ever-

2419 2063 2594 2116 tatur?
2638 2063 2747 2116 lloc
2792 2070 2873 2116 est
2911 2063 3054 2115 enim
3096 2059 3438 2121 admirabile.
3480 2059 3692 2128 quando
3733 2072 3842 2113 neu
3880 2059 4037 2113 cedis

2418 2152 2800 2207 teutationibus
2826 2165 2925 2205 nec
2958 2150 3026 2205 ab
3054 2151 3131 2205 eis
3160 2150 3532 2220 prosternitur.
3564 2148 3701 2216 Quid
3730 2147 3897 2202 vero?
3928 2164 4037 2202 an-

2417 2261 2524 2299 non
2554 2245 2806 2300 commoti
2848 2251 2973 2298 sunt
3011 2242 3161 2296 multi
3202 2241 3614 2296 misericordes?
3648 2240 4034 2311 Nequaquam.

2418 2336 2550 2391 Nam
2578 2336 2675 2391 etsi
2706 2350 2966 2406 pauperes
2995 2332 3117 2389 facti
3148 2334 3254 2387 sint
3274 2374 3289 2398 ,
3313 2341 3367 2387 et
3394 2332 3458 2386 ad
3487 2342 3780 2387 extremam
3806 2330 3933 2385 dedi
3952 2330 4038 2387 eti

2421 2430 2846 2495 mendicitatem,
2873 2440 3029 2500 atque
3059 2429 3111 2483 in
3142 2443 3410 2482 aerumnas
3441 2436 3493 2481 et
3522 2427 3854 2481 calamitates
3886 2426 4036 2481 inci-

2422 2522 2617 2588 derint,
2647 2521 2866 2576 minime
2894 2532 3067 2576 tamen
3095 2520 3269 2575 eversi
3301 2529 3425 2574 sunt
3455 2536 3469 2572 :
3498 2518 3791 2589 cogitantes
3815 2533 3878 2572 ea
3904 2533 4037 2588 qua

2420 2630 2450 2670 a
2478 2630 2537 2671 se
2564 2615 2700 2670 facta
2736 2622 2860 2669 sunt
2889 2615 2965 2685 (α)
2986 2657 3001 2681 ,
3033 2613 3125 2668 Dei
3158 2613 3583 2668 benevolentiam
3618 2621 3673 2666 et
3712 2611 4033 2683 prsesidium

2418 2710 2484 2763 ad
2514 2722 2574 2763 se
2600 2706 2960 2771 attrahentes,
2991 2716 3044 2761 et
3068 2704 3297 2760 validam
3328 2705 3560 2775 aliquam
3591 2704 3895 2775 fortemque
3924 2720 4034 2759 an-

2420 2816 2601 2857 coram
2626 2841 2639 2865 ,
2684 2815 2876 2869 nempe
2918 2799 3108 2853 bonam
3140 2798 3521 2853 conscientiam
3546 2839 3563 2864 ,
3594 2797 3871 2852 habentes.
3904 2796 4032 2852 Non

2420 2892 2554 2949 dixit
2584 2894 2761 2963 itaque
2780 2934 2795 2958 ,
2823 2892 3034 2947 lnsidiis
3063 2908 3168 2948 nou
3198 2900 3539 2961 appetentur,
3570 2891 3693 2953 sed,
3726 2890 3841 2945 Non
3870 2905 4033 2945 com—

2423 2986 2796 3042 movebuntur.
2840 2986 2991 3054 Quod
3030 2990 3189 3040 etiam
3221 2986 3356 3040 dixit
3382 2986 3629 3040 Christus
3665 2985 3734 3041 de
3776 2985 3900 3049 illo,
3933 2986 4031 3056 qui

2422 3078 2703 3135 ardilicavit
2731 3094 2889 3148 supra
2916 3091 3119 3149 petram
3147 3079 3361 3151 (Matth.
3386 3079 3437 3132 7.
3460 3077 3555 3150 ‘25)
3581 3096 3595 3133 :
3620 3094 3724 3134 non
3746 3080 3888 3150 quod
3918 3096 4030 3135 non

2422 3174 2493 3229 sit
2528 3182 2896 3241 tempestatem
2938 3187 3192 3243 passurus
3211 3215 3225 3239 ,
3253 3172 3346 3227 sed
3375 3173 3518 3242 quod
3542 3173 3703 3227 etiam
3731 3183 4034 3241 tempesta.

2425 3276 2531 3323 tem
2569 3268 2870 3332 sustinens,
2902 3266 3124 3321 minime
3161 3267 3230 3320 sit
3263 3267 3602 3322 avertendus.
3633 3265 3747 3321 Hoc
3770 3255 3853 3321 est
3877 3268 4031 3324 enim

2424 3358 2757 3422 admirabile,
2782 3373 2887 3413 non
2912 3356 3122 3429 quando
3144 3357 3476 3411 cessantibus
3497 3356 3883 3412 tentatiouibus
3908 3372 4033 3413 om-

2422 3449 2582 3504 nibus
2610 3450 2661 3503 in
2694 3458 2807 3503 tuto
2834 3448 3025 3514 fuerit,
3058 3448 3151 3504 sed
3187 3448 3402 3519 quando
3433 3447 3880 3518 frequentissimis
3906 3463 4033 3505 ma-

2422 3542 2596 3597 chinis
2624 3542 2915 3611 impetitus,
2950 3549 3206 3609 perpetuo
3235 3540 3470 3595 manebit
3498 3539 3805 3594 immobilis.
3839 3539 4033 3611 Neque

2424 3634 2566 3687 enim
2597 3632 2707 3687 iieri
2736 3641 2930 3702 potest,
2960 3640 3017 3685 ut
3044 3631 3220 3685 anima
3254 3630 3404 3686 dives
3435 3629 3800 3686 misericordia
3828 3630 4034 3687 obrua-

2406 3716 2512 3778 tur
2538 3738 2786 3794 umquam
2814 3724 3113 3793 a-gravibus
3143 3722 3304 3775 animi
3334 3721 3838 3791 perturbationibus.
3866 3722 3923 3779 7.
3959 3722 4033 3779 In

2424 3816 2670 3869 memoria
2705 3824 2896 3869 eterna
2928 3815 3020 3867 erit
3044 3816 3239 3883 justus.
3267 3811 3403 3867 Vide
3433 3812 3603 3881 ipsum
3632 3828 3737 3867 non
3766 3813 3943 3868 solum
3972 3816 4032 3869 in

2426 3916 2666 3977 tempore
2697 3908 2837 3971 vitae,
2868 3907 2959 3960 sed
2988 3907 3149 3961 etiam
3184 3914 3300 3975 post
3332 3913 3561 3960 mortem
3590 3904 3893 3973 complures
3923 3905 4029 3960 do-

2425 4014 2550 4054 cere
2576 4009 2633 4053 et
2660 4000 2956 4053 instituere.
2983 3986 3263 4064 Quomodo
3291 4012 3419 4068 ergo
3446 3997 3575 4052 dum
3606 3998 3763 4063 vivit,
3794 3999 4031 4068 patietur

2425 4091 2623 4161 aliquid
2653 4090 2801 4155 mali,
2829 4090 3042 4159 quando
3067 4090 3228 4145 etiam
3254 4090 3491 4146 moriens
3519 4099 3602 4145 est
3626 4090 3746 4145 aliis
3771 4091 4033 4162 magister

2428 4182 2864 4252 tranquillitatis?
2902 4180 2967 4237 Ut
2997 4182 3138 4236 enim
3182 4183 3353 4237 sciant
3380 4182 3466 4237 vel
3502 4183 3593 4253 qui
3633 4185 4031 4242 suntmaxime

2426 4275 2706 4339 increduli,
2742 4274 2968 4328 fructum
2996 4274 3113 4342 ejus
3148 4288 3365 4328 manere
3393 4274 3747 4329 immortalem
3774 4274 3825 4329 in
3852 4275 4025 4341 exulis,

2426 4366 2554 4427 hinc
2580 4366 2669 4421 dat
2694 4364 2811 4435 ejus
2837 4364 2911 4420 rei
2944 4364 3324 4435 experientiam
3358 4385 3371 4420 :
3399 4364 3614 4419 defosso
3637 4366 3779 4419 enim
3805 4378 3856 4421 et
3880 4376 4023 4426 terra

2425 4463 2618 4516 obruto
2642 4450 2885 4530 corpore,
2915 4458 3170 4514 memoria
3195 4459 3311 4527 ejus
3338 4458 3533 4528 ubique
3557 4458 3948 4514 circumfertur.

2512 4554 2679 4608 Virtus
2702 4570 2851 4625 quam
2880 4553 3077 4623 eﬂicax.
3100 4582 3169 4592 —
3197 4552 3340 4606 Talis
3382 4564 3461 4606 est
3503 4553 3714 4607 virtutis
3739 4557 3971 4624 potentia
4004 4574 4019 4609 :

2427 4665 2533 4704 non
2574 4647 2717 4704 cedit
2763 4647 3009 4717 temperi,
3042 4661 3147 4700 non
3194 4644 3477 4699 marcescit
3512 4643 3874 4700 diuturnita'e.
3911 4646 4021 4703 Hoc

2427 4756 2604 4798 autem
2634 4739 2693 4795 lit
2727 4748 2936 4811 propter
2972 4738 3200 4794 salutem
3247 4738 3509 4792 malorum
3544 4738 3582 4791 ⁸.
3617 4737 3693 4795 liii
3733 4741 3883 4811 enim
3913 4756 4020 4795 non

2429 4834 2626 4888 habent
2661 4807 2796 4903 opus
2829 4807 2999 4885 laude
3043 4828 3315 4883 hominum
3350 4848 3364 4885 :
3394 4830 3483 4900 qui
3528 4840 3707 4885 autem
3740 4807 3924 4885 vivunt
3968 4834 4019 4887 in

2425 4928 2660 4999 nequitia
2678 4970 2694 4993 ,
2723 4927 2828 4981 illis
2855 4934 3015 4995 egent
3060 4923 3318 4980 encomiis
3341 4965 3358 4991 ,
3386 4934 3446 4979 ut
3495 4939 3562 4981 ex
3607 4923 3763 4979 laude
3787 4939 3973 4980 eorum
3988 4970 4015 4995 _,

2491 5175 2521 5237 εί
2544 5171 2657 5233 Alii,
2682 5169 3118 5237 proptersatutem
3158 5170 3436 5220 timuerim.
3474 5170 3721 5237 Salvos,
3746 5168 4020 5231 malorum,

2428 5228 2832 5299 meliusquadrat
2850 5233 2910 5281 ad
2934 5235 3120 5283 seriem
3138 5268 3153 5291 ,
3176 5240 3237 5281 ut
3255 5245 3320 5282 ex
3340 5228 3669 5295 sequentibus
3694 5230 3862 5299 liquet.

2494 5300 2568 5362 (a)
2600 5293 2848 5362 lucraeeo,
2871 5307 3068 5354 ιννωι-ιηις
3085 5307 3134 5345 τι
3157 5307 3369 5362 ιιηυιιιῃ
3389 5293 3525 5353 ιιῐτοις.
3546 5302 3689 5344 Porro
3718 5293 3823 5345 inec
3840 5293 4018 5362 du].licl

2428 5354 2574 5411 modo
2596 5357 2825 5419 intelligi,
2848 5364 3046 5419 possunt
3068 5371 3083 5407 :
3110 5354 3497 5419 vel.'r09itautes
3518 5369 3576 5407 ea
3598 5370 3725 5419 mue
3741 5370 3773 5406 α
3804 5369 3857 5407 se
3889 5354 4017 5419 facta

2428 5429 2556 5490 sunt,
2581 5429 2637 5471 ut
2647 5417 2796 5490 vertit
2806 5417 3081 5490 latentes,
3090 5418 3195 5490 vel,
3217 5417 3478 5490 cogitantes
3490 5417 3619 5490 qua;
3632 5417 3726 5469 sibi
3739 5426 3881 5490 ,haut,
3890 5417 4017 5490 erga

2430 5499 2482 5538 se
2504 5478 2635 5548 facta
2656 5488 2782 5548 sunt.
2809 5478 2976 5548 neque
2998 5478 3138 5548 facile
3158 5478 3426 5548 estdicere
3451 5478 3557 5529 utra
3579 5480 3839 5548 sitmelior
3866 5478 4013 5548 inter-

2454 5540 2657 5597 iretatio.
2680 5545 2724 5593 Si
2750 5540 2911 5607 prioré
2932 5543 3071 5592 modo
3093 5540 3360 5604 intelligas,
3382 5555 3561 5607 sensus
3584 5545 3678 5593 erit
3701 5552 3828 5607 {non
3852 5543 4013 5607 tiu-tto.

2467 5616 2610 5659 imtur
2640 5603 2775 5669 gestis
2797 5618 2885 5654 sua
2904 5617 3067 5669 secant
3091 5603 3385 5669 reputantes,
3408 5603 3552 5669 baut,
3565 5604 3869 5669 conscientia,-
3890 5605 4013 5657 mu;

2433 5669 2592 5722 monia
2611 5666 2909 5735 gaudentes;
2931 5666 3267 5739 posteriore
3280 5704 3296 5723 ,
3318 5668 3390 5716 sic
3406 5667 3738 5738 accipiendum
3760 5668 3855 5717 erit
3879 5681 3903 5737 :_
3921 5675 4012 5717 ,ναι

2433 5730 2846 5793 cammvebmttur
2876 5734 3137 5793 {Ws
3174 5727 3367 5793 solum:
3392 5736 3480 5778 Det
3521 5741 3638 5793 ergo
3669 5743 3721 5780 se
3751 5729 4011 5786 timenem-

2433 5782 2553 5867 ts'om
2570 5782 2672 5867 ,ξε
3244 5790 3379 5844 bonis
3410 5804 3503 5857 par
3526 5782 3617 5844 ι’ἱὶ
3637 5804 3822 5855 mter
3846 5782 4011 5855 duim

2438 5864 2529 5912 Des
2548 5864 2867 5923 patrwumtm
2884 5864 3151 5923 sperum“.
