4154 6434
175 376 279 441 υῖ

176 506 291 561 «με
316 482 592 560 praelate
615 482 689 537 ab
727 479 850 537 aliis
890 484 1042 549 gesta
1075 480 1222 536 sunt,
1251 467 1382 523 fiant
1411 460 1625 561 virtutis
1670 465 1787 513 stu-

507 586 569 633 et
606 571 902 645 aliquando
945 568 1240 623 liberentur
1266 577 1297 617 a
1328 558 1481 615 vitio.
1514 552 1617 612 Ubi
1660 556 1788 606 sunt

179 686 304 742 ego
322 671 423 742 qui
448 668 705 739 sepulcra
733 671 1047 733 sumptuosa
1074 655 1361 717 aediﬁcant,
1394 650 1645 719 aedesque
1668 659 1788 700 ms-

179 762 401 835 gniﬁcas
422 756 718 817 excitant?
749 752 983 809 Audiant
1015 748 1141 821 quid
1164 750 1565 831 monumentum
1597 750 1789 810 perpe-

182 865 326 909 tuum
354 850 589 908 efﬁciat.
619 847 737 904 Non
768 842 1002 914 lapidum
1025 836 1323 896 exstructio
1341 876 1357 900 ,
1382 847 1487 889 nec
1512 840 1787 886 murorum

182 944 414 1000 malitis
458 950 532 998 et‘
548 950 758 1001 turres,
787 932 883 992 sed
928 931 1192 989 bonorum
1236 939 1458 998 Operam
1504 918 1785 977 exhibitio.

184 1035 306 1092 hc
343 1043 538 1088 autem
567 1028 717 1100 ponit
754 1033 973 1098 propter
1017 1035 1115 1080 eos
1141 1020 1232 1091 qui
1272 1024 1398 1073 sunt
1424 1012 1581 1069 valde
1609 1011 1787 1066 incre-

180 1130 285 1186 duli
304 1169 321 1187 .
343 1135 407 1183 et
446 1124 631 1180 futura
660 1135 767 1175 non
793 1115 1109 1179 attendunt,
1145 1120 1203 1167 ut
1229 1125 1350 1166 cum
1376 1124 1407 1164 a
1436 1100 1789 1178 praesentibus

182 1230 235 1278 et
258 1220 323 1276 iis
340 1234 471 1291 ipse
497 1224 763 1285 apparent
789 1225 885 1268 eos
908 1201 1457 1272 abduxerit,deducat
1476 1198 1546 1291 ad
1570 1196 1744 1251 futura
1769 1211 1783 1245 :

183 1322 232 1368 et
259 1289 473 1380 alioqui
499 1304 744 1363 ostendit
772 1302 1046 1363 virtutem,
1077 1305 1134 1352 ut
1155 1310 1299 1365 sarpe
1325 1291 1455 1355 dixi.
1477 1289 1637 1347 etiam
1665 1294 1790 1380 ante

185 1401 266 1459 ﬂia
311 1375 591 1471 puerilia,
617 1394 819 1449 habere
848 1391 905 1446 in
951 1389 1126 1459 seipsa
1168 1382 1681 1443 remunerationem.
1713 1375 1789 1431 Ab

182 1487 608 1547 «mm
629 1501 731 1540 non
756 1482 966 1538 timebit.
994 1479 1164 1547 Alius,
1194 1475 1448 1532 Nuntium
1476 1472 1667 1527 malum
1687 1484 1791 1524 non

182 1582 389 1637 timebit.
419 1574 889 1649 Quemadmodum
915 1585 1020 1627 non
1057 1568 1192 1624 dixit
1214 1565 1465 1637 superius
1488 1605 1504 1631 ,
1531 1576 1654 1619 eum
1683 1575 1789 1616 non

181 1688 299 1732 asc
348 1668 657 1743 petendum
696 1664 906 1722 insidiis
927 1702 945 1730 ,
977 1660 1073 1717 sed
1111 1658 1322 1716 insidiis
1356 1655 1651 1727 appetitum
1682 1666 1790 1708 non

182 1780 299 1821 esse
331 1757 802 1819 commovendum
835 1773 851 1811 :
882 1754 953 1809 ita
981 1752 1070 1809 hic
1109 1751 1271 1807 etiam
1294 1760 1427 1803 .non
1469 1744 1637 1811 dicit,
1668 1758 1790 1798 eum

183 1872 283 1912 sou
306 1868 439 1911 esse
465 1850 784 1907 auditurum
811 1844 1012 1901 malum
1037 1842 1285 1899 nuntium
1306 1880 1323 1908 ,
1354 1838 1450 1895 sed
1477 1834 1787 1892 audientem

182 1948 405 2005 nisime
433 1941 875 2000 lormndaturum.

246 2041 303 2097 5.
326 2040 407 2094 At
428 2036 527 2108 qui
557 2035 671 2098 lict,
694 2042 752 2087 ut
777 2045 886 2086 non
912 2025 1160 2085 formidet
1175 2024 1201 2077 τ
1221 2024 1348 2093 Sive
1374 2021 1573 2078 bellum
1601 2015 1794 2075 viderit

183 2130 515 2198 adventare,
564 2130 687 2182 sive
738 2131 898 2179 terra
927 2127 1131 2175 motum
1164 2115 1359 2189 oppida
1385 2115 1599 2171 diruere
1618 2153 1634 2181 ,
1672 2115 1795 2168 sive

186 2224 424 2279 latrones
471 2228 534 2275 et
565 2230 843 2273 murorum
890 2212 1177 2270 efl'ossores
1203 2209 1380 2265 omnia
1410 2208 1656 2277 eripere,
1679 2204 1793 2260 sive

186 2312 444 2368 barbarus
489 2308 839 2364 incursimies
888 2304 1101 2367 facere,
1125 2303 1241 2357 sive
1268 2300 1515 2355 morbum
1562 2304 1793 2353 mortem

184 2403 418 2461 minitari
444 2444 463 2470 ,
491 2402 613 2457 sive
641 2400 775 2454 iram
796 2396 994 2467 judicis
1018 2436 1035 2461 ,
1066 2395 1179 2450 sive
1202 2391 1578 2464 quodcumque
1606 2387 1753 2444 aliud
1774 2428 1791 2455 ,

186 2498 407 2554 ninirne
448 2494 810 2554 extimescet;
842 2503 968 2544 suas
994 2484 1137 2544 enim
1182 2500 1314 2557 opes
1349 2492 1507 2538 antea
1548 2480 1798 2551 deposuit

186 2590 235 2645 in
271 2589 398 2644 loco
439 2584 751 2647 tutissimo,
785 2589 842 2638 et
868 2595 937 2636 ex
973 2593 1081 2650 quo
1124 2592 1229 2633 non
1278 2562 1503 2647 possunt
1529 2572 1661 2643 eripi
1694 2590 1709 2626 :
1741 2580 1798 2627 et

185 2680 501 2738 inminente
547 2684 724 2731 morte
751 2689 858 2731 non
907 2671 1066 2726 modo
1096 2685 1203 2725 non
1234 2667 1422 2723 metuit
1453 2707 1468 2731 ,
1491 2665 1586 2721 sed
1631 2664 1792 2720 etiam
1842 2694 1843 2697 η

186 2772 402 2829 festinat
424 2767 833 2842 quamprimum
865 2763 917 2819 in
939 2777 1002 2817 ca
1026 2762 1138 2818 loca
1187 2758 1484 2816 concedere
1504 2800 1520 2823 ,
1552 2756 1639 2811 ubi
1669 2762 1798 2812 sunt

180 2864 297 2933 eius
320 2875 569 2917 merces.
596 2856 698 2914 Ubi
720 2865 797 2911 est
822 2856 963 2911 enim
986 2855 1252 2908 thesaurus
1282 2849 1536 2914 hominis,
1568 2848 1678 2903 illic
1705 2863 1796 2911 cor

185 2959 292 3028 ejus
318 2953 549 3027 (lauit.
584 2950 642 3008 ϐ.
670 2949 787 3019 2i).
808 2947 941 3003 Nam
984 2946 1029 3000 si
1057 2952 1408 3028 mercatores,
1446 2942 1535 3012 qui
1574 2939 1793 2997 domum

186 3048 348 3107 multa
374 3058 554 3102 onera
582 3040 980 3112 praemiserunt,
1003 3043 1295 3109 properant
1323 3033 1563 3104 quntidie
1587 3041 1645 3087 ut
1668 3046 1797 3087 suas

188 3140 401 3195 videant
422 3135 688 3191 divitias:
716 3130 887 3186 multo
907 3129 1077 3196 magis
1104 3126 1211 3189 hic,
1234 3125 1325 3195 qui
1357 3126 1408 3178 in
1437 3123 1587 3178 czelis
1605 3137 1798 3179 oniues

188 3244 308 3286 suas
328 3225 627 3283 facultates
654 3232 811 3278 antea
833 3219 1118 3291 deposuit,
1142 3218 1289 3273 volet
1311 3232 1341 3269 a
1365 3215 1527 3272 rebus
1558 3229 1796 3285 praesen-

190 3321 326 3377 tibus
352 3317 588 3372 avulsus
629 3312 699 3368 ad
727 3309 938 3367 futuras
983 3307 1263 3364 festinare.
1294 3305 1433 3362 Nihil
1460 3320 1592 3377 ergo
1620 3305 1670 3360 ei
1702 3321 1799 3375 po-

192 3412 316 3468 terit
356 3411 621 3465 timorem
667 3404 929 3460 incutere.
964 3399 1215 3456 Paratum
1239 3415 1328 3456 cor
1359 3399 1471 3470 ejus
1511 3413 1719 3468 sperare
1744 3397 1798 3450 in

194 3504 439 3560 Domino.
478 3500 639 3557 Alius
662 3540 679 3566 ,
708 3496 945 3552 Finmtm
985 3511 1075 3549 cor
1103 3494 1215 3567 ejus
1238 3508 1258 3547 :
1282 3491 1423 3547 idem
1453 3490 1761 3561 signiﬁcans
1779 3531 1797 3559 ,

194 3604 246 3650 et
272 3595 645 3664 interpretans
669 3586 835 3655 illud,
868 3584 1133 3640 Paratum.
1157 3582 1311 3651 Quod
1350 3590 1527 3637 autem
1568 3581 1701 3637 dicit
1717 3589 1801 3635 est

195 3683 459 3756 ejusmodi
488 3698 505 3735 :
540 3678 685 3735 Nihil
721 3686 807 3734 est
844 3675 987 3748 quod
1026 3691 1150 3731 eum
1193 3674 1513 3740 labelactet,
1542 3681 1598 3729 et
1637 3672 1798 3728 rebus

197 3774 561 3848 puerilibus
584 3771 829 3826 addicat:
852 3768 947 3826 sed
972 3777 1118 3825 totus
1157 3779 1390 3839 quantus
1415 3777 1519 3830 est,
1538 3766 1605 3821 ad
1632 3766 1798 3822 Deum

198 3869 529 3933 extenditur,
551 3875 605 3922 et
630 3848 781 3937 spem
807 3864 952 3919 illam
977 3869 1287 3932 exspectat,
1313 3869 1375 3930 et
1406 3861 1457 3914 iu
1491 3860 1578 3914 illa
1602 3872 1801 3929 exspe-

198 3963 433 4020 ctatione
477 3968 747 4033 perpetuo
786 3954 1057 4028 deligitur,
1088 3968 1189 4009 nec
1226 3953 1296 4009 ab
1328 3952 1432 4007 ulla
1462 3968 1520 4007 re
1552 3951 1800 4021 praesenti

199 4057 487 4123 rnollescit,
514 4054 819 4118 abducitur,
847 4060 940 4106 aut
962 4050 1295 4105 distrahitur.
1321 4048 1479 4103 Tales
1505 4048 1648 4101 enim
1678 4056 1805 4101 sunt

201 4151 544 4223 negotiorum
574 4145 967 4203 sollicitudines
998 4162 1013 4197 :
1042 4153 1276 4200 mentem
1304 4141 1544 4196 dividunt
1568 4183 1584 4207 ,
1614 4150 1668 4195 et
1705 4156 1803 4195 eo-

200 4244 517 4314 gitationem
558 4237 882 4295 distrahunt.
918 4236 1153 4293 Necesse
1179 4246 1264 4291 est
1304 4237 1467 4306 igitur
1512 4250 1699 4288 rursus
1722 4232 1807 4287 di-

201 4349 323 4390 cere
367 4332 506 4388 illud
553 4331 920 4401 evangelicum
947 4347 960 4384 :
988 4327 1087 4385 Ubi
1133 4337 1207 4383 est
1235 4326 1503 4382 thesaurus
1530 4325 1800 4390 hominis,

203 4427 307 4481 illic
333 4435 413 4481 est
440 4426 597 4478 etiam
620 4439 707 4477 cor
736 4422 853 4493 ejus
878 4420 1091 4495 (Hattlt.
1120 4421 1172 4475 6.
1202 4419 1317 4489 2|).
1352 4419 1407 4475 8.
1437 4416 1807 4487 Conﬁrmatum

202 4527 272 4573 at
303 4534 397 4573 eor
424 4516 570 4586 ejus,
596 4530 698 4568 non
722 4512 1133 4567 commovebitur.
1167 4510 1359 4567 Vidisti
1388 4525 1511 4565 eum
1559 4510 1648 4578 qui
1673 4507 1810 4563 aedi-

205 4610 327 4663 Bcat
373 4621 543 4675 supra
573 4590 805 4674 petram?
831 4602 969 4671 Quid
998 4603 1141 4664 enim
1176 4586 1348 4670 potest
1380 4601 1569 4654 timere
1604 4598 1693 4669 qui
1724 4605 1833 4654 εδι-

203 4709 256 4755 et
276 4698 457 4755 nudus
486 4705 545 4752 et
566 4697 860 4759 accinctus,
888 4693 1200 4764 nullamque
1230 4694 1322 4748 ulli
1351 4693 1555 4763 praebet
1580 4691 1809 4746 ansam?

205 4791 333 4862 quid
382 4797 567 4859 potest
610 4788 833 4852 timere,
861 4785 952 4858 qui
997 4785 1156 4841 habet
1203 4786 1369 4840 Deum
1410 4785 1730 4839 clementem
1756 4790 1814 4839 et

210 4876 547 4951 propitium?
574 4878 645 4932 ita
691 4888 751 4931 ut
778 4878 1031 4945 utrinque
1056 4877 1127 4930 sit
1169 4884 1353 4939 tutus,
1376 4883 1431 4929 et
1467 4890 1531 4929 ex
1576 4888 1813 4944 superno

210 4970 432 5036 auxilio,
459 4978 516 5024 et
538 4982 606 5024 ex
630 4983 718 5036 ea,
752 4953 804 5023 in
830 4984 933 5039 qua
963 4967 1051 5024 hic
1079 4969 1299 5024 inferius
1320 4968 1486 5038 degit,
1514 4968 1773 5022 facilitate
1793 5008 1809 5034 ,

212 5078 309 5120 nec
328 5062 628 5135 quidquam
662 5076 787 5117 eum
816 5061 1136 5116 labefactare
1165 5063 1390 5132 poterit,
1422 5077 1528 5115 non
1556 5060 1812 5115 damnum

215 5158 477 5227 pecunia,
499 5171 607 5212 non
639 5155 856 5226 probra,
882 5171 986 5209 non
1008 5156 1310 5211 calumniae.
1340 5154 1523 5226 Neque
1552 5157 1697 5210 enim
1728 5154 1816 5209 ba-

218 5250 304 5306 bet
348 5253 404 5305 in
430 5266 539 5322 quo
586 5248 846 5316 laedatur,
877 5248 969 5320 qui
1016 5249 1141 5303 hinc
1181 5249 1233 5302 in
1263 5249 1454 5303 czrlum
1493 5246 1814 5318 commigra-

218 5346 367 5407 vrrit,
383 5344 437 5398 in
455 5342 733 5413 regionem
750 5341 817 5397 ad
837 5356 997 5410 quam
1011 5340 1198 5396 sceleri
1218 5352 1266 5395 et
1292 5340 1497 5397 insidiis
1523 5340 1697 5394 nullus
1719 5355 1818 5411 pa-

219 5446 290 5492 tet
309 5439 509 5493 aditus.
544 5435 763 5499 Nam,ut
778 5435 946 5506 probe
969 5435 1160 5497 nostis,
1177 5449 1365 5488 omnes
1388 5434 1595 5488 insidiae
1625 5448 1814 5503 paran-

218 5539 302 5586 tur
329 5532 418 5586 vel
447 5530 706 5600 pecuniis,
738 5529 819 5582 vel
854 5543 951 5599 pro
980 5528 1243 5596 pecuniis,
1273 5536 1327 5581 et
1348 5540 1509 5580 omne
1539 5525 1815 5579 hominum

220 5624 451 5677 studium
476 5621 531 5675 in
558 5618 639 5673 bis
667 5620 901 5689 punitur.
939 5618 1109 5673 Donec
1139 5618 1381 5687 despiciat
1418 5617 1645 5681 inimicos
1675 5632 1813 5669 suos.

220 5716 343 5777 Quis
374 5724 455 5766 est
476 5710 594 5779 ejus
624 5710 891 5768 inimicus.
910 5707 1011 5763 nisi
1030 5708 1151 5762 mali
1184 5708 1548 5767 dmmoncs,et
1573 5706 1686 5776 ipse
1704 5705 1820 5759 dia-

217 5804 387 5861 bolus?
404 5801 459 5861 9.
482 5802 753 5870 Dixpcrsit,
779 5799 916 5857 dedit
938 5797 1269 5872 pauperibus;
1294 5795 1322 5867 j
1361 5798 1495 5855 stitia
1523 5797 1630 5867 ejus
1652 5806 1821 5851 utanet

1291 340 1651 407 EXPOSITIO
1686 338 1754 396 LV
1794 333 2119 394 [ιεΑωιωι
2156 332 2297 390 CXI.

3390 325 3498 384 298

1890 453 1942 507 in
1964 430 2229 507 stet-silum.
2260 450 2545 519 Postquam
2571 449 2934 520 eleemosynm
2960 456 3015 502 et
3039 445 3416 505 commodandi
3440 457 3499 505 et

1891 544 2180 601 miserendi
2203 543 2466 606 meminit;
2484 551 2611 599 sunt
2637 552 2817 598 autem
2838 541 3024 596 multa:
3055 555 3323 598 mensura:
3347 541 3500 600 elee-

1891 652 2152 709 mosyuan;
2187 634 2273 690 hic
2300 635 2444 690 enim
2465 635 2558 689 dat
2596 634 2775 688 minus
2796 675 2813 697 ,
2842 630 2934 689 ille
2961 648 3091 689 vero
3114 634 3348 704 amplius
3373 652 3388 689 :
3410 634 3496 691 vi-

1892 728 2117 783 deamus
2159 743 2447 803 quemnam
2494 727 2624 783 dicit
2678 726 3125 793 misericordem,
3175 744 3372 799 eumne
3406 730 3500 801 qui

1892 820 2096 892 prmbet
2138 836 2204 875 ex
2252 819 2599 887 abundantia,
2644 834 2713 874 an
2751 835 2874 874 eum
2916 820 3006 890 qui
3051 834 3178 876 suas
3218 821 3501 878 facultates

1892 914 2162 971 exhaurit.
2206 912 2423 969 Certum
2468 923 2547 968 est
2580 910 2726 984 quod
2770 928 2893 969 eum
2924 900 3345 984 qui‘exhaurit,
3374 930 3500 971 eum

1892 1008 1983 1077 qui
2013 1022 2071 1060 re
2100 1021 2195 1062 sua
2217 1005 2443 1077 largiter
2467 1006 2638 1060 utitur
2667 1021 2682 1057 :
2713 1003 2856 1075 quod
2888 1006 3050 1060 etiam
3082 1004 3282 1061 Paulus
3305 1008 3500 1078 quaerit

1892 1100 2082 1155 dicens
2110 1115 2125 1152 :
2155 1096 2255 1164 Qui
2283 1098 2500 1153 seminat
2526 1099 2580 1151 in
2606 1096 3069 1165 benedictionibus,
3100 1106 3251 1152 metet
3270 1099 3420 1154 etiam
3447 1101 3501 1156 in

1893 1189 2321 1246 benedictionibus
2353 1188 2428 1260 (2.
2466 1183 2591 1242 Cor.
2621 1189 2677 1244 9.
2724 1186 2805 1258 6).
2834 1187 2971 1244 Vide
3012 1198 3197 1245 autem
3227 1190 3502 1261 quomodo

1897 1281 2160 1352 propheta
2188 1281 2392 1352 optime
2416 1293 2544 1334 usus
2564 1289 2648 1335 est
2671 1278 2999 1335 dictionilms
3022 1280 3063 1335 ⁸.
3087 1279 3204 1336 Non
3240 1281 3385 1338 enim
3417 1282 3504 1336 di-

1900 1373 2018 1441 xit,
2050 1371 2204 1428 Dedit
2227 1414 2242 1439 ,
2272 1372 2353 1427 vel
2374 1414 2391 1438 ,
2419 1370 2734 1439 Distribuit,
2758 1370 2886 1438 sed,
2918 1368 3169 1444 Dispersit
3190 1371 3397 1439 {simul
3446 1382 3503 1429 ct

1896 1465 2016 1536 ejus
2043 1464 2132 1537 qui
2163 1463 2365 1533 pnnbet
2396 1463 2696 1535 largitatem
2727 1462 3040 1528 ostendens,
3071 1470 3126 1519 et
3143 1476 3260 1518 rem
3281 1477 3505 1521 semen-

1898 1570 2007 1615 tem
2040 1557 2343 1621 nominans.
2360 1554 2522 1611 Tales
2547 1554 2689 1610 enim
2716 1564 2851 1610 sunt“
2862 1555 2951 1625 qui
2970 1554 3269 1609 seminant:
3293 1554 3507 1625 disper-

1894 1641 2167 1726 gunt'qnm
2188 1658 2315 1703 sunt
2339 1636 2611 1717 reposita,
2637 1655 2689 1702 et
2716 1661 2837 1717 qua:
2865 1654 2989 1701 sunt
3008 1647 3293 1703 manifesta
3314 1646 3507 1705 dimit-

1900 1749 2020 1797 lunt
2042 1746 2101 1795 ut
2129 1738 2302 1794 futura
2337 1738 2628 1811 accipiant.
2666 1736 2782 1793 lloc
2806 1749 2892 1796 est
2920 1735 3240 1795 collectione
3270 1739 3499 1795 melius:

1898 1834 1970 1889 ita
1997 1833 2139 1889 enim
2161 1831 2473 1902 dispergere
2493 1830 2664 1886 multo
2689 1830 2884 1887 melius
2904 1837 3010 1897 est,
3031 1844 3195 1900 quam
3221 1830 3502 1904 colligere.

1902 1924 2295 1995 DiSpergnutnr
2323 1923 2565 1994 pecunia:
2585 1961 2601 1990 ,
2632 1931 2688 1976 et
2716 1921 2990 1993 colligitur
3013 1921 3222 1994 justitia
3255 1922 3508 1996 :disper-

1895 2024 2097 2087 guntur
2122 2030 2243 2086 quae
2290 2029 2401 2078 non,
2438 2025 2695 2082 manent,
2725 2023 2783 2070 ut
2820 2014 3168 2087 acquirantur
3208 2018 3510 2075 manentia.

1901 2109 2017 2166 lioc
2052 2109 2226 2181 ipsum
2272 2108 2471 2165 iaciunt
2512 2106 2674 2164 etiam
2703 2108 2979 2181 agricola.
3025 2108 3133 2166 Sed
3180 2109 3256 2166 illi
3285 2110 3511 2182 quidem

1900 2218 1997 2273 pro
2036 2202 2259 2259 incertis
2288 2219 2303 2267 ;
2333 2212 2417 2258 est
2443 2202 2588 2258 enim
2620 2211 2762 2258 terra
2789 2218 2912 2274 quae
2949 2204 3213 2276 suscipit:
3245 2213 3305 2262 tu
3322 2217 3514 2263 autem

1899 2294 1955 2351 in
1983 2310 2143 2350 manu
2176 2294 2291 2360 Dei,
2317 2294 2458 2351 unde
2479 2294 2592 2353 lleri
2622 2309 2728 2351 non
2754 2304 2931 2365 potest
2953 2307 3010 2353 ut
3036 2297 3251 2367 perdas.
3276 2297 3520 2368 Quando

1898 2403 2028 2458 ergo
2055 2388 2255 2445 videris
2284 2402 2474 2443 aurum
2515 2402 2640 2444 esse
2682 2387 2971 2459 pulchrum
2997 2431 3011 2454 ,
3033 2371 3088 2446 et
3110 2390 3317 2447 veritus
3344 2390 3519 2451 lueris

1900 2479 1952 2534 id
1982 2479 2177 2550 ejicere
2198 2522 2215 2547 ,
2247 2481 2467 2536 veniant
2519 2480 2613 2535 tibi
2641 2480 2693 2536 iu
2724 2490 2962 2537 mentem
3007 2483 3040 2537 ii
3072 2484 3161 2555 qui
3193 2485 3464 2542 seininant
3489 2529 3518 2553 ,

1902 2570 1936 2625 ii
1965 2570 2056 2642 qui
2094 2569 2453 2637 iteite-rantur,
2479 2571 2511 2625 ii
2542 2572 2635 2642 qui
2657 2580 2990 2627 mercaturas
3019 2584 3278 2631 exercent
3303 2616 3318 2639 .
3346 2577 3437 2647 qui
3476 2592 3509 2632 a

1900 2669 2114 2730 sumptu
2135 2670 2189 2715 ct
2217 2660 2477 2732 impensis
2496 2661 2757 2732 incipiunt
2781 2704 2797 2727 ,
2827 2677 2949 2718 cum
2982 2672 3160 2719 tamen
3192 2664 3418 2721 incertis
3444 2682 3509 2722 ea

1901 2751 2065 2807 rebus
2088 2752 2454 2807 committant:
2479 2767 2602 2808 nam
2621 2762 2676 2809 et
2700 2753 2895 2810 ﬂuctus
2919 2763 2974 2810 et
2996 2763 3153 2811 terra:
3169 2756 3510 2823 sinus,debi-

1903 2850 2188 2915 uirumque
2212 2845 2554 2916 syngraphas,
2585 2845 2766 2901 omnia
2795 2857 2920 2911 sunt
2941 2847 3165 2902 incerta.
3183 2847 3342 2921 Smpe
3360 2851 3517 2906 enim

1901 2935 1955 2992 in
2003 2945 2149 2991 sorte
2196 2934 2454 2991 damnum
2505 2947 2832 3007 acceperunt
2870 2937 3270 2996 [ωηατ-διωθεῖ
3314 2942 3512 2998 caelum

1901 3037 2079 3081 autem
2107 3020 2203 3097 qui
2218 3026 2346 3081 colit
2369 3027 2625 3099 agricola,
2642 3027 2770 3083 nihil
2796 3028 2989 3085 horum
3013 3032 3218 3098 metuit,
3244 3031 3339 3088 sed
3360 3045 3415 3089 et
3440 3032 3512 3089 de

1902 3128 2049 3173 sorte
2068 3159 2084 3184 ,
2115 3127 2171 3173 et
2199 3117 2267 3173 de
2308 3118 2518 3174 lmnore
2546 3128 2728 3190 potest
2769 3135 2892 3177 esse
2916 3135 3140 3179 securus
3158 3162 3178 3190 ,
3213 3123 3259 3179 si
3286 3122 3391 3181 hoc
3420 3125 3509 3180 di-

1902 3211 2134 3265 centium
2172 3210 2244 3266 sit
2286 3208 2464 3266 lienus
2501 3218 2559 3267 et
2582 3226 2690 3266 non
2728 3222 2884 3269 sorte
2910 3212 3071 3284 longe
3096 3216 3348 3286 amplius.
3379 3217 3516 3277 Sors

1901 3302 2048 3356 enim
2076 3310 2160 3357 est
2206 3303 2471 3371 pecunia;
2520 3302 2697 3359 lienus
2732 3312 2912 3359 autem
2957 3320 3182 3376 regnum
3229 3309 3510 3366 cmlorum.

1908 3393 2097 3447 Vidisti
2143 3402 2386 3448 naturam
2433 3394 2650 3461 mutui,
2699 3395 2844 3467 quod
2884 3395 3049 3453 habet
3095 3414 3315 3456 usuram
3362 3413 3515 3461 sorte

1906 3484 2062 3555 longe
2108 3484 2414 3556 mr-jorem?
2441 3485 2511 3541 Et
2540 3484 2658 3542 haec
2694 3486 2912 3558 quidem
2961 3491 3014 3545 in
3046 3490 3228 3548 futuro
3252 3511 3268 3549 :
3291 3493 3347 3549 in
3377 3511 3516 3565 pne-

1904 3579 2041 3633 sen‘ti
2069 3588 2247 3634 autem
2280 3594 2525 3651 magnam
2549 3581 2854 3637 libertatem
2881 3587 3252 3656 consequeris,
3285 3587 3396 3643 eris
3423 3605 3514 3644 re-

1907 3683 2087 3757 motus
2132 3672 2203 3726 ab
2241 3672 2495 3728 omnibus
2539 3672 2750 3729 insidiis
2772 3715 2789 3743 ,
2823 3675 3274 3733 calumniatorum
3299 3687 3355 3735 et
3384 3681 3527 3735 insi.

1905 3766 2174 3823 diatorum
2219 3767 2570 3838 cupiditatem
2617 3769 2967 3841 exstingues;
2997 3769 3147 3827 vives
3177 3786 3369 3831 secure
3400 3783 3524 3829 toto.

1908 3860 2031 3914 vita:
2066 3869 2329 3947 tempore,
2360 3868 2417 3915 ut
2440 3860 2532 3930 qui
2552 3875 2652 3916 nec
2675 3861 2891 3931 nugaris
2919 3856 3285 3920 sollicitudine
3312 3864 3382 3922 de
3408 3868 3525 3923 tuis

1894 3955 2085 4020 bouis,
2103 3964 2159 4010 et
2177 3969 2273 4025 spe
2295 3956 2592 4010 futurorum
2616 3955 2880 4012 bonorum
2914 3957 3160 4029 erigaris.
3190 3957 3365 4015 Cornu
3404 3962 3518 4036 ejus

1907 4049 2212 4104 exaltabitur
2259 4049 2313 4103 in
2365 4049 2554 4121 gloria.
2583 4048 2739 4117 Quod
2768 4059 2853 4106 est
2895 4051 3129 4107 maxime
3153 4055 3516 4123 expetendum

1911 4142 2237 4207 hominibus,
2257 4142 2361 4199 hoc
2388 4144 2538 4213 ponit
2558 4143 2795 4222 assidue,
2812 4142 3164 4214 splendorem
3186 4155 3241 4201 et
3265 4146 3517 4217 gloriam,

1911 4253 2029 4307 quae
2067 4245 2121 4292 et
2148 4236 2257 4291 illic
2292 4252 2387 4293 eos
2416 4236 2647 4306 excipiet
2668 4279 2683 4301 ,
2710 4245 2766 4292 et
2796 4238 2885 4292 hic
2921 4235 3002 4292 eis
3022 4236 3197 4293 aderit
3222 4239 3437 4297 abunde
3464 4251 3527 4298 et

1907 4332 2149 4400 largiter.
2191 4328 2365 4385 Nemo
2411 4336 2496 4385 est
2520 4328 2664 4384 enim
2694 4328 2833 4385 adeo
2862 4328 3041 4384 clarus
3087 4338 3144 4385 et
3173 4329 3429 4403 insignis,
3458 4344 3524 4390 ut

1912 4435 2241 4474 ltttSCl’lCOl'S.

1984 4515 2038 4569 6.
2067 4513 2132 4568 Et
2159 4514 2204 4569 si
2246 4514 2357 4580 vis,
2386 4513 2573 4584 accipe
2614 4527 2712 4568 eos
2736 4512 2826 4583 qui
2868 4512 2920 4569 in
2962 4512 3110 4569 circo
3132 4523 3187 4570 et
3212 4514 3265 4569 in
3293 4514 3525 4575 theatris

1914 4615 2119 4664 temere
2154 4622 2250 4662 sua
2294 4616 2627 4662 consumunt
2658 4624 2674 4662 :
2703 4606 2808 4662 duc
2846 4607 2900 4661 in
2930 4607 3166 4663 medium
3206 4610 3521 4668 misericor-

1915 4700 2040 4755 dem
2062 4741 2077 4765 ,
2108 4707 2163 4754 et
2207 4707 2335 4755 tunc
2364 4697 2572 4753 videbis
2599 4706 2834 4768 quantus
2861 4697 2931 4753 sit
2960 4698 3245 4770 uti-iusque
3272 4699 3480 4757 fructus
3506 4719 3521 4769 ;

1912 4791 2187 4864 quomodo
2211 4806 2333 4846 eum
2361 4790 2578 4862 quidem
2606 4804 2797 4845 omnes
2822 4798 3085 4860 perpetuo
3114 4791 3329 4862 laudant
3356 4794 3526 4849 etad-

1919 4886 2201 4950 mirantur,
2220 4897 2563 4937 communem
2584 4890 2789 4952 patrem
2806 4889 2863 4936 et
2884 4892 3097 4952 portum
3116 4882 3525 4943 existimantes:

1919 4977 1993 5032 illi
2024 4986 2204 5031 autem
2234 4989 2356 5031 cum
2386 4973 2477 5029 illa
2516 4973 2692 5027 solum
2719 4971 2808 5027 die
2840 4973 3148 5043 importuno
3184 4973 3416 5043 quodam
3467 4988 3524 5032 et

1922 5069 2210 5127 temerario
2260 5070 2463 5139 impetu
2510 5065 2913 5138 applauserint,
2950 5074 3133 5135 postea
3165 5066 3530 5124 criminantur

1922 5177 1972 5218 ttl
1997 5160 2273 5217 crudelem
2287 5168 2342 5215 et
2362 5158 2736 5225 inhumanum,
2760 5156 3018 5214 ut'inanis
3040 5158 3225 5229 gloria:
3247 5159 3526 5229 cupidum,

1924 5266 1979 5311 ut
2006 5253 2435 5324 intemperantia:
2462 5251 2795 5320 ministrum,
2821 5259 2876 5307 et
2901 5265 3119 5306 servum
3141 5250 3533 5323 improbitatis.

1922 5348 2027 5405 Sed
2056 5355 2112 5402 et
2156 5347 2202 5402 si
2246 5346 2301 5401 in
2346 5345 2700 5401 conventibus
2729 5343 3055 5415 quandoque
3094 5342 3165 5399 de
3191 5344 3355 5400 rebus
3381 5345 3534 5416 ejus-

1928 5440 2071 5495 modi
2126 5440 2321 5509 agitur,
2351 5437 2567 5493 illorum
2613 5436 2830 5508 quidem
2878 5444 3138 5491 notantur
3164 5446 3449 5507 sumptus,
3480 5448 3535 5495 et

1929 5532 2398 5603 reprehenduntur
2418 5531 2710 5604 impensm;
2748 5530 2847 5586 bos
2876 5538 3055 5587 autem
3088 5542 3249 5584 nemo
3286 5538 3371 5583 est
3398 5530 3537 5587 adeo

1996 5745 2010 5770 ‘
2050 5748 2197 5803 Reg"
2232 5735 2422 5800 optimis
2454 5748 2569 5786 usus
2601 5740 2671 5785 est
2706 5730 3046 5803 «titionibus:
3070 5729 3160 5779 sed
3202 5729 3377 5782 melior
3407 5730 3539 5785 Editi

1935 5804 2084 5855 lectio
2110 5791 2201 5854 δεῖ.
2228 5791 2519 5865 quamquam
2546 5804 2709 5862 [esset
2736 5796 2881 5847 etiam
2906 5791 2986 5845 illa
3010 5800 3161 5843 stare.
