4156 6416
652 379 759 436 αν)

649 494 931 563 impudens
954 501 1007 545 ct
1032 492 1324 545 sceleratus
1344 530 1359 549 .
1390 491 1478 559 qui
1509 489 1719 544 etiamsi
1745 490 1813 543 sit
1836 489 2024 542 millies
2045 487 2239 543 crude-

649 589 713 641 iis
737 595 790 640 et
819 584 1163 647 inhumanus,
1195 599 1299 635 non
1332 579 1511 636 laudet
1537 593 1589 637 ct
1614 581 1926 635 admiretur.
1963 578 2240 647 Ejusmodi

649 682 789 735 enim
818 692 903 731 res
934 683 1016 729 est
1042 675 1242 739 virtus,
1272 685 1328 727 ut
1356 674 1517 727 etiam
1544 673 1613 726 ab
1637 672 1699 726 iis
1724 671 1815 740 qui
1846 670 1988 724 illam
2018 684 2125 724 non
2152 682 2240 723 se-

645 781 879 840 quuntur
921 768 1204 821 laudetur:
1236 765 1681 835 quemadmodum
1720 763 1906 816 vitium
1956 763 2022 815 iis
2078 760 2240 814 etiam

644 861 730 929 qui
762 858 809 913 ei
842 869 965 911 sunt
994 856 1193 917 dediti.
1220 858 1300 910 'sit
1328 870 1553 909 exosum
1580 862 1635 907 et
1684 852 2103 921 reprehensione
2129 850 2243 919 ple-

645 966 793 1003 num.
826 948 1005 1018 Itaque
1028 948 1146 1001 illos
1166 946 1377 1015 quidem
1402 960 1503 999 nec
1530 945 1563 998 ii
1591 945 1681 1015 qui
1704 944 1971 1011 accipiunt
1993 941 2202 1021 Iaudapt
2221 981 2236 1003 ,

644 1040 954 1094 meretrices
976 1079 991 1105 ,
1022 1038 1237 1104 inquam
1264 1076 1279 1100 ,
1309 1037 1507 1106 auriga:
1536 1077 1551 1100 ,
1581 1047 1636 1089 et
1662 1036 1941 1089 saltatores
1964 1074 1978 1099 ,
2022 1033 2114 1087 sed
2146 1047 2240 1085 eos

639 1137 803 1189 etiam
833 1132 1161 1187 insectantur
1192 1148 1205 1181 :
1236 1128 1373 1182 hunc
1403 1138 1582 1181 autem
1630 1142 1734 1181 non
1772 1126 1945 1179 solum
1970 1124 2238 1193 pauperes

640 1225 730 1293 qui
758 1233 1099 1293 acceperunt,
1132 1220 1227 1275 sed
1259 1220 1293 1272 ii
1315 1218 1473 1273 etiam
1498 1218 1563 1272 ad
1587 1232 1721 1287 quos
1749 1216 1876 1269 nihil
1902 1214 2055 1268 rediit
2084 1230 2148 1268 ex
2178 1213 2238 1266 lio

644 1316 919 1368 beralitale
944 1326 1132 1366 onmes
1154 1311 1487 1364 mirabuntur
1509 1318 1562 1362 et
1590 1306 1860 1360 amabunt.
1888 1305 1973 1360 I0.
1997 1302 2238 1357 Peccator

640 1406 820 1461 ridebit
851 1415 897 1460 et
923 1409 1169 1457 irascetur
1189 1402 1451 1456 :dentibus
1478 1401 1584 1453 suis
1609 1399 1785 1467 [remot
1813 1407 1860 1450 et
1890 1396 2123 1449 tabescet.
2140 1394 2237 1447 Ta-

640 1499 705 1552 lis
734 1512 820 1551 res
848 1506 934 1551 est
964 1496 1129 1547 virtus
1153 1510 1165 1546 ι
1190 1492 1316 1545 vitio
1340 1489 1513 1561 gravis
1532 1501 1587 1543 et
1618 1489 1859 1541 molesta.
1880 1487 2236 1554 Quemadmo-

635 1593 762 1643 dum
791 1588 931 1641 enim
965 1586 1098 1659 ignis
1128 1582 1374 1637 accendit
1405 1581 1608 1649 spinas,
1644 1580 1713 1632 ita
1745 1578 1903 1631 etiam
1937 1578 2236 1645 benignitas

636 1680 843 1733 feroces
869 1677 1111 1730 homines
1144 1675 1315 1728 irritat
1346 1690 1359 1726 :
1391 1688 1455 1726 ea
1484 1672 1626 1723 enim
1673 1670 1882 1723 illorum
1924 1667 2232 1738 improbita-

637 1782 743 1825 tem
776 1766 1118 1838 reprehendit
1142 1777 1193 1819 et
1222 1774 1461 1819 accu~at.
1492 1762 1597 1818 Sed
1649 1761 1769 1815 vide
1814 1776 1935 1815 cum
1958 1802 1973 1825 ,
2018 1776 2084 1812 ne
2112 1774 2232 1812 cum
2268 1822 2269 1827 η

638 1860 833 1914 invidia
862 1857 1077 1927 quidem
1116 1853 1408 1909 extabescit
1434 1893 1449 1918 ,
1476 1852 1675 1906 audere
1714 1864 1967 1905 accusare
1991 1890 2005 1914 ,
2038 1859 2092 1904 et
2119 1849 2234 1903 cla-

635 1965 753 2014 rum
782 1949 989 2002 virtutis
1025 1957 1299 2015 aspectum
1332 1944 1553 2006 intueri,
1582 1942 1892 1996 sod.tncnte
1921 1939 2136 2010 quidem
2166 1939 2231 1994 Ii-

634 2056 914 2110 quescerc,
941 2049 996 2094 et
1018 2039 1267 2094 dentibus
1296 2037 1537 2092 dolorem
1564 2034 1870 2101 ostendere,
1896 2051 2001 2088 non
2032 2034 2233 2090 audere

634 2146 813 2187 mrem
836 2132 1054 2186 verbum
1080 2128 1339 2198 proferre,
1354 2127 1449 2182 sed
1482 2136 1683 2180 tantum
1706 2128 1823 2197 angi
1842 2136 1897 2181 et
1914 2126 2230 2180 excruciari.

719 2223 835 2276 Vitil
863 2222 1089 2293 faditas;
1118 2220 1316 2273 virtutis
1341 2219 1601 2287 splendor.
1624 2247 1697 2257 —
1725 2218 1853 2271 Tale
1880 2226 1962 2272 est
1980 2216 2122 2271 enim
2152 2218 2234 2270 vi-

642 2326 778 2367 tium
807 2313 1053 2369 :cliamsi
1076 2310 1140 2365 ad
1171 2311 1282 2379 ipsa
1316 2318 1524 2377 sceptra
1546 2308 1868 2374 ascenderit,
1900 2318 1955 2362 et
1970 2310 2118 2375 juxta
2141 2324 2233 2363 eos

632 2422 658 2460 s
682 2406 860 2468 etcrit,
884 2419 1111 2474 quorum
1138 2411 1260 2456 sunt
1277 2403 1447 2471 capita
1463 2403 1636 2457 cincta
1661 2402 1982 2465 diademate,
2001 2413 2084 2458 ut
2105 2416 2227 2455 om-

632 2500 777 2551 nium
800 2496 1233 2565 abjectissimmn,
1264 2502 1317 2547 et
1338 2494 1567 2549 rimimo
1608 2492 2037 2557 formiduIOsum,
2068 2504 2121 2547 ct
2159 2494 2231 2547 si-

633 2590 758 2642 tnilc
784 2586 1043 2643 est‘alicui
1063 2586 1303 2655 strepitui
1330 2600 1391 2639 ac
1408 2585 1673 2643 tumultui,
1693 2592 1748 2638 et
1766 2584 1897 2637 mari
1924 2584 2228 2648 insanienti,

630 2681 839 2736 etiamsi
865 2679 934 2734 sit
961 2680 1188 2733 maxima
1207 2678 1454 2747 stipatum
1477 2676 1711 2747 polentia
1735 2694 1747 2729 :
1772 2676 2224 2745 quemahuodmn

634 2774 803 2826 virtus
847 2788 878 2827 e
922 2770 1209 2843 cmitrario.
1240 2768 1371 2822 Nam
1419 2770 1543 2822 licet
1572 2769 1638 2821 ad
1680 2778 1975 2843 extremam
2007 2768 2221 2822 redacta

632 2868 702 2917 sit
731 2864 981 2933 inopiam,
1017 2872 1065 2916 et
1095 2861 1163 2915 sit
1194 2860 1245 2915 in
1277 2862 1389 2928 ipso
1418 2874 1667 2925 carcere,
1694 2838 1782 2913 est
1811 2860 2025 2929 regibus
2053 2860 2233 2929 splen-

632 2955 831 3021 didior,
856 2967 1154 3023 maguaqne
1178 2952 1365 3005 fruitur
1390 2952 1698 3015 securitate,
1723 2965 1786 3003 ac
1810 2950 1962 3003 sedet
1994 2951 2045 3002 in
2077 2960 2229 3018 portu

631 3046 795 3100 nullis
842 3045 1040 3113 agitato
1072 3044 1346 3104 fluctibus,
1382 3056 1487 3093 non
1547 3041 1705 3093 modo
1744 3040 1872 3093 nihil
1922 3044 2127 3108 patiens
2163 3042 2231 3094 ab

632 3135 911 3206 improbis,
932 3134 1023 3189 sed
1048 3134 1129 3187 vel
1157 3135 1271 3202 ipso
1291 3133 1504 3186 silentio
1525 3131 1708 3184 ulcisci
1726 3142 1913 3198 potens
1932 3130 2227 3199 improbos,

628 3245 683 3285 et
736 3230 802 3284 de
858 3228 1193 3297 improbitate
1240 3236 1512 3279 extremas
1562 3238 1748 3293 pmnas
1801 3222 2041 3292 exigens.
2090 3222 2227 3290 Quid

642 3322 786 3375 enim
820 3320 1067 3373 miserius
1097 3318 1311 3371 homine
1340 3332 1459 3369 csse
1505 3326 1715 3383 potest,
1745 3310 1840 3383 qui
1866 3315 1985 3367 vivit
2028 3315 2077 3365 in
2106 3330 2227 3369 sce-

634 3413 767 3477 lere,
799 3410 1011 3480 quando
1044 3420 1391 3477 pra-terquain
1416 3405 1556 3475 quod
1596 3406 1796 3460 serviat
1820 3406 2089 3473 pecuniis,
2123 3420 2228 3458 ca:-

632 3514 973 3571 tcrvrumque
1005 3500 1213 3554 Iaudem
1241 3515 1388 3552 suam
1422 3513 1632 3568 pinnam
1655 3497 1959 3562 existimat,
1982 3505 2035 3550 et
2058 3497 2170 3566 ipse
2196 3513 2226 3550 a

634 3597 812 3667 scipso
838 3596 1027 3663 snpplit
1047 3594 1154 3647 ium
1184 3592 1373 3661 exigit,
1404 3606 1554 3643 suam
1578 3588 1958 3643 conscientiam
1984 3588 2189 3641 lanians
2211 3629 2224 3651 ,

634 3698 867 3741 tuentem
897 3684 1229 3745 CXCl‘Ilt'lutIS,
1253 3694 1305 3737 ct
1336 3682 1569 3749 seipsum
1602 3679 1701 3733 sibi
1734 3680 2039 3733 carnilicem
2070 3680 2223 3731 exhi-

637 3779 813 3833 Iens?
844 3776 1026 3829 \‘idisti
1061 3776 1269 3828 \irtulis
1300 3771 1669 3827 excellentiam
1700 3779 1753 3825 et
1780 3770 2111 3839 potentiam?
2143 3770 2222 3823 \i-

632 3870 755 3922 disti
784 3869 1196 3921 imbecnllitatem
1220 3875 1273 3919 et
1300 3864 1566 3919 iniseriam
1596 3862 1883 3931 nequitia?
1910 3860 2014 3916 Sed
2046 3877 2151 3916 non
2175 3862 2227 3927 in

633 3962 739 4015 hoc
764 3962 880 4013 solo
905 3960 1021 4035 ejus
1064 3959 1307 4012 CWISlSlll
1335 3955 1608 4009 calamitas
1634 3996 1648 4017 ,
1674 3953 1768 4008 sed
1799 3955 1959 4008 etiam
2009 3954 2059 4010 in
2107 3955 2228 4009 aliis

638 4058 913 4126 pluribus:
944 4054 1083 4123 quod
1124 4056 1292 4122 ipsum
1332 4066 1543 4120 quoque
1570 4035 1875 4118 significans
1914 4048 2226 4116 subiunxit,

634 4150 819 4202 dicens-
848 4166 858 4199 :
889 4146 1203 4199 Desiderium
1232 4156 1550 4213 peccatorum
1582 4143 1775 4211 peribit.
1809 4142 1945 4209 Quid
1974 4153 2055 4196 est
2075 4184 2089 4207 ,
2125 4142 2226 4195 Dc-

635 4240 875 4296 sidcrium
913 4248 1231 4306 peccatorum
1268 4235 1487 4303 peribit?
1513 4234 1832 4302 Numquam,
1860 4235 2047 4301 inquit,
2082 4234 2224 4287 8³9ιί-

638 4342 743 4382 tnr.
776 4331 906 4397 Quia
931 4330 1071 4383 enim
1100 4343 1159 4381 ea
1190 4342 1309 4395 qua:
1352 4326 1657 4389 desiderat,
1682 4338 1802 4378 sunt
1835 4324 1973 4378 fluxa
2010 4334 2063 4378 et
2090 4341 2223 4392 pra--

639 4422 1009 4483 tercnrt'cutia,
1034 4418 1355 4471 desiderium
1379 4432 1589 4485 quoque
1619 4432 1703 4468 res
1727 4417 1980 4478 imitatur,
2004 4427 2061 4468 ut
2087 4413 2227 4483 quod

636 4514 1003 4582 exstinguatur
1042 4520 1096 4563 ct
1139 4519 1355 4576 pereat,
1385 4516 1441 4562 et
1484 4508 1680 4560 nullam
1729 4507 1961 4559 radicem
2012 4505 2225 4559 habent.

636 4607 788 4685 Quod
822 4608 861 4660 si
892 4606 1007 4657 talis
1034 4613 1117 4657 est
1142 4602 1227 4655 hic
1256 4601 1548 4671 peccamris
1576 4609 1774 4659 status,
1808 4599 1978 4667 cogita
1998 4614 2228 4668 quonam

641 4700 800 4753 modo
827 4714 885 4751 se
913 4697 1127 4751 habebit
1155 4697 1207 4749 in
1255 4694 1431 4746 futuro
1460 4692 1675 4748 sarculo.
1716 4692 1791 4745 Ne
1831 4691 1943 4744 haec
1973 4706 2103 4761 ergo
2134 4707 2191 4759 pe

640 4793 854 4851 tiamur,
888 4787 1023 4851 hanc
1056 4787 1191 4838 viam
1225 4784 1487 4854 fugiamus
1509 4826 1523 4848 ,
1557 4777 1700 4835 illain
1732 4782 1992 4851 eligamus
2018 4823 2032 4847 ,
2062 4784 2112 4835 in
2143 4782 2228 4840 illa

640 4892 897 4963 perpetuo
925 4880 1247 4955 gradiantur,
1281 4887 1388 4930 tuta
1412 4920 1425 4940 ,
1458 4878 1869 4944 inexpugnabili,
1898 4877 2047 4944 plena
2076 4876 2226 4927 volu-

639 4975 821 5045 piatis,
848 4992 965 5043 qua:
1010 4970 1200 5024 referta
1231 4980 1310 5023 est
1334 4970 1499 5036 gloria
1522 5011 1535 5031 ,
1568 4984 1686 5036 qua:
1711 4970 1898 5020 carluni
1946 4968 2100 5023 nobis
2137 4984 2227 5019 ac-

636 5067 824 5135 quirit,
852 5080 965 5134 qum
1000 5065 1049 5115 in
1076 5063 1323 5115 oninibus
1349 5062 1437 5113 Dei
1469 5061 1621 5114 nobis
1650 5060 2071 5113 benevolentiam
2101 5076 2228 5112 con-

637 5159 686 5212 ci
713 5158 803 5219 iat,
835 5171 953 5225 quae
981 5153 1104 5208 facit
1149 5164 1204 5207 ut
1250 5152 1705 5222 philosimhemnr,
1738 5170 1853 5218 qua-
1886 5165 1959 5203 tot
2004 5162 2056 5204 et
2087 5161 2229 5205 tanta

641 5251 693 5312 in
722 5264 778 5303 se
811 5248 944 5301 bona
972 5248 1237 5308 continet,
1270 5255 1463 5313 quanta
1514 5260 1580 5296 ne
1623 5255 1793 5296 oratiu
1819 5245 2033 5312 quidem
2061 5247 2229 5312 expli-

634 5358 759 5395 care
784 5342 975 5411 poterit
1003 5358 1013 5392 :
1048 5356 1165 5408 qua:
1191 5339 1346 5392 detur
1375 5337 1621 5390 omnibus
1652 5337 1803 5390 nobis
1826 5338 2083 5405 consequi
2110 5356 2227 5407 gra-

636 5442 707 5498 tis
734 5443 787 5486 et
818 5428 1177 5491 misericordia
1199 5472 1210 5492 ,
1236 5439 1339 5481 etc.

1119 5542 1179 5594 IN
1224 5538 1539 5594 I‘SALMUM
1582 5536 1737 5593 CXII.

638 5639 682 5695 1.
730 5635 979 5701 Laudate,
1016 5634 1177 5701 pueri,
1223 5632 1515 5691 Dominum,
1558 5631 1759 5682 laudate
1790 5646 1967 5681 nomen
2001 5628 2221 5683 Domini.

713 5755 756 5813 ι.
791 5748 925 5801 Laus
972 5748 1067 5810 Dei
1112 5748 1230 5817 quid
1277 5745 1581 5813 diﬂicnitais
1616 5744 1828 5803 libeat;
1882 5759 2061 5794 nonwn
2120 5742 2225 5795 Do-

636 5857 890 5915 κατηφεῖ
942 5859 1028 5895 nos
1080 5854 1127 5893 tst
1170 5838 1571 5913 giot‘tﬁiaudmn,
1642 5868 1707 5876 —
1755 5837 1927 5896 Multis
1976 5853 2032 5892 tu
2071 5837 2217 5891 132th

1360 376 1416 431 s.
1458 372 1738 437 JUANNIS
1775 370 2257 431 cnnvsosrusn
2296 356 2617 430 .tncuisr.
2657 372 3201 431 consummes.

2351 487 2523 557 pturis
2598 487 2907 558 huiusmodi
2973 489 3156 545 laudes
3227 500 3727 545 commemorantur
3783 510 3795 542 :
3848 506 3978 545 uu-

2346 589 2429 633 est
2473 574 2616 634 enim
2662 579 2787 651 quid
2841 580 2957 635 leve
2988 622 3001 643 ,
3076 581 3169 635 sed
3245 581 3565 636 sacrificium
3630 582 3900 651 quoddam
3950 624 3974 645 .

2348 680 2405 725 et
2458 672 2662 726 oblatio
2717 672 2827 725 Deo
2850 682 3069 741 accepta
3121 692 3135 725 :
3181 673 3508 739 Sacriﬁcium
3537 675 3704 736 enim,
3759 674 3971 743 inquit,

2347 762 2518 818 laudis
2570 763 2877 836 gioriﬁcabit
2930 781 3009 818 me
3066 764 3242 834 (Psal.
3300 766 3389 821 49.
3442 767 3559 835 25).
3619 767 3681 821 Et
3716 784 3903 821 rursus
3946 786 3965 819 :

2347 854 2591 910 Laudabo
2638 874 2818 909 nomen
2868 854 2963 909 οτι
3009 858 3108 911 mei
3156 874 3273 909 cum
3320 860 3517 913 cantico
3543 900 3559 923 ,
3607 859 3969 930 magni/Scuto

2344 948 2511 1016 ipsum
2542 950 2593 1001 in
2624 948 2777 1001 laude
2802 966 2821 1001 :
2851 959 2897 1002 et
2938 948 3151 1016 placebit
3189 948 3301 1003 Deo
3343 967 3495 1016 super
3526 950 3737 1005 situlam
3774 960 3963 1004 nocet—

2348 1040 2478 1102 lum,
2530 1056 2725 1092 cornua
2767 1036 3126 1108 prbducentem
3166 1050 3213 1093 et
3252 1041 3474 1110 ungulas
3516 1039 3707 1109 (Psal.
3737 1040 3827 1096 68.
3857 1043 3961 1095 3i.

2346 1128 2458 1185 δεῖ).
2489 1127 2637 1185 Sacri
2687 1144 2905 1199 quoque
2954 1128 3071 1183 libri
3126 1129 3177 1183 id
3222 1145 3367 1200 sa‘pe
3412 1132 3747 1205 praecipiunt,
3776 1141 3830 1185 et
3858 1132 3961 1198 qui

2344 1229 2645 1283 servantur,
2692 1235 2788 1287 pro
2833 1219 3040 1295 magnis
3075 1219 3363 1289 gratiarum
3402 1222 3700 1276 ac.i0nibus
3737 1221 3787 1275 id
3814 1223 3958 1277 olle-

2342 1320 2485 1364 runt.
2535 1311 2600 1364 Et
2625 1326 2910 1381 quatnnam
2945 1311 3125 1375 habet,
3156 1312 3385 1382 inquies,
3417 1314 3518 1368 hoc
3542 1312 3955 1369 difficultatem?

2340 1404 2423 1456 cui
2456 1412 2633 1457 autem
2665 1404 2743 1457 vel
2783 1403 3000 1457 humilis
3042 1414 3097 1457 et
3125 1404 3348 1472 objecta:
3375 1405 3696 1460 conditionis
3723 1407 3773 1460 id
3807 1423 3953 1475 pne.

2340 1504 2503 1559 stare,
2533 1505 2587 1549 et
2630 1495 2802 1550 Deum
2835 1496 3052 1551 laudare
3080 1512 3186 1551 non
3214 1507 3296 1551 est
3324 1498 3523 1553 facile?
3570 1498 3627 1555 Si
3673 1515 3786 1555 rem
3823 1499 3955 1555 dili-

2338 1594 2528 1655 genter
2558 1596 2613 1641 et
2642 1596 2828 1641 exacte
2872 1586 3145 1648 didiceris.
3192 1586 3400 1642 videbis
3429 1601 3481 1642 et
3506 1589 3741 1643 laborem
3771 1592 3864 1660 qui
3896 1593 3951 1645 in

2340 1694 2397 1731 re
2429 1678 2584 1737 inest.
2628 1686 2681 1731 et
2733 1679 2937 1731 lucrum
2983 1678 3124 1746 quod
3152 1674 3219 1733 ei
3250 1693 3311 1733 ea
3342 1676 3651 1750 percipitur.
3700 1681 3949 1738 Primum

2337 1770 2554 1840 quidem
2592 1770 2705 1825 lucc
2733 1771 2847 1825 laus
2875 1786 2901 1822 a
2929 1771 3088 1839 jnstis
3116 1772 3429 1840 requiritur,
3456 1783 3510 1829 et
3538 1785 3753 1843 oportet
3772 1776 3942 1829 vitam

2345 1864 2493 1935 prius
2532 1873 2679 1919 recte
2719 1865 3124 1927 institueutcm,
3174 1864 3405 1934 hymnos
3451 1866 3521 1919 ita
3570 1867 3679 1921 Deo
3724 1882 3946 1923 canere.

2339 1955 2463 2009 Non
2494 1966 2567 2009 cst
2613 1957 2748 2009 enim
2795 1957 3012 2028 pulchra
3056 1957 3167 2010 laus
3206 1957 3258 2009 in
3295 1973 3382 2011 ore
3414 1959 3693 2028 peccatoris
3733 1958 3943 2032 (Eccb'.

2340 2052 2426 2106 15.
2460 2050 2538 2121 9).
2591 2050 2841 2107 Secundo
2867 2068 2972 2107 non
3001 2052 3176 2107 verbis
3203 2053 3399 2118 solum,
3450 2052 3545 2107 sed
3587 2052 3747 2109 etiam
3790 2053 3953 2109 factis

2339 2143 2555 2199 laudare
2596 2153 2829 2216 Oportet,
2881 2155 2937 2200 et
2981 2145 3115 2199 hanc
3162 2144 3370 2199 Iaudem
3414 2144 3552 2198 Deus
3600 2145 3833 2200 maxime
3863 2160 3953 2200 re-

2336 2237 2519 2307 quirit,
2560 2236 2699 2291 hanc
2741 2236 2964 2307 gloriam
2996 2254 3009 2290 :
3040 2234 3229 2290 Luceat
3269 2237 3455 2301 enim,
3482 2236 3680 2306 inquit,
3729 2238 3819 2289 tua:
3863 2252 3947 2291 ικ-

2336 2341 2443 2384 stra
2481 2346 2655 2383 coram
2688 2327 2996 2396 hominibus,
3041 2337 3093 2381 ut
3134 2327 3335 2383 videant
3375 2345 3531 2398 opera
3578 2338 3739 2381 ucstra
3777 2327 3935 2392 bona,

2340 2433 2388 2477 et
2436 2422 2720 2493 gloriﬁcent
2748 2420 2957 2475 Patrem
3008 2429 3229 2474 vestrum
3257 2420 3342 2490 qui
3368 2430 3442 2474 est
3470 2420 3521 2473 in
3551 2420 3688 2473 ca’lis
3719 2419 3943 2491 (Matth.

2337 2515 2391 2569 5.
2442 2514 2553 2583 16).
2601 2513 2675 2568 Ita
2722 2513 2940 2568 laudant
2988 2512 3298 2567 Cberubim.
3347 2511 3610 2579 Quocirca
3676 2512 3944 2581 propheta

2339 2620 2553 2675 quoque
2594 2620 2713 2659 cum
2747 2605 2891 2658 illam
2916 2604 3193 2675 mysticam
3223 2602 3459 2657 audisset
3488 2602 3796 2669 mclodiam,
3855 2617 3948 2657 se-

2335 2698 2507 2766 ipsnm
2550 2698 2806 2753 miserum
2866 2698 3119 2767 praedicat
3162 2697 3347 2752 dicens
3398 2714 3412 2749 :
3467 2695 3567 2749 Hei
3609 2697 3756 2763 mihi,
3803 2695 3946 2768 quod

2336 2792 2485 2845 homo
2513 2808 2646 2855 sum,
2696 2792 2900 2854 impura
2938 2791 3125 2843 habens
3163 2790 3320 2855 labia,
3364 2798 3413 2843 et
3451 2790 3619 2843 habito
3666 2791 3721 2843 in
3776 2790 3947 2844 medio

2337 2882 2513 2951 populi
2551 2882 2755 2951 impura
2802 2882 2937 2934 labia
2981 2882 3209 2935 habentis
3278 2880 3449 2949 (Isai.
3477 2882 3531 2936 6.
3560 2880 3655 2954 5).
3713 2882 3780 2936 Et
3821 2882 3945 2936 ideo

2334 2988 2455 3028 cum
2517 2974 2761 3042 pra-cipit
2809 2972 2994 3028 laudes
3039 2972 3256 3039 offerre,
3306 2974 3488 3044 incipit
3516 2990 3544 3027 a
3576 2976 3943 3045 superioribus

2344 3066 2718 3134 potestatibus,
2773 3066 2853 3119 sic
2892 3065 3078 3120 dicens
3114 3085 3127 3120 :
3160 3065 3387 3120 Laudato
3432 3068 3707 3121 Dominum
3743 3068 3807 3122 de
3841 3084 3943 3122 ca:-

2333 3158 2417 3223 Iis,
2466 3156 2672 3211 laudate
2710 3174 2824 3211 eum
2862 3174 3035 3211 omnes
3065 3157 3233 3228 angeli
3266 3159 3377 3227 ejus
3422 3156 3590 3229 (Psal.
3625 3158 3746 3214 “8.
3779 3161 3829 3214 Ι.
3856 3159 3937 3227 2).

2332 3250 2555 3319 Oportet
2585 3251 2762 3319 itaque
2801 3250 3048 3319 angelum
3095 3249 3231 3315 fieri,
3262 3261 3315 3304 et
3338 3251 3407 3303 ita
3437 3250 3673 3304 laudare.
3700 3249 3778 3306 Ne
3806 3266 3940 3322 ergo

2334 3341 2473 3396 hanc
2507 3341 2717 3396 laudem
2750 3357 2861 3396 rem
2898 3357 3020 3395 esse
3050 3343 3219 3397 levem
3248 3344 3617 3397 existimemus
3648 3361 3659 3397 :
3692 3342 3787 3398 scd
3814 3354 3940 3400 ante

2333 3449 2395 3487 os
2427 3444 2668 3487 nostrum
2702 3435 2806 3486 vita
2837 3443 3017 3487 nostra
3055 3434 3224 3503 ipsum
3270 3442 3448 3498 sonet,
3493 3445 3651 3505 atque
3680 3445 3803 3490 ante
3837 3437 3940 3490 lin-

2333 3540 2489 3594 guam
2518 3526 2639 3577 vita:
2670 3525 2967 3579 institutum
2997 3520 3317 3579 clametJta
3341 3524 3555 3594 quidem
3587 3528 3666 3580 vel
3699 3536 3939 3583 tacentes

2335 3615 2500 3670 Deum
2550 3614 2767 3669 laudare
2810 3630 3094 3683 possumus
3128 3632 3139 3668 :
3176 3617 3243 3669 ita
3290 3617 3449 3672 etiam
3493 3618 3767 3686 loquentes
3808 3621 3941 3673 ede-

2336 3721 2456 3759 mus
2488 3688 2905 3759 modulationem
2938 3706 3057 3759 vita:
3086 3707 3517 3761 convenientem.
3564 3708 3677 3761 Non
3707 3708 3809 3763 hoc
3838 3724 3939 3764 au-

2337 3807 2442 3851 tem
2491 3797 2663 3851 Solum
2709 3813 2775 3851 ex
2808 3796 3019 3851 Psalmo
3063 3798 3243 3854 dicere
3289 3814 3595 3871 possumus,
3647 3802 3742 3856 sed
3768 3804 3933 3859 etiam

2334 3889 2475 3961 quod
2507 3904 2695 3945 omnes
2724 3890 2885 3943 ducat
2911 3890 2977 3944 ad
3008 3891 3406 3961 symphoniam,
3454 3902 3507 3947 et
3543 3894 3763 3948 chorum
3797 3894 3937 3949 inte.

2337 4000 2491 4054 grum
2557 3992 2774 4037 statuat.
2853 3984 2965 4037 Non
3017 3984 3158 4037 enim
3209 4002 3370 4040 unum
3414 3996 3614 4040 tantum
3662 3997 3752 4048 aut
3795 3987 3936 4044 duos

2332 4076 2639 4143 alloquitur,
2684 4074 2779 4128 sed
2826 4075 3128 4129 universum
3173 4077 3447 4145 populum.
3491 4076 3930 4146 thuetnadmo-

2332 4174 2458 4221 dum
2508 4166 2750 4220 Christus
2795 4181 2894 4219 nos
2930 4166 3201 4221 deducens
3251 4166 3317 4219 ad
3366 4169 3640 4222 caritatem
3700 4178 3756 4223 et
3802 4186 3937 4225 con-

2333 4260 2569 4311 cordiam
2600 4301 2613 4319 ,
2667 4257 2812 4323 jubet
2879 4272 3193 4312 communes
3247 4274 3431 4327 preces
3498 4259 3720 4324 offerri,
3755 4271 3811 4315 et
3864 4264 3936 4316 ab

2338 4351 2587 4402 universa
2641 4348 2874 4402 Ecclesia
2926 4358 3195 4414 tamquam
3254 4350 3320 4401 ab
3360 4366 3460 4402 una
3506 4366 3731 4417 ptirsmia
3776 4352 3877 4406 dici
3911 4393 3928 4416 ,

2338 4438 2492 4493 Pater
2543 4450 2710 4492 noster
2755 4456 2774 4495 .'
2825 4451 2913 4501 et,
2963 4437 3152 4491 Panem
3199 4452 3425 4492 nostrum
3472 4442 3819 4509 quotidianam
3863 4447 3933 4496 da

2337 4534 2478 4585 nobis
2530 4532 2681 4585 hodie
2711 4550 2727 4583 :
2760 4543 2808 4585 el
2834 4573 2873 4597 ,ι
2903 4530 3109 4583 Dimitte
3165 4532 3306 4584 nobis
3350 4533 3512 4585 debita
3554 4544 3744 4595 nostra,
3798 4536 3931 4588 sicut

2336 4637 2381 4679 ε’
2428 4642 2517 4676 nos
2557 4624 2851 4685 dimittimus
2883 4639 2900 4677 :
2939 4633 2984 4675 ct
3025 4640 3085 4676 ne
3113 4640 3201 4675 nos
3224 4625 3435 4675 inducas
3480 4626 3529 4676 in
3577 4629 3927 4692 tentationem,

2335 4717 2421 4771 sed
2465 4718 2620 4769 libera
2674 4733 2763 4768 nos
2808 4732 2838 4766 a
2878 4714 3014 4767 malo
3044 4714 3256 4784 (Matth.
3305 4714 3356 4769 6.
3401 4715 3453 4767 9.
3505 4717 3581 4769 ll.
3640 4716 3725 4769 12.
3774 4719 3861 4781 I3)
3913 4735 3925 4770 :

2338 4810 2531 4877 ubique
2590 4818 2748 4859 utens
2798 4808 2985 4876 plurali
3033 4807 3276 4869 nomine,
3331 4817 3384 4858 et
3440 4807 3751 4875 prmcipiens
3810 4812 3930 4862 nui-

2336 4901 2545 4967 cniquc,
2594 4900 2705 4949 sive
2756 4898 2903 4949 solus
2946 4907 3083 4958 olet,
3126 4897 3237 4949 sive
3282 4911 3401 4954 cum
3433 4898 3572 4957 aliis,
3614 4914 3708 4965 pro
3754 4898 3932 4951 fratri-

2338 4991 2433 5043 bus
2478 4990 2672 5043 oll'erre
2724 4992 3021 5040 oratiOnem
3064 5004 3077 5039 :
3133 4987 3200 5039 ita
3252 4989 3411 5040 etiam
3474 4988 3728 5056 prophc;a
3777 5002 3933 5043 vocat

2336 5096 2525 5136 Omnes
2556 5080 2710 5131 simul
2741 5080 2805 5131 ad
2838 5090 3152 5131 concentum
3181 5079 3463 5144 orationis,
3496 5091 3549 5133 ot
3578 5080 3707 5133 dicit
3750 5098 3761 5130 :
3792 5079 3932 5134 Latt-

2337 5174 2454 5225 dute
2480 5187 2657 5222 nomen
2685 5168 2909 5222 Domini.
2933 5168 3068 5233 Quid
3102 5169 3258 5238 igitur
3285 5170 3383 5222 sibi
3416 5170 3524 5223 vult
3557 5171 3669 5224 hzec
3699 5170 3932 5239 adjeetio

2338 5262 2609 5317 nominis?
2655 5261 2877 5313 .ilaxime
2926 5261 3139 5327 quidem
3175 5261 3407 5325 explicat
3458 5261 3791 5315 affectionem
3849 5262 3932 5316 di-

2334 5358 2505 5409 centis
2558 5372 2569 5403 :
2620 5352 2881 5418 signiticat
2936 5354 3095 5405 etiam
3149 5352 3348 5421 aliquid
3402 5353 3579 5405 aliud:
3624 5354 3928 5419 Qudnam?

2341 5446 2407 5501 Ut
2456 5462 2649 5499 llthlI
2698 5447 2813 5511 ejus
2847 5460 2939 5513 per
2983 5458 3083 5499 nos
3132 5445 3479 5515 glorificatur,
3527 5456 3583 5499 ut
3626 5462 3690 5499 ex
3748 5457 3928 5501 nostra

2338 5554 2549 5611 quoque
2595 5538 2695 5589 vita
2753 5537 2995 5590 \‘ldcullll‘
3036 5536 3350 5593 laudabile:
3399 5546 3481 5591 est
3527 5539 3666 5591 enini
3716 5539 3928 5607 quidem

2336 5644 2523 5683 nainra
2580 5630 2682 5681 tale
2731 5628 2901 5681 :vult
2953 5641 3130 5682 autem
3184 5628 3317 5683 hanc
3353 5644 3565 5697 quoque
3597 5629 3801 5682 laudem
3836 5644 3935 5699 per

2335 5734 2533 5777 rectam
2581 5731 2777 5774 nostra:
2822 5722 2943 5772 vita:
3000 5723 3386 5774 institutionem
3418 5720 3689 5774 illustrari.
3765 5721 3823 5774 lit
3875 5731 3932 5775 n'.

2337 5816 2471 5867 scias
2525 5821 2592 5866 ιι]
2648 5826 2785 5877 use,
2843 5809 2957 5865 nde
3008 5828 3122 5882 qtae
3180 5822 3609 5883 coii.~eqittmtur;
3664 5810 3934 5885 subiungit
