4156 6420
164 359 251 418 501

164 479 292 532 enim
324 487 342 528 z
372 469 431 525 ’2.
462 468 550 525 Sit
580 481 767 521 nomen
790 457 997 516 Domini
1024 453 1369 516 bt'nedictum,
1397 465 1461 503 ea:
1484 446 1583 500 hac
1612 457 1770 511 nunc,

164 578 205 625 et
230 583 385 637 usqu
408 566 467 620 in
499 554 913 624 ηειιιωιιθιιὶιι
940 552 1077 608 dicis
1094 552 1120 603 1'
1149 563 1254 603 non
1282 545 1383 601 erit
1410 540 1774 602 benedictum.

164 660 254 717 nisi
298 630 352 713 tu
404 664 670 727 precatus
718 650 837 705 sis'!
876 644 1045 701 Vides
1094 656 1219 699 eum
1270 654 1376 693 non
1406 634 1590 691 dicere
1615 630 1683 685 de
1710 643 1777 686 ea

162 768 273 824 qua:
314 750 388 803 illi
406 721 583 801 adest
614 738 1011 803 benedictione,
1041 743 1099 790 ct
1124 742 1208 789 est
1228 731 1345 801 ejus
1387 736 1595 783 natura:
1618 721 1777 777 attri-

165 818 301 909 litlla,
335 840 435 897 sed
462 838 538 895 de
565 853 634 892 ea
661 850 776 904 qua:
812 832 869 886 lit
896 845 991 901 per
1013 821 1293 881 homines?
1345 818 1541 874 Paulus
1561 825 1778 886 quoque

164 941 225 994 de
249 952 310 992 ea
336 933 602 991 scribens
630 930 761 986 dicit
792 945 806 982 :
840 923 1140 995 Cleri/ictuc
1166 934 1282 972 vero
1304 914 1468 969 Deum
1488 911 1543 965 in
1567 920 1783 991 corpore

164 1042 315 1086 uestro
356 1037 404 1082 et
429 1028 489 1082 in
530 1024 722 1098 spiritu
760 1029 924 1075 testro
964 1015 1044 1085 (1.
1085 1010 1206 1067 Cor.
1253 1008 1308 1065 6.
1332 1005 1450 1078 ‘20).
1502 1003 1623 1073 Ipse
1647 1012 1779 1098 ergo

164 1133 238 1179 est
260 1122 423 1185 altus,
455 1128 518 1174 et
550 1089 780 1186 magnus
804 1123 859 1169 et
886 1105 1170 1165 laudabilis
1193 1098 1297 1172 per
1320 1098 1601 1168 seipsum;
1636 1089 1779 1186 apud

164 1183 417 1273 homines
433 1222 633 1268 autem
650 1183 787 1264 italis
811 1216 1029 1275 quoque
1057 1197 1311 1261 efficitur,
1361 1187 1579 1261 quando
1607 1183 1697 1255 qui
1727 1183 1778 1238 ei

164 1308 422 1372 serviunt,
454 1304 628 1360 talem
658 1300 821 1355 vitam
850 1291 1179 1353 ostenderint
1200 1330 1214 1350 ,
1247 1296 1304 1341 ut
1329 1282 1656 1356 quicumque
1682 1290 1778 1333 eos

166 1400 361 1464 vident,
404 1395 666 1453 laudibus
711 1399 767 1447 et
811 1380 1275 1444 benedictionibus
1326 1375 1611 1431 Dominum
1657 1383 1782 1464 pro-

164 1502 481 1563 sequantur.
531 1487 648 1543 lloc
695 1486 868 1555 ipsum
913 1494 1011 1534 nos
1048 1487 1262 1547 quoque
1295 1472 1350 1525 in
1381 1463 1781 1537 precationibus

164 1554 314 1654 jussit.
339 1580 618 1637 Dominus
644 1554 859 1643 setttper
896 1572 1079 1626 dicere
1103 1609 1117 1631 ,
1164 1554 1450 1636 precantes
1478 1578 1492 1615 :
1524 1557 1777 1626 Sancti/i-

166 1650 297 1731 retur
343 1689 542 1728 nonten
583 1676 727 1724 tuum
778 1663 993 1738 (Matth.
1024 1659 1059 1715 6
1106 1658 1167 1725 9)
1199 1675 1213 1714 :
1249 1656 1352 1711 hoc
1381 1662 1485 1716 est.
1536 1650 1640 1706 l’er
1685 1663 1784 1703 no-

167 1775 327 1823 stram
393 1778 622 1835 quoque
688 1759 853 1814 vitam
914 1752 1260 1827 glot'illcetur.
1311 1741 1779 1817 Quemadmodum

168 1858 304 1915 enim
355 1834 493 1913 dum
534 1834 678 1910 male
719 1850 966 1911 vivimus.
997 1841 1339 1900 contumeliis
1363 1847 1419 1896 et
1444 1835 1658 1911 probris
1699 1834 1781 1889 af-

170 1949 340 2005 ﬁcitur
372 1965 387 2001 :
425 1948 503 2002 ita
534 1944 665 2001 dum
698 1940 908 1997 virtutis
944 1952 1130 1995 curam
1153 1933 1410 2008 gerimus.
1456 1930 1625 2002 gloria
1664 1926 1782 1983 alli-

170 2034 324 2106 citur,
354 2037 730 2101 benedicitur,
761 2042 817 2089 et
840 2028 1227 2099 sanctiﬁcatur.
1272 2024 1426 2095 Quod
1468 2038 1598 2094 ergo
1627 2021 1779 2086 dicit,

170 2142 247 2188 est
290 2129 572 2203 ejusmodi
601 2147 616 2184 :
648 2125 755 2184 Fac
786 2136 843 2181 ut
871 2138 970 2179 nos
999 2130 1259 2193 perpetuo
1289 2127 1436 2174 recte
1478 2125 1535 2171 et
1582 2131 1647 2171 es
1678 2114 1785 2169 vir-

174 2236 281 2282 tute
326 2227 603 2289 vivamus,
668 2230 726 2276 ut
778 2220 848 2273 sit
898 2231 1093 2272 nomen
1132 2224 1281 2287 tuum
1338 2226 1434 2282 per
1476 2224 1576 2264 nos
1619 2208 1781 2263 etiam

173 2318 539 2373 benedictum.
596 2315 651 2371 ὅ.
703 2313 746 2367 Α
774 2311 897 2367 solis
925 2292 1038 2364 ortu
1065 2323 1225 2378 usque
1250 2308 1321 2359 ad
1342 2319 1579 2358 occasum
1596 2343 1613 2368 ,
1665 2302 1782 2355 latt-

174 2410 333 2465 dnbtle
386 2424 580 2464 nomen
627 2403 855 2461 Domini.
907 2400 1072 2463 Vides
1122 2413 1263 2455 eum:
1297 2411 1492 2452 novam
1545 2391 1785 2449 exordiri

173 2500 586 2573 anttbﬁcam,
634 2508 691 2555 et
730 2497 942 2568 aperire
969 2492 1300 2549 nobilitatem
1328 2486 1620 2544 Ecclesia}?
1666 2485 1783 2540 Non

177 2596 400 2651 ainalius
448 2596 595 2651 enim
643 2592 697 2646 in
755 2587 1039 2646 Palaestina
1079 2584 1278 2645 solum,
1331 2594 1434 2637 nec
1475 2581 1527 2634 iu
1572 2578 1782 2646 Judaea,

177 2612 400 2650 aluums
448 2612 595 2651 ettttlt
643 2612 697 2646 Ill
755 2612 1039 2646 runcaturi:
1079 2612 1278 2645 Wllllll,
1332 2612 1434 2637 ιιυυ
1476 2612 1527 2634 ιιι
1572 2612 1782 2646 anu-acu,

161 2612 279 2752 All
293 2688 497 2758 ubique
524 2677 1072 2749 terrarum-Quando
1104 2686 1285 2732 autem
1318 2675 1434 2729 hzec
1461 2678 1782 2734 evenerunt,

180 2781 274 2836 ιιίιὶ
317 2780 541 2851 quando
584 2784 767 2831 nostra
793 2773 1026 2831 ﬂoruere
1046 2771 1073 2824 7
1124 2770 1266 2827 Olim
1295 2767 1575 2851 enim‘uun
1606 2764 1784 2820 solum

181 2888 280 2927 non
308 2841 734 2946 benedicebatur
771 2867 825 2922 in
853 2863 1158 2929 Palmstina,
1212 2860 1308 2917 sed
1338 2841 1499 2916 etiam
1528 2856 1782 2925 blasphe-

182 2965 447 3033 mabatur,
502 2973 558 3019 et
598 2958 900 3015 maledictis
935 2953 1305 3011 incessebatur
1330 2959 1550 3023 propter
1570 2948 1787 3005 Judaaos

183 3056 265 3125 qui
310 3056 363 3111 in
412 3072 479 3113 ea
527 3053 860 3109 habitabant.
888 3048 1119 3129 g’ropter
1144 3061 1233 3101 vos
1260 3044 1429 3110 enim,
1463 3041 1656 3112 inquit.
1686 3057 1786 3095 no-

184 3163 292 3201 men
339 3158 526 3203 meum
560 3143 940 3215 blasphematur
984 3140 1115 3193 inter
1163 3145 1335 3217 gentes
1376 3133 1531 3209 (lsai.
1569 3133 1661 3190 52.
1703 3131 1783 3205 5).

185 3238 333 3297 Nunc
380 3252 562 3296 autem
602 3237 799 3307 ubique
843 3243 1109 3289 terrarum
1158 3229 1407 3285 laudibus
1456 3228 1786 3293 celebratur.

184 3332 329 3402 Quod
352 3332 573 3406 quidem
600 3330 736 3385 alius
753 3341 970 3400 quoque
998 3323 1256 3396 propheta
1281 3321 1613 3394 signiﬁcans,
1636 3320 1789 3376 dicc-

188 3422 277 3480 bat
314 3442 329 3481 :
376 3422 661 3495 Apparebit
697 3419 970 3485 Dominus,
1017 3426 1063 3472 et
1101 3415 1275 3489 perdet
1313 3431 1488 3469 omnes
1517 3414 1638 3468 deos
1666 3429 1792 3484 gen-

190 3516 343 3583 tium,
386 3526 437 3570 et
474 3514 758 3569 adorabunt
785 3527 904 3564 eum
928 3508 1271 3578 unusquisque
1291 3507 1344 3560 in
1382 3508 1494 3559 loco
1533 3520 1625 3559 suo
1665 3503 1793 3574 (So-

192 3608 342 3677 plton.
367 3610 430 3663 9..
459 3608 571 3675 11).
605 3605 671 3661 Et
696 3619 882 3676 rursus
904 3603 1042 3658 alius
1072 3620 1085 3655 :
1113 3599 1251 3669 Quia
1288 3608 1334 3655 et
1373 3601 1427 3654 in
1466 3598 1612 3654 nobis
1648 3600 1793 3654 clau-

191 3699 366 3755 dentur
407 3708 586 3771 porta,
615 3707 663 3751 et
689 3713 791 3750 non
816 3694 1144 3749 succendetnr
1178 3692 1343 3747 altare
1384 3707 1550 3746 meum
1584 3692 1745 3763 gratis
1772 3705 1793 3745 :

194 3795 424 3861 quoniam
450 3792 514 3848 ab
543 3804 659 3846 ortu
687 3788 808 3844 solis
834 3804 991 3855 usque
1028 3787 1097 3841 ad
1141 3801 1377 3841 occasum
1413 3796 1596 3841 nomen
1625 3802 1795 3841 meant

195 3886 538 3959 glori/ictuum
581 3894 653 3940 est
694 3885 748 3938 in
791 3880 1044 3956 gentibus,
1072 3891 1121 3935 et
1166 3882 1220 3935 in
1262 3881 1403 3935 omni
1440 3881 1551 3936 loco
1580 3878 1798 3948 olfertur

198 3978 471 4053 thymiama
514 3970 721 4033 nomini
752 3992 882 4041 meo,
931 3985 993 4030 et.
1023 3990 1211 4046 purum
1260 3973 1571 4044 sacriﬁcium
1613 3971 1793 4047 (Mat.

198 4072 249 4127 t.
295 4073 380 4130 ιο.
430 4071 542 4141 ll).

264 4187 317 4243 ί.
360 4185 529 4244 Vides
554 4181 827 4256 quomodo
852 4196 942 4237 res
970 4179 1221 4237 Judaicas
1267 4178 1567 4243 contraxit,
1608 4186 1664 4233 et
1710 4191 1800 4233 re-

204 4280 417 4348 pressit,
462 4286 518 4333 et
564 4276 762 4346 ubique
790 4284 1056 4330 terrarum
1085 4271 1511 4343 ecclesiasticam
1541 4271 1664 4325 vitae
1694 4270 1804 4325 for-

204 4387 337 4428 mam
365 4370 643 4437 dilatavit,
664 4378 721 4425 et
740 4369 941 4425 cultum
966 4365 1384 4438 praenuntiavit?
1412 4364 1512 4434 Qui
1528 4365 1669 4420 enim
1688 4364 1806 4420 lure

204 4460 326 4523 dicit
349 4464 634 4538 propheta,
663 4464 759 4518 fuit
784 4471 903 4533 post
928 4452 1160 4517 reditum
1182 4476 1245 4516 ex
1272 4460 1546 4532 Babylone
1571 4478 1584 4513 :
1609 4469 1664 4515 et
1682 4461 1805 4516 ideo

206 4557 315 4617 hau:
345 4571 476 4616 tunc
498 4557 768 4630 praedixit,
828 4572 895 4610 ne
937 4556 1180 4610 dicerent
1207 4553 1380 4609 Jndmi
1407 4570 1530 4610 eum
1563 4555 1706 4623 loqui
1738 4553 1807 4609 de

206 4653 471 4710 conclusis
508 4651 637 4722 ipsis
692 4664 755 4703 ac
804 4648 1035 4704 desertis
1084 4647 1136 4701 in
1180 4645 1473 4718 Babylone.
1518 4646 1807 4716 Postquam

209 4750 347 4804 enim
379 4747 470 4801 illa
499 4753 818 4806 cessassent,
843 4742 1013 4811 etipsi
1043 4740 1108 4795 ad
1142 4740 1376 4811 priorem
1401 4740 1603 4795 reversi
1625 4750 1807 4796 essent

209 4837 617 4908 rempublicam,
646 4850 708 4889 ea
736 4835 864 4889 dicit
885 4833 1132 4903 angelus,
1159 4833 1472 4903 signiﬁcans
1492 4849 1679 4888 eorum
1710 4832 1810 4889 de-

213 4931 558 4986 vastationem
580 4942 701 4998 quae
731 4925 827 4982 fuit
849 4936 1092 4996 tempore
1125 4924 1437 4995 Vespasiani
1466 4934 1520 4979 el.
1541 4925 1669 4990 Titi,
1692 4934 1814 4994 post

212 5042 365 5097 quam
405 5038 511 5078 non
540 5022 643 5076 erit
667 5020 926 5091 deinceps
954 5020 1177 5075 mutatio
1217 5020 1362 5074 illius
1404 5019 1812 5074 devastatiouis.

214 5116 359 5175 Illam
386 5116 533 5172 enim
560 5124 904 5183 consequuta;
948 5124 1072 5168 sunt
1115 5127 1203 5169 res
1250 5111 1526 5168 Ecclesiae.
1578 5112 1647 5167 Et
1690 5112 1815 5168 ideo

214 5209 359 5273 dicit,
394 5207 648 5279 Magnum
674 5222 857 5260 nomen
878 5221 1040 5260 meum
1065 5206 1118 5260 in
1146 5205 1418 5276 gentibus;
1447 5208 1547 5261 hoc
1574 5218 1677 5273 est,
1710 5207 1806 5262 be-

217 5302 508 5364 nedictum,
529 5316 624 5370 per
641 5300 833 5355 bonam
857 5300 1093 5367 ipsorum
1109 5300 1270 5352 vitam
1289 5301 1562 5354 laudatum
1590 5318 1817 5369 :quo-tn-

216 5393 500 5449 admodum
548 5394 635 5449 hic
678 5408 892 5463 quoque
918 5391 1084 5448 dicit:
1118 5391 1446 5449 Benedictum
1491 5411 1675 5448 nomen
1716 5391 1822 5448 Do-
1868 5444 1885 5453 ,,

220 5488 363 5544 licini.

291 5604 619 5676 lloqui/ictui
649 5616 736 5657 aut
766 5603 989 5659 benedici
1020 5604 1181 5658 Deum
1213 5622 1243 5658 α
1280 5606 1421 5660 nobis
1469 5607 1605 5675 quod
1630 5609 1714 5661 sit.
1749 5638 1820 5649 —

218 5702 268 5758 δ..
302 5700 548 5758 Excelsa:
574 5717 727 5771 super
755 5717 925 5754 omnes
952 5713 1121 5771 gentes
1152 5700 1417 5756 Dominus.
1447 5700 1606 5757 Vides
1639 5720 1826 5759 rursus

219 5810 396 5866 centes
427 5797 545 5869 ejus
588 5796 789 5859 cultum
834 5796 1123 5867 suscipere,
1175 5803 1227 5853 et
1268 5812 1373 5853 neu
1428 5811 1585 5852 uuam
1617 5805 1820 5854 tantuzn

1318 324 1683 390 nxrosmo
1724 320 1788 378 IN
1820 316 2146 401 essanun
2182 319 2350 379 cxu.

3403 321 3509 379 309

1880 454 1975 498 aut
2009 443 2179 511 duas,
2220 453 2316 499 aut
2362 451 2513 510 tres,
2561 442 2657 499 sed
2685 456 3041 513 quaecumque
3089 448 3218 494 sunt
3274 439 3327 494 in
3371 440 3508 497 orba

1882 538 2191 594 terrarum?
2234 536 2373 608 Quid
2427 546 2511 591 est
2566 534 2669 589 hac
2728 534 3009 605 prophetia
3068 526 3311 588 σιω-ἱυεῖ
3356 530 3508 599 Quu-

1884 630 2046 703 modo
2075 641 2256 686 autem
2277 638 2364 686 est
2382 627 2629 685 excelsus
2650 641 2819 698 super
2846 639 3038 680 omnes
3068 612 3305 701 gentes?
3347 623 3507 691 Quo-

1882 725 2031 781 niarr.
2080 739 2205 780 eum
2237 722 2669 794 magniﬁcamus,
2704 736 2811 775 non
2861 720 2912 775 ei
2951 720 3187 791 aliquam
3238 717 3504 772 addentes

1882 816 2260 874 altuudinem?
2277 814 2462 871 Absit:
2480 813 2577 870 sed
2594 812 2958 886 dogmatibus.
2975 813 3146 877 cultu,
3163 810 3504 870 adoratinne.

1885 920 1943 971 et
1987 912 2204 967 ueteris
2226 908 2515 974 omnibus;
2546 925 2650 965 non
2684 907 2884 979 aliquid
2921 905 3124 962 humile
3144 914 3199 961 et
3226 902 3504 974 abjectum

1882 1007 1953 1062 de
1980 1019 2047 1061 eo
2068 1005 2392 1074 cogitantes,
2419 1011 2480 1058 ut
2507 1001 2702 1068 Judaei,
2731 999 2826 1056 sed
2864 1000 3037 1055 multo
3068 996 3274 1066 majora
3320 1003 3377 1050 et
3419 993 3505 1050 ιι-

1887 1102 2063 1155 ιίσπιι..
2092 1099 2241 1154 Talis
2265 1108 2346 1152 est
2374 1096 2520 1152 enim
2568 1095 2685 1151 lucc
2714 1101 2900 1149 nostra
2927 1090 3242 1162 reipublicze
3270 1087 3449 1144 forma
3489 1103 3505 1142 :

1884 1201 2087 1262 quanto
2113 1190 2304 1246 czelum
2334 1196 2419 1245 est
2440 1198 2583 1244 terra
2613 1187 2794 1253 altius,
2821 1194 2972 1240 tanto
3004 1183 3119 1239 lucc
3135 1181 3297 1237 altior
3311 1181 3505 1237 veteri.

1888 1284 1956 1341 Et
2004 1282 2283 1342 idcovdicit
2306 1302 2319 1336 :
2347 1280 2601 1349 Excelsus
2625 1295 2781 1351 super
2809 1293 2985 1332 omnes
3011 1285 3181 1349 gentes
3226 1271 3506 1329 Dominus.

1885 1379 2099 1437 Etenim
2120 1392 2243 1433 cum
2264 1390 2389 1431 eum
2419 1390 2514 1445 per
2538 1372 2741 1428 cultmn
2769 1368 3069 1447 attollimus
3087 1411 3103 1436 ,
3132 1365 3264 1422 illud
3290 1380 3510 1436 quoque

1888 1474 2114 1536 scimus,
2147 1484 2264 1526 nmc
2292 1482 2413 1524 esse
2430 1466 2715 1522 humiliore
2741 1462 2904 1520 modo
2933 1463 3098 1529 dicta,
3122 1468 3179 1517 et
3196 1460 3263 1516 ad
3287 1468 3508 1530 captum

1885 1572 2132 1621 nostrum
2160 1557 2585 1618 accommodata.
2617 1557 2795 1627 Quare
2822 1556 2925 1613 etsi
2952 1554 3062 1625 sint
3088 1555 3142 1609 in
3166 1540 3322 1608 Novo
3346 1568 3511 1621 quam

1888 1660 1942 1716 in
1974 1658 2157 1716 Veteri
2189 1650 2402 1719 altiora”,
2432 1662 2561 1710 sunt
2587 1650 2914 1729 tamenejus
2938 1647 3200 1720 dignitate
3228 1646 3389 1716 longe
3421 1645 3512 1700 in-

1887 1751 2106 1808 feriora.
2125 1749 2196 1806 Et
2214 1749 2338 1805 ideo
2356 1746 2558 1804 Paulus
2582 1744 2867 1815 utriuSque
2891 1738 3220 1813 cognitionis
3242 1739 3284 1804 ί,
3312 1745 3368 1794 et
3384 1752 3510 1808 qua:

1888 1859 2035 1912 llllllc
2059 1853 2164 1912 est,
2191 1852 2247 1901 et
2273 1857 2396 1914 qute
2429 1849 2558 1907 tunc
2586 1839 2639 1895 in
2686 1835 2870 1892 futuro
2896 1833 3098 1891 steculo
3144 1831 3321 1888 futura
3370 1839 3457 1887 est
3487 1871 3505 1896 ,

1888 1937 2250 1995 diﬁ‘creutiam
2279 1932 2576 1991 ostendens
2601 1973 2616 1995 ,
2670 1928 2924 1987 dicebat:
2958 1924 3180 1994 Quando
3207 1940 3349 1979 eram
3379 1937 3508 1991 par-

1889 2020 2057 2097 vulus,
2087 2029 2348 2101 rapiebant
2376 2036 2433 2082 at
2460 2023 2728 2097 parvulus.
2780 2020 3067 2094 cogitabam
3109 2026 3167 2072 ut
3214 2014 3459 2086 parvulus
3485 2030 3505 2069 :

1892 2125 2098 2195 quando
2126 2133 2299 2177 autem
2332 2120 2500 2192 [actus
2520 2133 2634 2173 sum
2656 2116 2755 2180 uir,
2781 2111 3025 2168 euacunvi
3053 2123 3170 2180 quas
3206 2115 3355 2162 erant
3377 2122 3503 2177 par-

1888 2211 1992 2273 utili
2018 2217 2037 2288 (
2065 2217 2108 2271 l‘.
2135 2212 2257 2270 Cor.
2280 2214 2369 2269 15.
2393 2208 2504 2285 11).
2535 2209 2602 2266 Et
2628 2221 2839 2270 rursus,
2870 2203 2953 2261 Ea:
2967 2213 3114 2275 parte
3128 2200 3506 2273 cognoscimus,

1890 2321 1939 2366 et
1962 2328 2025 2366 ea:
2054 2317 2200 2381 parte
2220 2305 2608 2379 propltetamus.
2659 2300 2727 2356 Et
2768 2298 2999 2355 uidemus
3025 2313 3161 2351 nunc
3184 2294 3390 2366 quidem
3418 2309 3512 2363 per

1890 2402 2154 2474 speculum
2181 2399 2235 2453 in
2256 2397 2545 2468 amigmate,
2574 2403 2694 2447 tunc
2714 2399 2882 2445 autem
2904 2388 3039 2460 faeie
3053 2386 3123 2441 ad
3142 2386 3328 2457 facient
3342 2383 3393 2456 (Ι
3399 2384 3507 2439 bid.

1892 2512 1943 2549 υ.
1968 2494 2021 2549 0.
2052 2492 2161 2562 η).
2189 2491 2294 2547 Per
2344 2491 2461 2544 haec
2499 2485 2645 2543 enim
2692 2482 2934 2539 ostendit
2976 2479 3117 2535 hanc
3144 2477 3508 2550 cognitionem

1890 2589 1960 2644 ab
1990 2587 2078 2642 illa
2102 2594 2311 2642 tantum
2336 2582 2849 2652 abesse,,quantum
2898 2590 3036 2648 puer
3061 2591 3091 2630 a
3121 2574 3241 2629 viro
3261 2566 3360 2644 qui
3386 2586 3514 2641 per-

1889 2679 2042 2736 venit
2065 2678 2133 2734 ad
2165 2676 2459 2749 perfectam
2484 2680 2726 2729 aetatem.
2774 2668 2950 2741 Super
2987 2664 3143 2722 ctelos
3180 2663 3348 2736 gloria
3372 2661 3508 2734 ejus.

1889 2772 2158 2843 Quoniam
2188 2768 2325 2826 dixit
2360 2767 2432 2824 de
2468 2765 2629 2823 laude
2676 2773 2733 2821 et
2778 2759 3110 2820 exultatione
3151 2773 3274 2829 quae
3314 2754 3374 2811 lit
3416 2771 3513 2827 per
3556 2786 3626 2816 κ

1893 2874 2099 2921 rectam
2130 2863 2253 2918 vitae
2279 2861 2536 2916 humanm
2565 2856 2984 2915 institutionem,
3016 2859 3072 2907 et
3111 2849 3278 2904 Deum
3308 2847 3381 2902 ita
3413 2862 3513 2902 cx-

1894 2958 2103 3021 tollere,
2134 2955 2208 3011 ita
2239 2952 2460 3009 laudare
2479 2991 2495 3016 ,
2536 2950 2614 3030 ita
2649 2946 2998 3019 magniﬁcare
3035 2941 3353 3001 exhortatus
3384 2950 3507 3004 est,

1893 3052 1961 3107 ad
2010 3051 2273 3121 majorem
2309 3046 2564 3102 virtutem
2612 3038 2845 3098 incitans
2877 3035 3115 3093 ostendi!
3155 3034 3375 3091 ubinam
3406 3031 3515 3088 hoc

1894 3146 2128 3201 maxime
2179 3142 2292 3198 ﬁat.
2323 3139 2555 3198 Ubinam
2601 3151 2735 3208 ergo
2785 3136 2889 3189 hoc
2918 3132 3021 3187 lit?
3071 3130 3126 3185 In
3175 3129 3345 3186 caelis.
3398 3126 3514 3185 Illic

1893 3224 2038 3296 enim
2068 3244 2153 3293 est
2198 3235 2319 3307 ejus
2360 3231 2552 3305 gloria.
2584 3227 2775 3300 Angeli
2815 3239 3050 3296 namque
3095 3238 3219 3277 eum
3270 3220 3515 3276 maxime

1894 3305 2240 3403 gloriﬁcant,
2263 3341 2371 3382 non
2410 3340 2478 3380 ex
2522 3337 2619 3379 sua
2666 3328 2852 3376 natura
2882 3317 3081 3380 solum,
3108 3313 3205 3370 sed
3235 3305 3399 3369 etiam
3444 3326 3516 3367 ex

1895 3420 2203 3479 ohedientia
2245 3417 2525 3473 hominum
2570 3413 2767 3484 quibus
2798 3409 3105 3465 ministrant
3130 3446 3147 3472 ,
3178 3404 3513 3460 voluntatem

1896 3526 1955 3574 et
1997 3522 2266 3588 praecepta
2320 3510 2439 3582 ejus
2494 3514 2685 3562 exacte
2742 3503 3107 3573 perlicientes.
3156 3496 3285 3553 Ideo
3333 3486 3521 3564 dicit,

1899 3586 2142 3665 Potentes
2166 3606 2369 3670 virtute,
2400 3600 2643 3674 facientes
2662 3596 2871 3653 uerbum
2892 3593 3003 3660 eius
3031 3591 3049 3656 (
3071 3588 3217 3645 Psal.
3248 3587 3373 3644 l02.
3393 3586 3516 3657 20).

1900 3704 2197 3774 Propterea
2226 3699 2281 3755 in
2309 3693 2604 3767 evangeliis
2647 3704 2865 3762 quoque
2888 3686 3050 3758 jussit
3080 3683 3330 3740 Christus
3357 3695 3520 3737 orare

1901 3808 1957 3855 et
1978 3797 2185 3862 dicere,
2213 3791 2337 3847 Fiat
2365 3789 2601 3845 voluntas
2624 3795 2735 3862 lua,
2768 3783 2899 3838 sicut
2922 3782 2974 3834 in
2998 3778 3147 3844 catlo,
3186 3786 3235 3832 et
3278 3780 3333 3831 in
3380 3784 3520 3830 terra

1904 3888 2133 3964 (Matth.
2244 3881 2357 3956 10).
2389 3880 2503 3937 Hoc
2549 3860 2653 3944 esti,
2686 3871 3142 3947 quemadmodum
3171 3884 3297 3925 eum
3319 3867 3522 3923 sancti-

1902 3960 2067 4043 iicaut
2087 3979 2285 4052 angeli,
2313 3978 2382 4033 ah
2408 3974 2556 4032 omni
2587 3971 2803 4044 quidem
2836 3968 2967 4023 vitio
2996 3960 3521 4029 liberati,‘virtutem

1902 4089 2084 4135 autem
2106 4082 2293 4133 exacte
2321 4076 2753 4144 persequentes:
2791 4065 2863 4118 ita
2890 4061 3054 4118 etiam
3084 4073 3186 4115 nos
3224 4056 3373 4130 digni
3422 4056 3523 4110 ha-

1905 4174 2172 4243 beamur,
2221 4167 2311 4237 qui
2359 4165 2535 4235 ipsum
2581 4156 3003 4216 saucﬁllcemus.
3050 4152 3167 4208 lloc
3213 4152 3271 4221 ip
3302 4166 3390 4203 um
3423 4149 3526 4205 .bic

1906 4279 2121 4336 quoque
2149 4256 2479 4331 significans,
2503 4251 2812 4336 subjunxit:
2841 4246 3013 4319 Super
3034 4245 3186 4302 caelos
3206 4244 3372 4316 gloria
3389 4260 3523 4316 ejus.

1909 4358 2025 4414 Non
2048 4355 2225 4412 solum
2259 4351 2405 4407 enim
2436 4349 2490 4403 in
2532 4356 2674 4401 terra
2718 4335 2928 4398 videbis
2961 4340 3059 4394 has
3083 4346 3366 4394 creaturas
3404 4352 3529 4406 qua:

1912 4459 2226 4511 cernuntur,
2256 4459 2357 4499 nec
2382 4437 2811 4513 pulcherrimum
2841 4431 3088 4488 ordinem
3114 4430 3202 4501 qui
3233 4428 3386 4487 estin
3418 4442 3529 4479 czvo

1913 4547 1990 4612 lo,
2013 4541 2108 4598 sed
2140 4536 2374 4594 ascende
2400 4550 2431 4590 a
2461 4528 2817 4588 sensibilihus
2848 4525 2917 4580 atl
2947 4522 3247 4595 spiritualia
3270 4563 3285 4586 ,
3316 4520 3382 4574 ad
3414 4519 3533 4590 pul-

1914 4633 2273 4694 chritudinem
2315 4628 2527 4682 illarum
2569 4620 3033 4680 substantiarum.
3066 4616 3135 4671 ad
3183 4614 3532 4685 splendorem

1917 4732 2061 4789 illius
2086 4724 2397 4796 reipublicae
2422 4738 2437 4774 :
2459 4728 2518 4776 et
2536 4726 2665 4774 tunc
2692 4715 2834 4772 scies
2859 4710 3133 4785 quomodo
3168 4719 3254 4768 est
3292 4710 3344 4766 in
3384 4710 3537 4767 cadis

1915 4824 2088 4898 gloria
2111 4821 2251 4892 ejus.

1994 4919 2136 4974 Deus
2180 4932 2273 4971 cur
2300 4914 2354 4967 in
2382 4910 2508 4967 calo
2538 4908 2769 4963 habitare
2806 4905 3029 4960 dicatur.
3051 4933 3126 4945 -—
3152 4903 3206 4956 ες.
3253 4900 3379 4969 Quis
3404 4902 3537 4957 sicut

1922 5014 2176 5071 Dominus
2207 5010 2341 5063 Deus
2369 5013 2559 5067 noster,
2580 5001 2668 5073 qui
2688 5001 2743 5055 in
2763 4998 2883 5053 altis
2913 4998 3127 5061 habitat,
3163 4996 3217 5051 6.
3246 5007 3293 5049 et
3321 4993 3541 5048 humilia

1922 5109 2166 5182 respicit?
2196 5109 2391 5161 Annon
2431 5099 2647 5156 videtur
2688 5109 2944 5167 maguum
2997 5107 3121 5148 esse
3166 5088 3309 5161 quod
3335 5089 3542 5143 dictum

1925 5207 2048 5263 est?
2075 5202 2182 5259 Sed
2215 5198 2430 5270 quando
2455 5188 2890 5249 consideraveris
2913 5186 2983 5242 de
3003 5200 3241 5257 quonam
3267 5182 3319 5238 id
3333 5182 3539 5238 dictum

1927 5303 2019 5366 sit,
2050 5300 2153 5354 hoc
2182 5297 2341 5366 longe
2365 5292 2470 5347 erit
2508 5304 2575 5345 eo
2597 5285 2845 5342 inferius.
2891 5282 2991 5346 lla,
3036 5280 3191 5335 sicuti
3223 5278 3337 5334 dixi
3364 5319 3380 5341 ,
3437 5293 3545 5331 nou

1929 5392 2138 5466 opo’rtet
2169 5391 2221 5446 in
2236 5386 2414 5443 verbis
2433 5382 2563 5439 solis
2588 5380 2805 5445 sistere,
2834 5374 2930 5432 sed
2953 5383 3135 5429 mente
3158 5369 3547 5428 conscendere.

2002 5638 2016 5667 ι
2055 5641 2197 5694 Reg,
2220 5623 2737 5694 Pnnlttsdeclarabat,
2763 5621 2889 5672 hanc
2922 5616 3247 5694 cognitsonmn
3259 5624 3474 5694 ponunt
3493 5610 3557 5661 ab

1937 5676 2332 5748 arbe'iéiibhim
2359 5688 2563 5743 distare.
2591 5676 2826 5750 quantum
2849 5676 3085 5750 puerulus
3108 5688 3175 5729 est
3202 5676 3555 5750 inferiorum-tt,

1941 5738 2115 5821 adiali
2126 5738 2401 5821 perfectam
2420 5738 2621 5821 damni
2642 5754 2830 5821 tenuem
2851 5738 2869 5811 ζ
2894 5751 2937 5797 et
2964 5745 3215 5807 utriusque
3250 5738 3554 5806 rogauimus.

1945 5812 2057 5883 Quae
2085 5812 2235 5871 leCtio‘
2254 5815 2458 5881 quadrat
2483 5813 2541 5864 ad
2566 5812 2768 5863 seriem.
