4156 6420
665 343 772 402 ωδ

658 464 939 530 Quomodo
959 461 1099 515 enim
1129 461 1182 515 in
1207 460 1350 514 ca-lis
1374 458 1593 519 habitat,
1627 460 1714 526 qui
1740 459 1927 512 cadum
1954 466 2007 511 et
2043 466 2240 511 terram

660 551 891 620 implet?
920 552 1007 618 qui
1039 551 1229 620 ubique
1254 563 1486 617 praesens
1510 548 1626 602 est?
1663 549 1751 617 qui
1783 548 1944 601 dicit:
1985 545 2118 599 Deus
2157 562 2250 620 ap-

660 646 1004 712 propinquans
1032 657 1123 712 ego
1151 657 1264 693 sum
1286 681 1302 705 ,
1343 650 1387 693 et
1418 656 1515 692 non
1553 639 1691 693 Deus
1729 640 1907 707 procul
1949 637 2100 710 (Jer.
2153 638 2242 692 23.

659 734 776 805 Q3).
801 737 897 800 Qui
928 751 1124 787 mensus
1168 744 1238 786 est
1279 735 1456 786 cretum
1489 732 1672 801 palmo,
1709 742 1754 784 et
1800 730 2246 818 terram‘pugil/o;

657 827 745 895 qui
776 826 993 878 continet
1029 825 1270 877 ambitum
1316 833 1463 876 terra
1506 824 1523 889 (
1558 821 1685 874 lsai.
1716 822 1805 877 40.
1836 821 1917 876 12.
1946 811 2082 888 99)?
2133 819 2242 875 Sed

661 916 913 984 quoniam
946 915 1259 985 loquebatur
1288 925 1413 968 tunc
1438 927 1556 967 cum
1587 912 1785 967 Judacis
1804 955 1817 977 ,
1875 923 2150 981 propterea
2179 926 2246 965 eo

657 1023 906 1063 sermone
948 1023 1074 1062 usus
1100 1017 1216 1071 est,
1243 1000 1493 1078 pa'ulatiin
1516 1007 1728 1076 erigens
1749 1021 1931 1060 eorum
1963 1005 2245 1073 cogitatio-

663 1115 810 1161 nem,
845 1109 898 1153 et
921 1108 1150 1153 mentem
1181 1099 1379 1153 sensim
1401 1098 1662 1151 extollens
1689 1108 1738 1151 et
1763 1096 2014 1150 cst-hens.
2043 1097 2246 1150 ideirco

661 1207 767 1245 non
794 1184 928 1243 dixit
953 1189 1309 1252 solummodo,
1348 1189 1447 1252 Qui
1476 1189 1525 1242 in
1557 1188 1674 1241 aliis
1702 1189 1911 1251 habitat,
1958 1197 2001 1240 et
2033 1187 2244 1238 [tantilla

657 1281 858 1351 respicit
885 1298 906 1336 :
936 1280 1028 1334 sed
1058 1294 1178 1334 com
1224 1281 1369 1348 prius
1410 1281 1653 1344 dixisset,
1688 1281 1810 1346 Quis
1837 1281 1968 1332 sicut
1995 1279 2243 1333 Dominus

657 1369 992 1431 Deusnoster,
1011 1379 1120 1424 tum
1136 1370 1426 1438 suhjnnxit,
1445 1369 1547 1436 Qui
1563 1370 1738 1423 inultis
1756 1371 1962 1432 habitat,
1998 1381 2045 1422 et
2073 1370 2242 1422 Immi-

655 1460 724 1513 lia
740 1460 963 1527 respicit,
982 1461 1272 1516 ostendens
1286 1453 1511 1529 quanam
1529 1461 1595 1514 de
1608 1475 1763 1513 causa
1791 1461 1935 1513 illud“
1947 1460 2239 1516 secundum

651 1550 866 1616 dixerit,
882 1534 1071 1621 nempe
1090 1551 1590 1622 propterJudaicam
1607 1553 2019 1606 imbecillitatem
2034 1553 2242 1605 simula-

650 1656 739 1694 cra
758 1649 1146 1712 stupentem,ct
1177 1643 1371 1697 deosin
1389 1643 1808 1712 locisettetnplis
1835 1645 2113 1699 conclusos
2149 1645 2241 1698 ad-

654 1743 922 1788 orantem.
950 1733 1074 1790 ideo
1110 1735 1312 1790 inducit
1349 1737 1604 1804 paulatim
1622 1737 2239 1804 comparationem,licet

655 1825 790 1878 citra
829 1827 1279 1894 comparationem
1321 1826 1459 1880 Deus
1478 1841 1665 1881 omnes
1691 1830 2084 1896 superemineat
2109 1848 2121 1882 :
2143 1829 2237 1884 sed

654 1916 724 1990 ad
738 1916 1161 1972 imbecillitatem
1189 1919 1522 1983 auditorum,
1551 1921 1690 1974 sicut
1719 1920 1825 1974 dixi
1849 1963 1864 1983 ,
1895 1937 2067 1991 neque
2095 1923 2237 1976 enim

652 2008 875 2070 cessabo
898 2008 1002 2063 hoc
1026 2010 1241 2065 assidue
1267 2010 1469 2074 dicere,
1489 2013 1783 2066 orationem
1811 2015 2112 2068 concinnat.
2135 2014 2239 2069 Ne-

651 2117 758 2169 que
792 2103 932 2156 enim
974 2104 1248 2173 qttterebat
1295 2113 1352 2167 ut
1398 2112 1522 2159 tunc
1551 2105 1751 2160 diceret
1780 2107 1975 2175 aliquid
2019 2107 2234 2176 dignum

653 2192 746 2246 Ι)θί
777 2193 968 2262 gloria,
998 2193 1091 2248 sed
1120 2203 1176 2248 ut
1202 2194 1341 2264 quod
1366 2195 1588 2262 diceret,
1613 2196 1680 2248 ab
1699 2197 1778 2250 eis
1804 2200 1920 2265 capi
1951 2210 2146 2267 posset.
2171 2201 2238 2255 Et

650 2283 772 2336 ideo
804 2284 1052 2352 paulatim
1072 2299 1166 2338 eos
1191 2273 1458 2339 sustollit:
1490 2295 1545 2340 et
1587 2297 1765 2342 tamen
1807 2304 1874 2343 ne
1901 2289 1978 2342 sie
2020 2290 2234 2358 quidem

648 2381 928 2440 permanet
949 2375 999 2426 in
1020 2373 1335 2442 humilitate,
1359 2377 1452 2429 sed
1474 2389 1656 2430 rursus
1681 2377 1852 2446 aperit
1879 2379 2135 2447 quosdam
2154 2381 2237 2434 al-

652 2463 816 2517 tiores
865 2478 1074 2517 sensus.
1106 2463 1392 2534 Postquam
1420 2466 1562 2520 enim
1586 2465 1741 2533 dixit,
1776 2466 1878 2532 Qui
1918 2470 1971 2523 in
1999 2471 2116 2525 altis
2142 2471 2235 2524 Ita-

649 2555 795 2618 bitat,
823 2570 870 2607 et
896 2555 1106 2608 humilia
1133 2557 1336 2624 respicit
1367 2571 1386 2609 :
1412 2572 1594 2612 rursus
1615 2558 1681 2612 ad
1704 2559 1891 2614 altiora
1933 2541 2230 2617 orationem

651 2648 916 2702 extollens
944 2649 1071 2702 dicit
1100 2665 1114 2703 :
1152 2647 1214 2702 In
1241 2649 1364 2702 ca'lo
1392 2659 1439 2702 et
1467 2649 1520 2703 in
1551 2661 1685 2703 terra
1722 2667 1742 2705 :
1776 2653 2065 2707 05tendens
2084 2669 2229 2708 eum

647 2754 769 2793 esse
797 2740 1011 2807 ubique,
1061 2749 1113 2794 et
1160 2740 1264 2806 hic,
1297 2750 1350 2794 et
1392 2740 1519 2795 illic.
1548 2741 1666 2796 Non
1692 2743 1834 2797 enim
1882 2752 2146 2814 tamquam
2180 2745 2229 2798 in

648 2831 780 2884 eat-lo
803 2831 1057 2895 inclusus,
1089 2832 1304 2899 respicit
1327 2832 1536 2886 eminus
1557 2848 1676 2903 qua:
1701 2834 1833 2888 liunt
1860 2837 1910 2888 in
1940 2845 2104 2900 terra,
2134 2835 2230 2891 sed

649 2924 844 2993 ubique
873 2938 1107 2991 przescns
1128 2935 1182 2978 et
1204 2925 1453 2979 omnibus
1479 2928 1756 2983 assistens.

719 3017 772 3070 3.
819 3017 1004 3071 Vdisti
1048 3019 1316 3086 quomodo
1364 3019 1614 3088 paulatim
1651 3031 1884 3078 mentem
1927 3028 2228 3082 auditorum

642 3098 872 3162 sustollit
893 3109 1008 3179 (a)?
1035 3109 1233 3164 Deinde
1248 3111 1676 3167 t'ntnanditorem
1708 3129 1736 3167 a
1762 3125 1898 3170 terra
1929 3119 2223 3184 extulisset,

641 3213 695 3256 et
727 3202 776 3254 iu
807 3201 940 3256 etnlo
964 3201 1280 3256 collocasset
1325 3221 1336 3255 :
1381 3218 1567 3258 rursus
1597 3220 1892 3280 procurans
1935 3219 1989 3263 ut
2027 3211 2226 3280 aliquid

651 3293 825 3363 majus
853 3294 1032 3348 animo
1063 3295 1518 3364 apprehenderet,
1546 3270 1690 3353 velut
1715 3298 1780 3353 ad
1808 3270 1950 3355 aliud
1979 3301 2098 3372 ejus
2119 3270 2226 3374 lpo-

645 3383 825 3438 tentia)
851 3384 1126 3447 iudicium,
1154 3384 1370 3442 dicens:
1403 3387 1456 3440 7.
1487 3385 1754 3444 Suscitans
1781 3407 1812 3443 ιι
1845 3401 1977 3444 terra
2003 3395 2223 3463 inopem,

645 3486 693 3528 et
718 3475 781 3528 de
805 3485 1024 3529 stercore
1046 3477 1240 3546 erigens
1265 3494 1562 3547 pauperem.
1583 3478 1784 3548 Magnae
1803 3491 1884 3542 est
1904 3483 2046 3536 enim
2069 3494 2227 3554 atque

641 3569 778 3622 adeo
807 3567 1088 3623 iucﬂ'abilis
1123 3570 1403 3636 potenti-.c,
1437 3585 1596 3639 parva
1625 3571 1905 3626 extollere.
1940 3573 2077 3628 Alibi
2128 3592 2225 3630 au-

641 3668 750 3714 tem
779 3659 1103 3714 contrarium
1132 3676 1342 3730 quoque
1367 3663 1508 3730 ponit
1536 3663 1689 3726 alius,
1722 3664 1862 3732 quod
1881 3680 2067 3734 magna
2086 3682 2222 3735 quo-

637 3766 742 3818 que
770 3736 1052 3819 deprimat,
1096 3753 1174 3805 sic
1218 3753 1401 3807 dicens
1432 3772 1446 3808 :
1487 3751 1728 3809 Dividens
1756 3757 2106 3812 contritionem
2135 3777 2224 3813 su-

639 3859 729 3911 per
755 3843 1125 3912 fortitudinem,
1153 3855 1198 3898 et
1241 3845 1492 3899 miseriam
1536 3864 1693 3916 supra
1718 3851 2081 3904 munimentum
2130 3854 2227 3906 ad.

639 3935 858 4005 iungens
885 3933 1061 4004 (Amos
1110 3936 1161 3989 5.
1210 3936 1289 4004 9).
1335 3936 1428 3991 llic
1455 3918 1665 4006 quidem
1696 3951 1843 3994 certe
1871 3942 2069 3997 dictum
2099 3953 2174 3998 est
2204 3986 2219 4011 ,

637 4025 778 4094 quod
810 4026 975 4094 possit
1000 4026 1217 4093 pusillos
1243 4027 1466 4098 erigere.
1498 4029 1593 4084 Est
1617 4031 1794 4100 itaque
1810 4034 2218 4098 generalisora-

638 4119 733 4171 tio.
765 4117 915 4183 Quod
944 4118 986 4172 si
1017 4119 1140 4188 quis
1164 4121 1275 4173 [nec
1301 4122 1459 4196 etiam
1494 4124 1880 4194 velitaccipere
1903 4128 2214 4196 auagogiee,

634 4209 833 4263 videbit
860 4211 958 4263 hoc
981 4209 1176 4264 factum
1207 4219 1326 4265 esse
1354 4213 1404 4264 in
1440 4193 1709 4282 'gentibus,
1741 4193 1939 4270 ridebit
1971 4193 2072 4271 hoc
2092 4234 2220 4272 eve-

637 4302 780 4353 nisse
810 4300 862 4352 in
891 4299 1042 4353 nobis
1074 4299 1376 4352 hominibus
1404 4313 1644 4372 tempore
1692 4303 1951 4360 adventus
1999 4308 2218 4362 Christi.

634 4391 771 4458 Quid
797 4391 939 4445 enim
965 4400 1078 4445 erat
1111 4401 1288 4444 nostra
1318 4402 1503 4446 natura
1544 4398 1857 4462 pauperius?
1883 4398 2009 4451 Eam
2043 4410 2217 4454 tamen

634 4483 808 4536 erexit
835 4492 890 4536 et
916 4483 1128 4536 sustulit
1165 4484 1215 4536 iu
1244 4485 1431 4538 ςαιΙιιιιι
1457 4503 1578 4540 cum
1609 4490 1803 4540 uestris
1834 4492 2082 4557 primitiis
2107 4537 2118 4554 ,
2153 4503 2208 4547 et

635 4575 912 4628 constituit
941 4575 1216 4628 sedentem
1265 4575 1314 4628 in
1339 4577 1482 4632 c:clis
1511 4578 1561 4633 in
1595 4579 1789 4632 throno
1821 4580 2013 4636 Patris.
2062 4582 2126 4636 Et
2158 4589 2221 4639 de

633 4676 848 4720 stercore
869 4667 1063 4736 erigens
1088 4685 1377 4739 pauperem,
1408 4671 1462 4725 8.
1492 4683 1544 4724 ut
1565 4673 1775 4727 collocet
1802 4691 1915 4728 eum
1945 4692 2058 4729 cum
2079 4679 2220 4746 prin-

631 4753 847 4830 cipibus,
894 4776 1006 4813 cum
1048 4761 1357 4830 principibus
1406 4765 1579 4832 populi
1605 4766 1702 4820 sui.
1732 4766 1947 4820 Stercus
1975 4769 2058 4820 lric
2089 4770 2222 4824 dicit

634 4855 910 4916 vilitatem,
939 4866 1013 4918 et,
1043 4869 1162 4922 qua:
1182 4870 1246 4907 cx
1273 4871 1332 4904 ea
1368 4855 1446 4916 lit,
1477 4859 1806 4922 repentinam
1837 4861 2210 4924 nuitationom,

632 4943 923 4999 oste-Iuleos
949 4948 996 5000 ei
1041 4960 1161 4998 esse
1201 4947 1378 4998 omnia
1421 4947 1594 5000 incilia
1621 4960 1673 5001 et
1699 4951 1963 5018 expedita.
2019 4952 2217 5007 Deinde

633 5041 823 5091 transit
851 5038 913 5090 ad
937 5039 1076 5090 aliud
1112 5043 1300 5102 Iunius.
1327 5040 1604 5104 Quodnam
1639 5041 1776 5095 hoc?
1806 5044 1956 5110 Quod
1992 5063 2095 5096 non
2126 5061 2216 5098 so-

632 5130 740 5183 lum
770 5140 940 5197 potest
967 5147 1052 5182 res
1084 5130 1404 5193 transferre,
1433 5142 1484 5185 et
1514 5131 1800 5188 humilibus
1822 5136 1948 5188 dare
1976 5138 2215 5190 auctori-

631 5234 817 5285 tatem,
848 5224 939 5276 sed
967 5225 1129 5293 ipsius
1151 5225 1307 5277 etiam
1341 5237 1543 5278 natura!
1577 5236 1943 5282 trausmovere
1977 5229 2172 5283 limites
2196 5273 2210 5294 ,

630 5330 682 5372 et
723 5333 838 5371 eam
864 5357 878 5379 ,
911 5308 1026 5385 qtue
1070 5328 1184 5389 erat
1209 5318 1424 5376 sterilis,
1460 5329 1681 5371 matrem
1718 5318 1952 5375 efﬁcere.
2005 5321 2068 5374 lit
2099 5322 2217 5376 ideo

632 5410 903 5477 Subiunxit.
935 5427 946 5462 :
980 5410 1033 5459 α.
1072 5409 1172 5474 Qui
1194 5409 1422 5462 habitare
1448 5410 1568 5479 facit
1588 5412 1806 5463 sterilem
1829 5411 1877 5464 in
1908 5411 2079 5476 dante,
2106 5431 2217 5467 nm-

630 5511 754 5554 trem
784 5486 932 5567 super
953 5499 1073 5567 ﬁliis
1103 5500 1375 5553 (celantem.
1405 5500 1556 5566 Quod
1591 5500 1803 5570 quidem
1833 5500 2028 5555 factum
2053 5514 2138 5558 est
2165 5505 2214 5558 iu

691 5612 763 5671 (11)
800 5619 846 5674 lli
890 5618 1071 5664 ϐτωεο.
1111 5628 1232 5674 tntae!
1263 5625 1327 5670 τήν
1351 5619 1508 5662 διάνοιαν
1530 5632 1600 5663 τῶν
1632 5624 1848 5662 ἆιθνὸντιισν.
1876 5616 2218 5673 interpretatio

630 5675 686 5722 ad
714 5673 912 5720 verbum
938 5682 1087 5726 exstet,
1113 5673 1202 5722 alis
1220 5675 1410 5722 instruit
1434 5683 1652 5727 mentem,
1677 5675 1719 5722 id
1740 5683 1832 5726 ρει.
1852 5676 1908 5722 ad
1934 5676 2217 5724 sublimiora

627 5733 970 5781 consideranda
997 5735 1216 5800 informat
1242 5735 1562 5800 idoneamqne
1595 5738 1786 5798 reddit;
1814 5750 1904 5799 qua
1932 5740 2213 5800 luctat-liora
2254 5786 2255 5789 η

628 5799 659 5846 ιι
676 5803 1021 5855 vqucuttSsunc
1050 5799 1190 5846 utitur
1216 5797 1586 5858 (lupi-stemus.

1365 341 1422 401 8.
1463 340 1741 397 JOANNIS
1779 337 2262 396 CllRYSOSTOMI
2295 337 2623 393 ‘ABCHIEP.
2665 341 3204 400 CONSTANTINOP.

3848 344 3969 400 501

2357 458 2531 516 Anna,
2557 455 2695 524 quod
2725 457 2918 510 factum
2953 457 3006 512 in
3033 459 3153 513 aliis
3183 459 3660 515 innumerabilibus
3687 461 3705 528 (
3730 461 3770 514 l.
3808 459 3969 531 Reg.

2355 546 2428 612 i).
2459 545 2642 600 Vidisti
2669 546 2923 616 hymnum
2948 547 3241 616 perfectum
3262 550 3286 603 2
3310 551 3485 604 vidisti
3515 551 3966 620 bymtunucom-

2352 636 2592 706 pictum?
2624 639 2761 690 Dixit
2791 654 2852 692 ea
2873 655 2992 709 quae
3024 641 3328 696 universum
3354 642 3538 696 orbem
3571 649 3730 696 terra:
3755 656 3964 697 corre-

2350 742 2500 786 ctura
2533 741 2687 785 erant
2711 773 2724 793 ,
2771 732 3042 800 quomodo
3083 745 3195 788 erat
3236 745 3542 790 cessaturus
3585 734 3906 790 Jodaismus
3938 775 3962 801 ,

2349 821 2620 886 quomodo
2645 838 2778 874 nova
2811 822 3064 877 Ecclesiae
3088 825 3387 893 respublica
3417 836 3533 880 erat
3578 826 3630 880 iu
3681 825 3962 895 splendo-

2355 928 2464 965 l‘t'lll
2488 915 2714 974 exitura,
2740 913 3010 980 qtt'unodo
3035 924 3151 968 erat
3180 915 3374 982 ubique
3400 915 3730 971 olfcrendnut
3774 918 3966 970 sacri-

2353 1001 2548 1055 ticiunt.
2582 1002 2782 1056 Deinde
2806 1002 3046 1058 efﬁciens
3073 1013 3130 1058 ut
3155 1005 3237 1059 vel
3264 1006 3620 1060 crassioribus
3642 1007 3747 1061 lide
3777 1006 3957 1076 digna

2351 1108 2487 1148 esset
2516 1095 2708 1159 oratio,
2757 1112 2820 1149 ex
2852 1096 2915 1150 iis
2945 1113 3062 1165 qua:
3087 1097 3196 1166 jam
3236 1098 3387 1163 ﬁunt,
3428 1114 3546 1166 qua:
3588 1107 3716 1153 sunt
3763 1097 3962 1152 futura

2349 1191 2652 1242 contirmat.
2686 1188 2836 1254 Quod
2869 1200 3044 1244 autem
3077 1191 3222 1254 dicit,
3253 1200 3336 1246 est
3355 1191 3616 1260 ejusmodi
3643 1208 3656 1243 :
3685 1191 3763 1245 Ne
3797 1189 3959 1244 ιιιηὶ-

2347 1280 2443 1333 das
2476 1282 2700 1334 t'ntnmm
2735 1285 3335 1348 tantam'mutationem,
3379 1291 3434 1337 et
3473 1283 3724 1352 disjeCIas
3753 1295 3960 1352 gentes

2348 1388 2468 1426 esst:
2492 1382 2742 1426 venturas
2782 1373 3065 1426 maximam
3105 1375 3156 1427 in
3203 1374 3449 1443 gloriam.
3481 1373 3594 1428 Non
3636 1375 3786 1429 vides
3825 1375 3956 1429 bmc

2349 1465 2459 1516 tieri
2489 1465 2767 1532 quotidie?
2791 1466 2969 1519 extolli
2990 1465 3242 1531 humiles,
3272 1475 3326 1519 et
3345 1466 3539 1520 sedere
3567 1482 3689 1519 cum
3731 1466 3954 1535 princi-

2348 1556 2535 1622 pibux?
2563 1572 2666 1610 non
2695 1556 2843 1610 vides
2871 1565 3136 1622 naturam,
3159 1573 3279 1625 quae
3305 1567 3421 1610 erat
3443 1572 3625 1611 manca
3655 1556 3947 1623 etmut‘la,

2345 1649 2558 1716 corrigi,
2591 1649 2804 1703 steriles
2845 1659 3044 1704 matres
3074 1648 3225 1702 ﬁeri?
3261 1649 3388 1702 Tale
3414 1649 3538 1718 quid
3568 1651 3731 1703 etiam
3757 1649 3950 1704 evenit

2347 1739 2396 1792 in
2426 1739 2686 1792 Ecclesia.
2719 1739 2844 1792 Erat
2875 1739 3097 1805 sterilis,
3127 1740 3220 1793 scd
3249 1741 3532 1793 multorum
3557 1740 3786 1809 titioruin
3817 1756 3931 1794 ma.

2347 1837 2427 1882 ter
2453 1828 2588 1883 facta
2620 1839 2723 1882 est.
2775 1828 3037 1894 Quocirca
3084 1829 3213 1883 dicit
3232 1828 3393 1883 Isaias
3422 1846 3436 1882 :
3466 1829 3893 1892 Ltetare,s:erilis
3921 1871 3942 1895 ,

2341 1935 2456 1990 qua
2484 1936 2583 1972 non
2623 1920 2760 1987 paris
2784 1934 2804 1983 ;
2829 1936 3036 1991 erumpe
3063 1931 3108 1972 et
3137 1920 3322 1984 clama,
3364 1936 3476 1989 qua
3513 1937 3614 1974 non
3659 1923 3883 1990 parturis
3915 1937 3940 1975 :

2342 2011 2581 2075 quoidam
2613 2010 2759 2062 turriti
2801 2018 2918 2062 sunt
2943 2010 3039 2076 ﬁlii
3069 2009 3280 2064 deserta
3303 2011 3464 2080 magis
3492 2027 3644 2080 quam
3685 2012 3796 2081 ejus
3825 2025 3946 2078 qua

2343 2099 2488 2153 habet
2523 2100 2686 2152 virum
2725 2100 2745 2170 (
2775 2099 2904 2152 Isai.
2941 2101 3030 2155 5i.
3066 2100 3118 2169 i)
3148 2116 3160 2152 :
3198 2100 3298 2155 hoc
3325 2100 3378 2154 in
3410 2101 3646 2155 Ecclesia
3697 2101 3938 2155 futurum

2343 2193 2725 2262 prmnuntians.
2777 2193 3039 2257 Quoc'rca
3085 2193 3170 2246 hic
3223 2207 3435 2261 quoque
3485 2193 3784 2247 orationem
3832 2192 3943 2248 hoc

2343 2283 2463 2337 loco
2480 2283 2688 2347 clausit,
2735 2283 3072 2352 prophetiam
3103 2282 3207 2337 [ide
3228 2283 3442 2350 dignam
3484 2283 3609 2337 biuc
3649 2283 3889 2338 eilicieus
3915 2324 3936 2348 ,

2341 2375 2519 2438 exiis,
2547 2389 2666 2443 qua:
2701 2374 2813 2443 jam
2864 2373 3001 2429 facta
3047 2384 3211 2442 sunt,
3241 2376 3308 2430 ab
3354 2374 3471 2444 ejus
3517 2376 3939 2446 magniﬁcentia.

2339 2467 2701 2535 Qumeumque
2731 2465 2874 2520 enim
2906 2466 3013 2520 Deo
3044 2466 3214 2520 risum
3245 2465 3461 2531 fuerint,
3507 2477 3632 2521 sunt
3674 2466 3818 2522 factu
3846 2465 3936 2522 fa-

2339 2558 2480 2611 cilia.
2512 2557 2694 2611 Potest
2721 2557 2865 2612 enim
2899 2567 3255 2612 transmutare
3284 2565 3549 2622 naturam,
3575 2567 3630 2613 et
3657 2560 3937 2614 humilita-

2342 2659 2447 2702 tem
2477 2648 2770 2703 transferre
2799 2649 2849 2702 in
2889 2648 3222 2702 altitudinem
3246 2689 3262 2714 ,
3309 2657 3364 2702 et
3413 2665 3592 2704 mores
3634 2649 3930 2719 eoi-rigere.

2337 2741 2470 2796 Cum
2504 2741 2618 2795 haec
2639 2756 2769 2809 ergo
2791 2742 3022 2801 sciamus
3049 2741 3250 2806 omnia,
3277 2757 3398 2810 qtue
3429 2751 3611 2796 nostra
3643 2753 3768 2796 sunt
3793 2741 3930 2796 alle-

2339 2847 2540 2896 ramus,
2593 2843 2648 2886 et
2694 2834 2839 2888 omni
2897 2833 3137 2887 fructnur
3159 2833 3349 2902 gloria,
3398 2844 3454 2888 et
3481 2833 3548 2888 ad
3604 2834 3928 2893 luem-bilem

2337 2924 2692 2979 ascendetnus
2719 2924 3078 2984 altitudinem,
3111 2923 3202 2978 Dei
3229 2925 3428 2998 auxilio
3449 2927 3603 2980 freti:
3635 2927 3719 2980 cui
3757 2926 3928 2996 gloria

2335 3026 2389 3072 et
2443 3016 2698 3085 potentia,
2733 3015 2875 3070 Patri
2923 3024 2976 3069 et
3021 3015 3154 3070 Filio
3184 3027 3238 3070 et
3263 3016 3480 3086 Spiritui
3531 3027 3738 3084 sancto,
3783 3034 3930 3074 nunc

2335 3119 2391 3165 et
2411 3124 2648 3180 semper,
2671 3118 2724 3163 et
2749 3108 2800 3162 in
2827 3107 3018 3162 sazcula
3047 3109 3389 3162 szccuiorutn.
3419 3111 3612 3165 Amen.

2797 3243 2861 3298 ΙΝ
2901 3242 3228 3300 PSALMUM
3265 3243 3448 3299 CXlll.

2335 3359 2386 3415 1.
2432 3358 2493 3412 In
2515 3359 2650 3412 exitu
2689 3356 2855 3410 Israel
2876 3357 2939 3410 de
2971 3355 3224 3426 :Egyuto,
3256 3357 3434 3409 domus
3451 3355 3613 3409 Iacob
3646 3356 3709 3408 de
3736 3356 3928 3427 papula

2405 3453 2640 3514 barbaro,
2669 3450 2722 3503 Ξ.
2754 3453 2889 3520 facta
2916 3461 2987 3504 est
3016 3449 3202 3504 Judcea
3241 3450 3573 3517 sanctiﬁcatio
3598 3449 3726 3519 ejus,
3758 3447 3926 3502 Israel

2404 3554 2620 3616 potestas
2650 3546 2779 3614 ejus.

2407 3659 2458 3712 i.
2500 3656 2855 3726 Maguam'bic
2888 3664 3113 3709 testatur
3155 3655 3245 3710 Dei
3289 3655 3663 3723 benignitatem
3695 3663 3750 3708 et
3775 3670 3928 3708 man-

2332 3747 2688 3801 Suetudinem.
2744 3746 3040 3813 Quamnam
3092 3744 3263 3799 hanc?
3313 3746 3463 3812 Quod
3519 3760 3640 3798 cum
3691 3747 3924 3815 prlmiun

2329 3838 2566 3893 ostendit
2591 3838 2912 3906 potentiam;
2943 3847 3067 3890 tunc
3094 3846 3148 3890 ut
3179 3838 3292 3904 ipse
3318 3837 3567 3889 adoretur
3593 3837 3772 3905 exigit.
3809 3836 3924 3891 Hoc

2330 3932 2471 3986 enim
2500 3931 2807 4000 signiﬁcans
2832 3930 3044 3983 dicebat
3073 3947 3084 3980 :
3113 3927 3175 3982 In
3221 3930 3357 3982 exitu
3391 3929 3554 3982 Israel
3575 3929 3637 3981 de
3661 3927 3920 3999 ﬂgypto,

2330 4027 2466 4094 facta
2493 4034 2563 4076 est
2602 4021 2790 4075 Juda'a
2830 4021 3348 4090 sanctiﬁratio'ejus.
3397 4021 3546 4074 Tunc
3583 4020 3724 4074 enim
3767 4036 3922 4074 suam

2329 4117 2880 4182 ostenditpoteutiam
2921 4129 3012 4182 per
3052 4115 3201 4182 signa
3247 4129 3366 4181 qua:
3409 4114 3460 4165 in
3501 4113 3732 4184 Egypto
3784 4112 3921 4167 facta

2328 4220 2472 4273 sunt,
2500 4219 2553 4261 et
2585 4225 2677 4276 per
2707 4224 2767 4262 ea
2792 4226 2910 4276 quur.
2940 4209 2988 4259 iu
3017 4207 3234 4261 deserto
3265 4226 3276 4259 :
3314 4217 3437 4279 tunc
3473 4209 3631 4260 etiam
3669 4207 3920 4276 populum

2327 4302 2426 4354 sibi
2456 4299 2627 4353 etlccit
2653 4298 2985 4352 familiarem.
3010 4297 3122 4352 iioc
3144 4300 3315 4365 ipsum
3334 4300 3492 4351 ctiam
3515 4297 3700 4353 iet-ilio
3728 4299 3917 4353 Adam.

2325 4392 2460 4447 Cum
2493 4393 2632 4446 enim
2661 4391 2807 4460 prius
2839 4391 3091 4443 mundum
3138 4389 3349 4445 fecisset
3371 4433 3384 4453 ,
3416 4403 3470 4445 et
3499 4408 3608 4444 sna-
3638 4393 3916 4461 sapientia:

2326 4497 2379 4540 et
2402 4487 2650 4554 potentia:
2685 4485 2784 4536 vim
2816 4485 3156 4545 ostendisset,
3183 4486 3250 4537 ita
3283 4485 3433 4538 ﬁnxit
3456 4484 3747 4552 hominem,
3771 4496 3823 4540 et
3855 4489 3921 4540 ah

2327 4595 2392 4634 eo
2421 4579 2594 4644 exegit
2635 4576 3018 4630 adorationetn.
3065 4576 3139 4630 ita
3172 4577 3331 4630 etiam
3375 4577 3676 4645 unigenitus
3705 4577 3795 4630 Dei
3829 4577 3920 4630 Fi-

2326 4667 2428 4722 iius
2459 4661 2578 4719 eum
2627 4669 2852 4734 primum
2892 4665 3039 4735 signa
3087 4667 3402 4733 pnebuisset
3442 4667 3603 4719 multa
3649 4678 3698 4721 et
3747 4670 3922 4724 omnis

2325 4759 2554 4830 generis,
2583 4768 2705 4811 tunc
2737 4759 2892 4811 tidrm
2921 4757 3115 4827 exegit.
3141 4758 3396 4823 Quocirca
3423 4758 3485 4811 iis
3510 4757 3719 4825 quidem
3744 4761 3832 4826 qni
3856 4760 3923 4812 ab

2327 4850 2474 4904 initio
2503 4850 2566 4902 ad
2590 4865 2707 4902 eum
2733 4849 3074 4913 accedebant,
3109 4859 3162 4902 tit
3184 4850 3270 4918 qui
3299 4849 3412 4915 ejus
3440 4849 3656 4917 pignora
3687 4864 3790 4901 non
3821 4849 3918 4902 Ιιτιρ

2325 4943 2527 5003 iterent,
2583 4956 2680 4993 nec
2735 4951 3104 5008 argtuncntum
3149 4939 3481 5008 divinitatis“
3542 4956 3645 4992 non
3684 4939 3916 5005 dicebat,

2324 5034 2570 5093 Creditis,
2606 5049 2688 5086 me
2723 5047 2878 5100 pOSSt‘.
2904 5031 3003 5085 hoc
3042 5032 3252 5084 facere?
3282 5031 3374 5083 sed
3403 5033 3550 5101 signa
3583 5034 3922 5087 solummodo

2323 5124 2658 5176 ostendebat.
2709 5123 2813 5176 Sed
2863 5131 3137 5191 postquam
3189 5124 3383 5193 ubique
3437 5141 3530 5192 per
3581 5125 3920 5181 l’aizrstiuam

2324 5215 2567 5276 ιΙιευιδιιίι
2593 5230 2703 5268 sum.
2737 5215 3058 5266 ineuitneuta
3088 5216 3358 5282 ptttentizr,
3384 5217 3584 5269 inutilis
3606 5221 3920 5286 corporibus

2325 5308 2618 5362 remi-dium
2650 5307 2897 5368 atterens,
2929 5308 3108 5360 vitium
3140 5309 3432 5375 expellens,
3459 5309 3526 5363 de
3559 5326 3719 5379 regno
3751 5311 3917 5364 disso-

2325 5420 2467 5466 rens,
2501 5403 2644 5471 leges
2675 5401 2932 5454 salutares
2962 5403 3236 5462 sanciens,
3282 5413 3408 5456 tunc
3451 5404 3610 5456 etiam
3644 5403 3799 5457 tidem
3828 5421 3921 5460 ex-

2323 5495 2425 5564 egit
2446 5495 2513 5546 ab
2533 5494 2616 5558 iis,
2647 5493 2733 5559 qui
2758 5493 3098 5547 accedebant.
3118 5493 3372 5547 liomines
3389 5496 3529 5548 enim
3555 5496 3737 5550 volunt
3774 5499 3920 5566 prius

2325 5586 2602 5654 imperium
2628 5585 2891 5646 obtinere,
2926 5595 2974 5639 ct
3005 5595 3130 5639 tunc
3153 5585 3534 5655 aggrediuntur
3564 5587 3876 5643 benefacere
3901 5607 3914 5644 :

2326 5679 2466 5731 Deus
2496 5687 2670 5731 autem
2697 5677 2881 5743 incipit
2907 5693 2933 5728 ει
2969 5677 3260 5731 beneﬁciis.
3289 5676 3349 5732 Et
3376 5678 3501 5745 quid
3528 5677 3650 5732 dico
3689 5679 3790 5733 alia
3822 5679 3916 5734 br-

2328 5770 2534 5832 ueticia,
2568 5785 2687 5824 cum
2717 5770 2874 5823 etiam
2897 5785 3106 5824 crucem
3137 5769 3304 5838 ipsum
3331 5770 3676 5838 sustinuerit,
3710 5781 3762 5825 ct
3790 5776 3917 5822 utne
