4218 6458
98 112 177 391 Ξ

264 549 455 608 alitem
509 555 680 604 terra!
738 543 968 609 vicerit,
1019 545 1178 612 quam
1228 536 1450 610 gerebat
1498 542 1681 589 curam
1732 531 1886 587 factis

266 643 603 701 ostendens?
633 641 905 709 lloc‘ergo
935 636 1178 692 Psalmus
1199 646 1411 703 quoque
1443 630 1529 686 hic
1555 627 1883 698 significans,

270 738 491 792 dicebat
518 752 534 788 :
564 734 633 788 In
666 732 806 787 exitu
836 729 1003 785 Israel
1041 728 1104 781 de
1129 724 1395 797 Egypto,
1422 723 1605 775 domus
1633 718 1796 772 Iacob
1823 718 1888 770 de

270 828 471 903 populo
496 826 737 890 barbaro,
766 822 905 893 facta
932 830 1007 876 est
1034 818 1223 873 «Iitde
1249 813 1589 882 sanctiﬁcatio
1616 812 1744 903 ejus.
1773 810 1885 864 lloc

266 930 395 985 est,
419 920 472 973 in
506 917 685 981 exitu,
712 914 767 971 in
798 927 1013 968 recessu
1036 952 1051 976 ,
1082 911 1135 965 in
1175 906 1492 963 liberatione
1526 904 1595 958 ab
1623 902 1880 974 Egypto.

266 1011 394 1068 Non
422 1011 558 1067 dixit
597 1018 778 1064 autem
807 1007 980 1062 solum
1012 1004 1089 1058 De
1119 1001 1353 1074 Egypto
1371 1043 1386 1067 ,
1414 998 1509 1055 sed
1531 997 1729 1069 adjecit
1760 1017 1773 1053 :
1801 995 1884 1052 De

265 1102 470 1175 papula
490 1099 704 1156 barbaro
725 1116 745 1154 :
760 1098 976 1155 nomine
993 1095 1225 1150 hostium
1246 1092 1338 1147 Dei
1361 1106 1544 1146 curam
1566 1088 1879 1144 ostendens.

264 1194 360 1249 ΑΙ)
388 1193 493 1248 illis
520 1193 662 1247 enim
696 1189 1003 1245 crudelibus
1032 1196 1087 1241 et
1125 1184 1448 1240 immanibus
1474 1182 1745 1254 Egyptiis
1770 1198 1879 1237 non

265 1282 850 1356 potuissent-liberari,
885 1279 984 1333 nisi
1031 1268 1347 1332 habuissent
1375 1289 1591 1329 manum
1640 1273 1875 1338 fortem,

264 1387 325 1433 et
359 1377 635 1432 dexteram
660 1372 1144 1444 inexpugnabilem.
1177 1369 1345 1424 Erant
1370 1369 1513 1423 enim
1542 1366 1669 1421 feris
1689 1367 1881 1422 saevio-

263 1485 387 1536 res,
409 1478 464 1525 et
490 1468 655 1539 petris
675 1467 922 1520 duriores
952 1480 966 1517 :
998 1464 1228 1534 quicum
1249 1471 1324 1516 tot
1344 1461 1646 1530 acciperent
1669 1459 1878 1530 plagas,

267 1563 499 1617 minime
521 1559 800 1615 cedi-rent.
831 1556 1124 1626 Postquam
1154 1567 1283 1624 ergo
1309 1552 1443 1607 dixit
1473 1550 1729 1621 pupulum
1751 1550 1877 1604 bar-

265 1652 487 1718 barum,
518 1651 770 1715 ostendit,
791 1664 948 1719 quam
974 1662 1168 1717 magna
1198 1655 1343 1702 esset
1367 1644 1458 1700 Dei
1486 1645 1879 1716 potentia,qn:e

265 1745 411 1800 adeo
441 1744 725 1799 barbarum
748 1782 762 1805 ,
793 1740 928 1797 adeo
949 1739 1227 1796 efferatum
1260 1737 1536 1792 hominem
1570 1751 1714 1791 nunc
1758 1737 1878 1805 qui-

273 1836 405 1891 dem
438 1833 723 1905 persuasit,
757 1847 897 1887 nunc
921 1845 1050 1886 vero
1076 1830 1162 1884 vel
1201 1830 1424 1883 invitum
1467 1829 1645 1898 coegit
1688 1841 1881 1882 servos

264 1926 567 1990 dimittere,
599 1935 655 1979 et
690 1923 1077 1980 contendentes
1106 1929 1291 1992 postea
1317 1918 1454 1975 mari
1483 1919 1688 1987 obruit,
1720 1928 1774 1974 et
1805 1919 1874 1972 ita

266 2035 431 2076 suum
455 2020 708 2091 populum
737 2016 1005 2072 liberavit.

347 2112 613 2180 Quomodo
645 2109 831 2164 Iudaea
868 2107 1206 2176 sanctiﬁcatio
1242 2104 1382 2170 Dei;
1427 2102 1681 2173 quomodo
1710 2101 1878 2157 Israel

262 2206 431 2277 ipsius
461 2214 701 2273 potestas.
726 2232 793 2243 —
816 2200 952 2269 Quid
1000 2208 1087 2254 est
1124 2208 1325 2262 autem,
1353 2197 1519 2251 Facta
1564 2207 1637 2251 est
1684 2194 1877 2273 Iudwa

262 2298 604 2366 smtctiﬁcatio
631 2298 742 2367 ejus
763 2295 789 2348 7
810 2293 864 2348 Id
887 2303 992 2357 est,
1022 2292 1263 2363 Populus
1284 2290 1333 2347 ei
1374 2290 1649 2357 serviens,
1676 2298 1730 2346 et
1751 2304 1873 2345 eum

262 2392 492 2446 colens:
523 2388 748 2457 populus
769 2387 817 2441 ei
850 2386 1092 2441 addictus
1113 2427 1129 2452 ,
1160 2384 1389 2454 populus
1433 2384 1480 2439 ei
1510 2383 1679 2438 factus
1708 2398 1872 2453 pecn-

263 2481 437 2537 liaris.
458 2478 819 2536 Sauctilieatio
837 2490 1012 2532 autem
1042 2479 1255 2549 proprie
1276 2470 1571 2543 dicebatur,
1588 2477 1871 2544 templum,

264 2573 462 2646 adyta,
493 2583 674 2628 saneta
708 2582 1043 2638 sanctorum,
1087 2568 1545 2640 quemadmodum
1586 2568 1873 2623 Zacharias

263 2679 479 2736 quoque
511 2662 802 2718 introducit
839 2662 1047 2729 aliquos
1074 2670 1357 2731 rogantes,
1382 2671 1435 2717 et
1460 2660 1701 2716 dicentes
1735 2677 1749 2714 :
1780 2659 1873 2713 ln-

262 2775 435 2831 gressa
447 2768 520 2813 est
537 2759 633 2811 huc
653 2757 1008 2827 sanctiﬁcatio,
1032 2773 1098 2810 an
1108 2756 1462 2827 jejuaabimus
1480 2755 1495 2786 ¹
1516 2755 1697 2829 (Zach.
1719 2756 1771 2809 7.
1788 2754 1872 2826 5)?

260 2850 334 2906 de
361 2851 534 2905 reditu
572 2865 712 2905 area:
740 2860 794 2904 et
820 2851 1045 2904 aliorum
1077 2850 1317 2904 omnium
1347 2850 1673 2920 significans.
1705 2847 1870 2903 Facta

259 2952 335 2998 est
379 2942 571 2997 Indica
621 2943 956 3011 sanctiﬁcatio
996 2942 1106 3012 eius
1133 2958 1152 2997 :
1185 2952 1301 2997 erat
1343 2943 1487 2997 enim
1532 2950 1687 2997 antea
1721 2943 1885 3013 regio.

262 3027 468 3106 impura
501 3047 553 3090 et
579 3037 930 3102 exsecranda,
961 3036 1054 3091 sed
1087 3044 1368 3105 postquam
1399 3052 1650 3091 reversus
1676 3046 1755 3090 est
1774 3053 1873 3105 po-

259 3129 438 3198 pulus,
472 3128 611 3183 facta
659 3138 743 3184 est
793 3128 982 3184 civitas
1031 3128 1384 3183 sanctificatio
1437 3128 1600 3201 ejus:
1635 3128 1736 3185 hoc
1760 3138 1863 3193 est,

261 3218 563 3273 introducta
588 3227 671 3273 est
695 3216 1046 3273 sanctiIlCatio
1075 3232 1168 3287 per
1187 3217 1618 3274 observationem
1641 3217 1742 3291 (a),
1770 3234 1866 3289 per

260 3310 541 3371 sacriﬁcia,
571 3326 667 3380 per
687 3310 888 3364 cultum
913 3352 928 3374 ,
959 3311 1201 3380 aliosque
1240 3310 1376 3364 ritus
1410 3320 1465 3365 et
1506 3313 1861 3366 cercmonias.

260 3398 430 3455 Israel
464 3411 686 3472 potestas
728 3403 857 3471 ejus.
887 3402 1023 3468 Quid
1074 3411 1176 3464 est,
1220 3400 1389 3457 Israel
1438 3413 1659 3472 potestas
1705 3404 1867 3474 ejus?

258 3493 371 3549 Sub
398 3495 517 3563 ejus
545 3494 770 3564 imperio
791 3536 807 3560 ,
850 3495 1041 3564 inquit.
1083 3495 1242 3565 Atqtti
1271 3496 1555 3551 universus
1578 3496 1726 3552 orbis
1757 3506 1865 3553 ter-

260 3600 336 3639 ra:
359 3584 476 3655 ejus
509 3584 735 3654 imperio
764 3585 1002 3652 suberat,
1038 3585 1131 3641 sed
1161 3586 1213 3640 hi
1244 3586 1406 3641 etiam
1437 3588 1689 3656 amplius,
1718 3588 1861 3659 quod

260 3694 354 3734 eos
386 3678 611 3734 haberet
651 3679 896 3750 proprios
947 3689 1001 3734 et
1045 3678 1337 3735 familiares
1379 3698 1393 3736 :
1425 3680 1861 3751 quandoquidem

259 3781 314 3825 et
346 3770 657 3839 prolihctias
685 3770 1069 3841 suscipiebant,
1103 3781 1296 3826 etcum
1327 3772 1406 3827 eis
1423 3772 1731 3828 disserebat
1758 3816 1774 3842 ,
1806 3783 1863 3829 et

260 3879 347 3919 res
370 3878 557 3919 eorum
582 3858 809 3932 amplius
829 3864 1257 3919 administrabat.
1288 3864 1593 3931 Quinetiam
1616 3866 1724 3922 alio
1747 3882 1864 3922 mo-

258 3956 329 4010 do
367 3956 664 4026 appellatur
695 3956 809 4026 ejus
840 3957 1085 4028 populus.
1117 3959 1263 4013 Illius
1295 3959 1439 4013 enim
1471 3970 1600 4015 nntn
1626 3976 1771 4030 srepe
1808 3975 1863 4018 et

258 4046 325 4103 ad
354 4048 547 4104 bellum
581 4049 960 4119 procedebant,
988 4059 1043 4106 et
1072 4052 1234 4107 nmlta
1259 4053 1361 4107 alia
1388 4053 1858 4111 administrabant.

259 4139 390 4194 Cum
434 4156 530 4195 eos
575 4142 718 4196 enim
764 4157 792 4195 a
825 4143 1120 4197 barbaricis
1162 4144 1431 4210 manibus,
1466 4148 1776 4217 tyrannide,
1806 4157 1861 4203 et

260 4231 514 4286 servitute
535 4273 550 4297 ,
575 4240 631 4287 et
660 4242 902 4288 extremo
949 4234 1206 4304 periculo,
1234 4243 1288 4289 et
1314 4246 1494 4291 mente
1527 4237 1687 4307 impia
1720 4239 1860 4293 libe-

258 4330 448 4389 rasset,
477 4323 586 4378 ilex
611 4338 796 4398 eorum
840 4324 1009 4381 factus
1055 4334 1157 4380 est.
1191 4327 1301 4382 1106
1347 4328 1520 4398 ipsum
1546 4332 1707 4384 etiam
1733 4332 1859 4387 alibi

257 4428 408 4469 suam
435 4430 650 4471 causam
683 4431 846 4484 agens
870 4458 885 4479 ,
916 4425 971 4472 et
1008 4418 1300 4474 ostendens
1346 4436 1405 4475 se
1433 4436 1551 4491 qum
1576 4436 1670 4477 sua
1703 4433 1861 4479 erant

260 4506 485 4575 primum
517 4508 852 4575 praestitisse,
883 4524 1004 4579 qum
1028 4510 1238 4564 illorum
1269 4520 1448 4566 autem
1471 4523 1643 4579 erant,
1676 4516 1860 4586 requi-

255 4611 398 4662 rere,
419 4597 631 4653 dicebat
670 4615 685 4651 :
723 4597 991 4666 Numquid
1012 4601 1234 4655 solitudo
1256 4604 1331 4673 fui
1362 4604 1537 4658 domui
1566 4604 1748 4673 Israel,
1784 4610 1861 4665 vel

258 4697 392 4741 terra
418 4688 757 4757 inculta(Jer.
788 4688 844 4743 2.
872 4690 963 4757 51)
986 4692 1009 4744 ?
1034 4691 1187 4760 Quod
1217 4702 1396 4749 autem
1420 4696 1568 4762 dicit,
1597 4707 1681 4753 est
1708 4700 1857 4768 ejus-

257 4776 400 4832 modi
429 4795 443 4829 :
474 4778 611 4833 Num
657 4779 728 4835 fui
775 4781 928 4863 vobis
959 4783 1200 4838 inutilis?
1226 4800 1403 4839 annon
1438 4787 1714 4845 innumera
1765 4792 1860 4847 bo-

261 4869 410 4924 nain
446 4884 541 4924 vos
578 4871 816 4925 contuli?
871 4889 1050 4927 annon
1102 4875 1271 4944 ipsam
1326 4888 1568 4933 naturam
1618 4885 1815 4937 mutavi
1836 4887 1859 4940 l’

260 4975 436 5015 annon
485 4962 749 5017 elementa
772 4975 829 5018 ut
855 4966 1005 5020 vobis
1035 4970 1301 5024 servirent
1327 4973 1649 5041 composui?
1675 4991 1855 5031 annon

257 5050 375 5107 dedi
406 5052 559 5106 vobis
613 5053 775 5107 vitam
834 5057 903 5111 ab
956 5056 1208 5113 humanis
1258 5059 1533 5116 laboribus
1578 5066 1848 5123 liberam?

259 5139 546 5213 Propterea
584 5143 719 5199 dixit
751 5163 764 5199 :
790 5142 932 5200 Num
956 5149 1183 5203 solitudo
1203 5152 1279 5219 fni
1303 5154 1476 5207 domui
1508 5154 1719 5213 Israel?
1746 5162 1859 5217 lluc

261 5245 357 5298 est,
385 5236 577 5301 Annon
604 5235 803 5291 fructus
837 5238 932 5292 tuli
961 5239 1420 5301 innumerabiles?
1449 5248 1754 5306 libertatem
1786 5254 1855 5309 ab

259 5322 512 5396 Egypto,
544 5313 917 5385 liberationem
945 5330 1318 5400 barbarorum,
1353 5341 1719 5396 ostensionem
1751 5345 1855 5399 mi-

262 5416 585 5483 raculorum,
617 5419 778 5475 vitam
798 5421 850 5476 iu
882 5421 1120 5492 deserto,
1154 5424 1507 5487 hereditatem
1532 5432 1853 5505 Palaestinas,

318 5558 953 5640 s-gfcv,'an_jejuquimus
997 5570 1055 5631 (ἢ
1087 5573 1463 5640 manticam),
1506 5592 1607 5630 non
1650 5590 1766 5633 sunt
1800 5583 1853 5635 in

260 5626 396 5670 textu
422 5620 564 5679 LXX.
593 5620 759 5687 neque
778 5629 828 5675 in
857 5620 1086 5691 Hebraeo,
1110 5620 1203 5683 hoc
1229 5620 1352 5685 loco:

314 5691 710 5777 $92.19.._E'_'E°‘1~..
732 5701 883 5777 ἐπες
898 5702 1607 5777 νεεξη-ςρρςιίοηεηις
1635 5720 1737 5763 θυι·
1766 5727 1855 5777 per

250 5751 648 5827 observationem,
664 5755 712 5805 iu
736 5751 881 5827 cultu
896 5751 1178 5827 adhibitatti.
1213 5751 1297 5814 me
1311 5751 1855 5825 'ii‘riéiiii‘ils’séiéinﬁﬁs

480 5816 614 5891 uicis
635 5816 869 5891 hoc,
915 5820 1053 5872 Multa
1096 5827 1225 5874 enim
1273 5815 1853 5891 inspicietulaﬁet

261 5879 398 5929 tanti:
426 5887 569 5927 erant
586 5879 635 5928 iu
662 5888 817 5932 veteri
839 5881 974 5947 lege.
1117 5894 1121 5899 '

1388 414 1755 477 EXPOSITIO
1793 411 1860 470 IN
1901 411 2224 471 PSALMUM
2263 414 2446 474 CXIII.

3519 419 3624 475 sou

2002 530 2396 603 subjectionem
2437 530 2702 606 gentium,
2725 535 2981 594 continua
3021 546 3260 609 tropaea,
3305 537 3621 612 frequentes

1997 625 2269 694 victorias,
2314 626 2574 685 miracula
2633 628 2994 694 incredibilia,
3042 631 3297 687 continua
3348 631 3617 702 prodigia,

1998 728 2159 775 terra:
2183 719 2538 788 fertilitatem,
2561 724 2779 794 generis
2804 727 2970 781 vestri
3015 726 3406 794 incrementum
3431 770 3445 793 ,
3468 742 3614 793 eam,

1996 828 2117 882 quae
2146 812 2459 870 universum
2487 826 2753 871 terrarum
2786 819 2975 873 urbem
3018 820 3298 887 pervadit,
3351 818 3615 888 gloriam,

1994 907 2099 962 alia
2128 909 2449 964 innumera?
2475 909 2666 966 Vidisti
2687 911 2895 966 fructus
2919 913 3051 967 Dei?
3074 911 3137 966 Et
3160 912 3281 968 ideo
3299 914 3605 982 subjnnxit:

1994 998 2265 1070 Numquid
2289 1003 2367 1072 fui
2386 1010 2522 1057 terra
2540 1002 2735 1057 inculta
2756 1005 2783 1059 7
2806 1004 2919 1058 Hoc
2943 1014 3048 1070 est,
3073 1009 3268 1059 Aulion
3297 1005 3613 1059 innumera-

1991 1092 2128 1148 biles
2159 1092 2363 1153 frnetus
2390 1111 2419 1148 a
2454 1111 2539 1150 me
2572 1095 2965 1165 decerpsistis?
2990 1111 3169 1151 annon
3221 1095 3472 1151 benedixi
3529 1097 3616 1150 in-

1993 1187 2209 1241 troitum
2238 1196 2292 1241 et
2320 1188 2523 1243 exitum
2559 1198 2796 1243 vestrum
2818 1229 2833 1255 ,
2863 1204 3055 1260 greges
3075 1200 3290 1244 vestros
3311 1199 3364 1243 et
3387 1203 3612 1246 armeu-z

1991 1286 2041 1333 ta
2065 1288 2265 1344 vestra,
2286 1295 2475 1349 panem
2499 1289 2761 1345 vestrum,
2793 1290 2847 1335 et
2900 1296 3096 1350 aquam
3130 1281 3405 1336 vestram?
3431 1295 3614 1337 annon

1989 1371 2043 1426 in
2101 1379 2216 1426 tuto
2266 1370 2561 1426 collocavi?
2618 1388 2798 1426 annon
2844 1372 2942 1427 feci
3003 1381 3062 1427 ut
3114 1373 3308 1428 essetis
3360 1373 3618 1428 omnibus

1988 1462 2452 1533 inexpugnabiles,
2479 1464 2661 1518 invicti
2690 1472 2746 1519 et
2775 1463 3088 1519 terribiles?
3114 1478 3295 1519 annon
3324 1472 3604 1534 tamquam

1964 1569 2053 1608 'ex
2084 1552 2318 1610 fontibus
2339 1555 2517 1610 omnia
2555 1556 2707 1610 vobis
2737 1570 2769 1610 e
2797 1556 2931 1610 cmlo
2958 1564 3011 1609 et
3051 1564 3247 1611 eterra
3278 1555 3614 1611 manabant?

1981 1644 2100 1702 {loc
2130 1663 2272 1703 emm
2300 1648 2532 1703 tnaxime
2573 1648 2809 1702 ostendit
2844 1647 3144 1719 principem
3167 1688 3182 1713 ,
3208 1648 3352 1715 quod
3406 1648 3616 1703 scilicet

1986 1753 2209 1795 suorum
2239 1757 2423 1797 curam
2454 1750 2637 1812 gerat,
2661 1742 2848 1810 eisque
2878 1743 3168 1811 provideat
3191 1757 3256 1795 ac
3288 1742 3605 1811 proSpiciat.

2057 1832 2113 1889 Ξ.
2156 1834 2224 1888 Ει
2262 1834 2388 1889 ideo
2437 1836 2651 1890 dicebat
2691 1834 2960 1899 Christus,
3010 1833 3206 1890 Pastor
3259 1837 3440 1902 bonus,
3500 1851 3613 1891 non

1983 1922 2143 1992 dixit,
2174 1925 2469 1980 honoratur
2496 1936 2547 1980 et
2575 1927 2790 1990 colitur,
2839 1925 2935 1981 sed
2982 1928 3207 1979 animant
3259 1943 3406 1979 suam
3456 1928 3603 1993 ponit

1985 2031 2080 2086 pro
2112 2016 2299 2069 oribus
2347 2018 2453 2071 suis
2505 2016 2523 2087 (
2554 2015 2712 2070 Joan.
2740 2017 2826 2073 10.
2862 2018 2920 2071 ll
2951 2018 2994 2086 ).
3050 2016 3165 2089 "loc
3212 2028 3289 2072 est
3338 2017 3613 2088 principa-

1985 2116 2091 2169 tus,
2138 2108 2239 2163 hoc
2286 2119 2370 2164 est
2435 2107 2686 2178 pascendi
2744 2109 2991 2174 scicntia,
3042 2123 3137 2163 sua
3208 2108 3501 2179 negligere,
3555 2116 3612 2162 et

1983 2215 2170 2255 eorum
2238 2216 2375 2271 quos
2429 2202 2565 2272 regit
2614 2214 2797 2256 curam
2858 2216 3071 2272 gerere.
3120 2201 3275 2267 Quod
3323 2212 3409 2256 est
3463 2202 3609 2257 enim

1983 2292 2246 2357 tnedieus,
2282 2292 2401 2348 hoc
2457 2303 2540 2349 est
2584 2296 2878 2365 princeps;
2906 2294 2991 2348 vel
3043 2293 3230 2364 potius
3282 2295 3400 2366 plus
3446 2311 3607 2366 quam

1982 2385 2243 2441 medicus.
2287 2386 2521 2442 Medicus
2542 2388 2685 2441 enim
2715 2398 2831 2442 arte
2858 2387 3085 2442 salutem
3109 2355 3422 2456 comparat};
3454 2387 3604 2456 prin-

1980 2490 2113 2546 ceps
2167 2484 2347 2531 autem
2396 2477 2558 2533 etiam
2609 2478 2842 2548 prum-iis
2899 2478 3172 2548 periculis.
3222 2477 3376 2545 Quod
3429 2478 3596 2531 etiam

1982 2564 2109 2621 fecit
2151 2568 2419 2635 Christus,
2467 2568 2636 2638 alapis
2688 2584 2998 2637 percussus,
3055 2567 3379 2631 crucifixus,
3407 2578 3463 2623 et
3500 2570 3604 2622 alia

1980 2662 2393 2718 innumerabilia
2457 2678 2768 2733 perpessus.
2838 2662 3103 2731 Quocirca
3172 2661 3389 2718 diccbat
3462 2661 3606 2716 Pau-

1979 2757 2062 2810 lus
2091 2775 2103 2812 :
2137 2757 2339 2811 Etenim
2386 2756 2616 2814 Christus
2666 2776 2768 2813 non
2805 2760 2902 2814 sibi
2948 2758 3141 2829 placuit
3176 2802 3189 2824 ,
3224 2761 3315 2814 sed
3353 2761 3603 2830 quemad-

1976 2848 2183 2902 modum
2234 2850 2479 2921 scriptuut
2542 2862 2613 2905 est
2638 2893 2654 2915 ,
2692 2850 2983 2920 ()pprobria
3044 2853 3461 2923 exprobrantium
3514 2853 3605 2907 tibi

1976 2941 2263 2995 ceciderunt
2317 2948 2473 3011 super
2520 2942 2646 3013 me(
2691 2945 2843 2998 Rom.
2878 2946 3074 3011 15:5;
3108 2943 3259 2999 Psal.
3319 2945 3410 3001 (i8.
3465 2941 3599 3017 10

1977 3030 2094 3086 Duo
2120 3047 2269 3102 ergo,
2294 3033 2403 3088 imo
2455 3049 2584 3089 vero
2630 3035 2750 3099 tria,
2802 3044 2967 3106 atque
3012 3035 3150 3091 adeo
3173 3036 3599 3091 innumerabilia

1981 3121 2070 3178 hic
2099 3126 2249 3194 ponit
2273 3125 2559 3194 beneficia,
2589 3128 2733 3197 quod
2788 3129 3051 3198 eripuerit
3076 3144 3105 3183 a
3133 3129 3404 3193 barbaris,
3452 3130 3596 3199 quod

1974 3215 2285 3271 liberaverit
2311 3217 2379 3272 ab
2403 3219 2576 3272 aliena
2603 3228 2765 3286 terra,
2790 3221 2934 3290 quod
2971 3222 3235 3276 exemerit
3253 3236 3284 3275 a
3306 3222 3590 3287 servitute,

1971 3309 2116 3377 quod
2169 3306 2443 3363 laboribus
2490 3317 2547 3364 et
2601 3309 2987 3367 afflictionibus
3039 3311 3199 3367 tinem
3254 3314 3595 3385 imposuerit,

1971 3397 2114 3469 quod
2144 3398 2425 3454 innumera
2472 3401 2657 3455 fecerit
2707 3402 2964 3457 miracula
3001 3423 3015 3459 :
3047 3402 3246 3458 deinde
3298 3404 3442 3475 quod
3495 3419 3595 3461 eos
3664 3393 3669 3396 ’

1971 3490 2134 3545 etiam
2185 3506 2306 3546 esse
2358 3490 2587 3548 valuerit
2644 3493 2763 3564 ejus
2816 3493 3323 3563 sanctificationem,
3373 3507 3428 3552 et
3475 3497 3595 3567 ejus

1971 3597 2091 3638 esse
2116 3583 2262 3637 dicto
2288 3582 2623 3639 obedientes.
2668 3584 2802 3640 Nam
2845 3586 2948 3641 hoc
2975 3601 3194 3657 quoque
3218 3604 3324 3642 non
3360 3596 3445 3644 est
3473 3603 3597 3658 par-

1972 3690 2094 3728 vum
2145 3690 2315 3744 genus
2345 3674 2615 3743 beneficii,
2636 3676 2839 3732 referre
2861 3693 2957 3732 eos
2988 3680 3041 3733 in
3078 3695 3359 3733 numerum
3377 3696 3593 3748 eorum,

1969 3769 2059 3839 qui
2089 3777 2215 3822 sunt
2244 3768 2344 3823 sub
2371 3770 2487 3837 ejus
2513 3769 2739 3826 ditione.
2768 3771 2819 3826 5.
2856 3770 3001 3826 .llare
3027 3772 3169 3835 vidit,
3203 3782 3250 3825 ct
3277 3773 3407 3843 fugit
3432 3788 3451 3837 ;
3473 3771 3601 3825 iur-

1970 3861 2118 3916 danis
2147 3878 2417 3917 conversus
2440 3873 2510 3916 cst
2534 3874 2833 3916 retrorsum.
2868 3864 3003 3918 Vide
3057 3865 3358 3918 orationem
3415 3880 3589 3935 exag-

1969 3963 2232 4024 geratam,
2270 3962 2325 4008 et
2353 3955 2737 4024 ampliﬁcatum
2768 3956 3112 4011 benefit-inm.
3140 3957 3279 4025 Quid
3302 3958 3470 4022 enim,
3504 3958 3592 4011 in-

1969 4046 2104 4116 quit,
2134 4029 2419 4101 dicendum
2466 4036 2653 4102 estde
2684 4047 2928 4101 barbaris
2971 4050 3324 4116 etgentihus,
3371 4048 3590 4117 quando

1968 4138 2131 4192 cessit
2156 4139 2316 4215 etiam
2345 4148 2611 4203 creatura,
2640 4149 2691 4193 et
2718 4140 2890 4194 locum
2924 4139 3092 4204 dedit,
3122 4148 3177 4194 et
3202 4155 3467 4195 conversa
3501 4150 3587 4196 est

1967 4232 2033 4286 ad
2056 4234 2345 4300 contraria,
2375 4232 2670 4303 respiciens
2724 4232 2789 4287 ad
2843 4233 3245 4302 imperatorem,
3292 4241 3348 4287 et
3389 4232 3598 4288 cedens

1968 4324 2087 4379 duci
2118 4325 2296 4395 pepuli
2319 4326 2338 4378 ?
2364 4323 2491 4379 [Lee
2518 4325 2661 4380 enim
2680 4324 2860 4380 omnia
2886 4335 3013 4379 tunc
3036 4324 3359 4379 eveniebant
3380 4324 3585 4394 popqu

1969 4415 2340 4479 Hebraeorum,
2375 4423 2433 4470 ut
2484 4415 2682 4470 scirent
2737 4431 2843 4470 non
2900 4414 3065 4470 fuisse
3114 4414 3362 4469 humana:
3391 4429 3592 4470 conse-

1967 4507 2200 4577 queiitiie
2242 4522 2303 4561 ea
2346 4522 2465 4577 qua:
2490 4506 2833 4572 eveniebant,
2864 4506 2959 4560 sed
2993 4506 3173 4561 omnia
3223 4504 3390 4559 fuisse
3420 4503 3593 4559 mira-

1964 4601 2093 4656 bilia
2124 4614 2287 4665 opera
2320 4601 2513 4654 divinae
2540 4608 2596 4655 et
2628 4599 2913 4654 iueffabilis
2940 4600 3215 4669 potentior.
3242 4598 3376 4653 Vide
3404 4608 3589 4654 autem
3662 4674 3665 4675 ν

1964 4693 2265 4763 emphasim
2296 4692 2566 4758 dictionis,
2598 4702 2651 4748 et
2678 4708 2837 4763 quam
2869 4694 2939 4747 sit
2972 4694 3176 4762 optime
3221 4692 3415 4762 posita.
3461 4692 3582 4750 Non

1966 4790 2101 4842 dixit
2128 4790 2294 4853 enim,
2324 4787 2517 4850 Cessit,
2549 4799 2658 4850 aut,
2694 4787 2946 4843 Substitit
2972 4806 2985 4842 :
3016 4788 3109 4842 sed
3142 4788 3267 4858 quid
3287 4788 3310 4842 τ
3332 4787 3481 4842 Mare
3503 4789 3585 4844 ei.

1960 4882 2061 4948 dit,
2092 4892 2137 4935 et
2163 4882 2295 4953 fugit
2320 4897 2339 4935 :
2370 4895 2617 4935 recessus
2644 4882 2974 4936 celeritatem
3008 4880 3127 4950 fuga
3161 4882 3348 4936 volens
3393 4872 3586 4937 osten-

1965 4972 2115 5035 dere,
2167 4972 2587 5042 magnitudinem
2615 4972 3007 5039 adm’rationis,
3056 4965 3447 5029 et‘facilitatem
3490 4974 3588 5032 Dei

1966 5066 2315 5136 operationis.

2042 5159 2298 5214 Miracnla
2323 5176 2422 5214 non
2466 5146 2650 5214 temere
2683 5165 2843 5232 facta.
2868 5189 2941 5201 —-
2969 5161 3035 5215 Et
3063 5178 3130 5217 ne
3160 5150 3283 5232 quis
3310 5162 3586 5219 existimet

1968 5248 2071 5306 hoc
2097 5260 2247 5307 certo
2278 5236 2537 5322 temporis
2565 5252 2769 5307 ambitu
2795 5262 2885 5306 aut
2928 5255 3149 5309 fortuito
3178 5257 3463 5321 accidisse,
3516 5258 3588 5313 ab

1967 5343 2061 5397 illo
2108 5353 2350 5411 tempore
2399 5360 2505 5399 non
2548 5346 2780 5415 amplius
2830 5346 3027 5401 factum
3082 5358 3187 5414 est,
3239 5350 3334 5404 sed
3389 5351 3583 5417 semel,

1965 5437 2182 5505 quando
2214 5438 2354 5491 Deus
2385 5436 2567 5507 jussit,
2599 5438 2758 5508 idque
2786 5442 2934 5494 varie
2966 5441 3018 5494 in
3049 5441 3281 5497 divorsis
3311 5445 3581 5511 personis.

1964 5526 2206 5584 lnsolens
2228 5530 2371 5584 enim
2402 5529 2668 5585 undarum
2703 5533 2954 5602 impetus,
2988 5535 3151 5589 veluti
3198 5536 3499 5601 animatus,
3530 5549 3585 5594 t-t

1966 5621 2175 5685 ratione
2205 5623 2478 5691 prieditus,
2511 5623 2621 5679 Deo
2647 5624 2888 5693 jnbvnte.
2921 5626 3021 5681 hos
3047 5628 3264 5696 quidem
3298 5631 3536 5683 Schavil
3564 5672 3580 5695 ,

1966 5712 2084 5766 illus
2138 5730 2270 5769 vero
2325 5716 2557 5786 perdidit
2610 5718 2825 5787 (Exod.
2875 5718 2987 5791 14)
3022 5738 3035 5774 :
3069 5722 3189 5775 aliis
3235 5724 3581 5791 sepulcrum,

1964 5805 2082 5858 aliis
2117 5804 2210 5859 fuit
2252 5809 2574 5862 vehiculum.
2609 5808 2722 5863 lloc
2750 5809 2923 5879 ipsum
2953 5812 3116 5866 etiam
3147 5813 3341 5868 videtis
3370 5816 3422 5870 in
3474 5815 3584 5870 for-

1969 5911 2099 5951 nace
2128 5897 2449 5975 Baliygoniea
2506 5903 2525 5971 (
2560 5898 2696 5955 Dan.
2732 5901 2765 5956 '5
2796 5902 2831 5975 ).
2862 5902 3005 5974 lanis
3035 5906 3180 5959 enim
3224 5908 3318 5979 qui
3372 5918 3580 5967 temere
