4154 6434
734 372 840 428 307

736 496 791 542 ct
819 498 942 549 casu
974 482 1259 545 lcrchatur,
1295 480 1712 535 moderationem
1741 491 1793 533 et
1818 490 2021 533 certum
2072 476 2312 529 ordinem

736 575 987 637 ostendit,
1015 573 1226 643 quando
1255 573 1391 627 licus
1418 572 1687 639 praecepit,
1706 584 1801 623 eos
1823 571 2033 639 quidem
2058 569 2142 637 qui
2166 575 2318 620 erant

740 666 902 726 intus,
932 677 1253 718 conservans
1278 682 1292 725 ;
1321 678 1414 715 eos
1443 676 1571 715 vero
1596 662 1683 730 qui
1708 659 1836 713 foris
1866 660 2139 718 sedebant,
2170 659 2316 709 inva-

738 757 873 808 dens
893 765 943 809 et
970 768 1287 807 consumens
1309 750 1467 822 (Dan.
1491 752 1569 820 5).
1598 750 1840 804 Jordanis
1853 766 2116 803 conversus
2139 757 2209 801 est
2239 763 2318 800 re-

738 856 972 897 trorsum.
995 843 1177 897 Vidisti
1206 852 1256 896 ct
1286 844 1336 895 in
1355 842 1578 896 diversis
1610 842 1934 909 temporibus
1958 840 2074 892 ctin
2094 840 2318 892 diversis

735 935 864 988 locis
889 934 998 988 fieri
1014 932 1370 987 miracula?Ut
1398 932 1536 985 enim
1557 931 1861 985 scirentDei
1894 931 2179 999 potentiam
2203 928 2315 980 nhi-

734 1042 837 1091 que
850 1038 966 1078 esse
991 1034 1284 1084 ostensam,
1308 1035 1359 1077 et
1376 1032 1490 1076 loco
1508 1038 1611 1076 non
1630 1022 1873 1077 concludi
1904 1044 1917 1078 :
1940 1032 1991 1073 et
2019 1022 2068 1073 in
2092 1020 2313 1073 barbara

736 1116 970 1185 regione.
991 1126 1039 1168 ct
1062 1117 1111 1167 iu
1132 1116 1433 1180 solitudine,
1456 1125 1506 1169 et
1530 1115 1723 1185 ubique
1749 1114 1916 1168 adfuit
1934 1112 2133 1167 fat-iens
2151 1113 2313 1165 mira-

734 1208 872 1272 cula,
895 1216 949 1261 et
977 1216 1099 1260 tunc
1126 1206 1334 1275 quidem
1367 1207 1416 1259 in
1433 1206 1586 1271 mari,
1615 1221 1753 1259 nunc
1772 1214 1945 1259 autem
1964 1204 2014 1257 in
2046 1204 2234 1266 fluviis,
2262 1212 2315 1257 et

734 1305 860 1351 tunc.
883 1297 1092 1366 quidem
1113 1295 1211 1349 sub
1234 1296 1396 1363 Mose,
1415 1282 1594 1365 postea
1624 1304 1798 1349 autem
1828 1297 1925 1349 sub
1950 1296 2106 1350 Jesu:
2131 1310 2193 1349 ac
2222 1310 2315 1362 per

733 1387 983 1441 miracula
1016 1386 1205 1455 ubique
1229 1387 1738 1449 transmittebantur,
1778 1396 1829 1439 ut
1847 1387 2160 1439 nullosensu
2182 1402 2315 1453 pra:-

732 1477 895 1530 ditam
925 1486 1180 1540 mentem,
1212 1477 1507 1545 duramque
1534 1491 1685 1530 suam
1718 1476 2115 1545 intelligentiam
2149 1476 2312 1527 mira-

728 1569 862 1622 culis
884 1568 1195 1632 emollitam,
1215 1569 1475 1622 mitiorem
1496 1567 1776 1621 redderent
1800 1577 1853 1619 et
1881 1567 2046 1636 magis
2070 1567 2311 1621 idoneam

728 1657 795 1710 ad
816 1658 1202 1727 suscipiendam
1226 1657 1314 1712 Dei
1333 1656 1707 1726 cognitionem.
1733 1658 1785 1711 ι.
1811 1657 2005 1710 Montes
2032 1658 2313 1710 exsultave-

729 1758 848 1801 runt
868 1758 919 1800 ut
934 1750 1132 1814 arietes,
1151 1758 1193 1803 et
1221 1748 1373 1803 colles
1400 1748 1529 1803 sicut
1556 1749 1677 1819 agni
1701 1750 1879 1801 ovium.
1905 1749 1999 1803 llic
2026 1749 2177 1802 nobis
2203 1749 2311 1801 ori-

729 1846 816 1891 tur
853 1852 955 1890 non
988 1853 1147 1909 parva
1176 1838 1418 1907 quaestio.
1450 1838 1695 1893 Nonnulli
1734 1840 1874 1893 enim
1900 1839 2199 1893 dubitantes
2226 1840 2311 1893 di-

724 1936 889 1981 cunt:
922 1928 1103 1982 Priora
1127 1930 1339 1997 quidem
1358 1930 1492 1983 facta
1522 1945 1640 1985 esse
1668 1932 1898 1994 scimus;
1930 1932 2142 1986 historia
2169 1934 2308 1985 enim

728 2018 970 2082 tradidit,
997 2027 1049 2073 et
1070 2019 1295 2072 divisum
1324 2019 1487 2074 fuisse
1518 2022 1570 2074 in
1614 2024 1759 2076 exitu
1784 2036 1931 2076 mare
1955 2022 2190 2077 Rubrum
2210 2065 2224 2086 ,
2256 2033 2312 2077 et

724 2108 1010 2163 .Iordanem
1037 2109 1197 2164 fuisse
1226 2118 1368 2164 retro
1393 2126 1729 2179 conversum,
1754 2114 1965 2185 quando
1987 2131 2105 2183 arca
2141 2126 2311 2174 trans-

726 2201 816 2254 ivit
863 2218 877 2253 :
918 2201 1211 2260 exsultasse
1248 2211 1427 2256 autem
1484 2215 1690 2259 montes
1732 2214 1785 2259 et
1822 2208 2021 2271 colles,
2053 2210 2152 2263 hoc
2182 2225 2310 2264 nus-

727 2309 884 2360 quam
913 2294 1166 2362 seriptum
1189 2308 1310 2349 esse
1338 2295 1593 2353 videmus.
1618 2298 1751 2364 Quid
1776 2297 1875 2354 hoc
1896 2316 2021 2369 ergo
2040 2302 2140 2355 sibi
2165 2303 2311 2359 vult?

725 2381 926 2435 Volons
955 2382 1209 2452 propheta
1241 2384 1474 2438 laetitiam
1503 2395 1559 2441 et
1587 2388 1959 2444 miraculorum
1987 2392 2333 2461 magnimdi»

727 2486 847 2525 nem
878 2472 1218 2541 hyperbolice
1243 2474 1553 2537 ostendere,
1585 2478 1665 2529 vel
1694 2479 1804 2547 ipsa
1836 2479 2121 2537 inanimata
2153 2484 2307 2538 indu-

725 2561 796 2615 cit
832 2560 1026 2614 choros
1068 2563 1449 2630 propemodum
1476 2565 1720 2622 ducentia
1749 2578 1803 2625 et
1831 2572 2124 2627 exsilientia
2144 2616 2158 2639 ,
2188 2590 2307 2645 qua:

726 2651 940 2719 quidem
980 2652 1157 2707 solent
1194 2654 1308 2707 fieri
1342 2656 1409 2709 ab
1445 2657 1508 2709 iis
1546 2658 1634 2725 qui
1665 2659 1842 2713 lrtitia
1868 2662 2189 2720 afficiuntur.
2228 2668 2306 2722 Eo

724 2756 855 2810 ergo
885 2753 1087 2811 spectat
1131 2744 1359 2813 adjectio
1398 2748 1539 2803 illius
1572 2751 1961 2821 similitudinis,
2001 2755 2069 2812 Ut
2088 2761 2303 2827 arietes,

724 2842 771 2885 et
799 2842 850 2884 ut
877 2834 996 2903 agni
1017 2837 1201 2889 ovium.
1233 2834 1322 2890 Illa
1349 2839 1488 2893 enim
1511 2842 1757 2897 animalia
1785 2848 1996 2915 quando
2020 2849 2303 2921 lmtautur,

725 2925 897 2979 solent
941 2925 1162 2981 saltibus
1209 2921 1490 2987 ostendere
1544 2934 1799 2991 lzetitiam.
1847 2938 2303 3007 Quemadmodum

726 3031 854 3086 ergo
877 3018 1011 3073 alius
1036 3020 1164 3074 dicit
1192 3022 1241 3075 in
1271 3024 1659 3081 estlamitatibus
1694 3030 1898 3085 vineam
1930 3043 1984 3089 et
2013 3036 2188 3091 vinum
2222 3039 2304 3093 lu-

723 3107 900 3169 xisse,
944 3123 1047 3163 non
1088 3112 1227 3179 quod
1270 3115 1387 3168 vitis
1417 3115 1589 3186 lugeat
1610 3117 1760 3189 (lsai.
1782 3117 1880 3177 ξι.
1910 3123 1963 3191 7)
1992 3142 2006 3178 :
2038 3118 2305 3197 quomodo

724 3198 865 3253 enim
890 3198 1202 3270 lugeatvitis
1225 3206 1247 3259 2
1267 3206 1360 3260 sed
1385 3208 1568 3263 volens
1588 3211 1844 3283 insignem
1871 3232 2153 3275 maerorem
2175 3236 2304 3279 ocu-

724 3288 790 3342 lis
833 3290 992 3345 veluti
1035 3293 1327 3364 subjicere,
1367 3300 1526 3355 etiam
1571 3302 1682 3373 ipsa
1722 3306 2006 3364 inanimata
2029 3326 2149 3366 eum
2176 3329 2301 3371 sen-

725 3378 859 3433 sisse
896 3380 1021 3437 dicit
1066 3384 1406 3457 hyperbolice
1443 3409 1457 3443 :
1486 3392 1555 3446 ita
1584 3393 1670 3449 hic
1693 3397 1851 3453 etiam
1874 3401 2074 3457 inducit
2096 3418 2305 3461 creatu-

724 3485 836 3524 ram
861 3487 979 3528 esse
1004 3474 1197 3532 lartitize
1222 3482 1550 3552 participem,
1584 3496 1639 3541 ut
1667 3492 1970 3548 ostenderet
1994 3497 2165 3566 gaudii
2193 3515 2306 3554 ma-

722 3564 1072 3631 gnitudinem.
1135 3569 1206 3625 Ita
1260 3574 1417 3628 etiam
1480 3578 1713 3635 solemus
1775 3583 1953 3641 dicere
1981 3564 2013 3653 ,ἡ
2045 3605 2167 3660 qua:
2216 3592 2304 3648 hic

724 3656 990 3711 suntiatta
1022 3660 1259 3717 evasisse
1278 3706 1295 3729 ,
1330 3667 1543 3733 quando
1568 3670 1737 3726 virum
1768 3656 2081 3734 honoratum
2105 3681 2303 3738 videri-

723 3761 839 3800 mus
860 3749 1148 3823 accessisse
1190 3768 1205 3806 :
1250 3754 1534 3825 lutplevisti
1573 3761 1787 3817 domum
1837 3765 2015 3823 lmtitia
2051 3787 2195 3827 :uon
2235 3774 2305 3831 de

722 3837 1011 3902 parietibus
1036 3841 1308 3909 loquentes
1330 3888 1345 3910 ,
1376 3848 1469 3903 sed
1502 3851 1707 3921 insigne
1734 3858 1983 3925 gaudium
2010 3864 2303 3919 ostenden-

724 3935 825 3983 tes.
859 3929 912 3983 5.
948 3931 1083 3997 Quid
1110 3944 1180 3988 est
1208 3937 1328 4003 tibi,
1361 3935 1673 4012 tuamqqu
1689 3948 1892 4016 fugisti,
1921 3960 1968 4003 et
1997 3963 2081 4017 tu,
2113 3954 2305 4010 Jorda-

723 4023 832 4088 nis,
868 4026 986 4092 quia
1010 4042 1274 4083 conversus
1301 4048 1353 4086 es
1412 4046 1682 4091 retrorsum
1700 4040 1725 4092 Ρ
1760 4043 1812 4094 6.
1853 4042 2048 4100 Montes
2076 4050 2303 4101 exsulta-

721 4118 812 4170 stis
848 4118 976 4171 sicut
1012 4121 1221 4183 arietes,
1260 4133 1308 4176 et
1343 4126 1495 4181 colles
1560 4131 1689 4183 sicut
1713 4136 1833 4201 agni
1857 4137 2018 4190 ovium
2040 4139 2066 4191 ?
2096 4139 2195 4193 Per
2220 4143 2303 4195 in-

725 4208 1129 4276 tcrrogationeut
1176 4212 1380 4280 profert
1410 4218 1741 4289 oralionem,
1784 4234 1836 4277 et
1872 4242 1992 4280 cum
2021 4232 2304 4287 elementis

724 4296 981 4364 loquitur,
1026 4300 1212 4355 eodem
1241 4318 1435 4371 sensu,
1463 4322 1568 4376 quo
1590 4325 1651 4364 ea
1681 4311 1814 4366 dixit
1838 4317 2072 4373 exsilire.
2102 4319 2299 4386 Quetnv

722 4385 1007 4442 admodum
1038 4390 1179 4444 enim
1209 4407 1268 4446 ea
1296 4393 1504 4449 dicebat
1524 4438 1537 4460 ,
1567 4414 1670 4453 non
1697 4402 1776 4455 eis
1804 4418 2018 4461 sensum
2043 4385 2302 4479 tribuens,

722 4476 814 4531 sed
840 4517 854 4540 ,
900 4486 957 4532 ut
996 4478 1101 4547 jam
1140 4482 1279 4547 dixi,
1329 4484 1585 4555 insignem
1630 4490 1861 4547 lmtitiam
1901 4500 2219 4567 ostendens,
2251 4476 2306 4561 et

722 4582 899 4623 rerum
942 4578 1209 4639 gestarum
1253 4576 1665 4645 magnitudinem
1701 4600 1714 4635 :
1747 4584 1817 4639 ita
1856 4589 2015 4644 etiam
2046 4593 2124 4646 eis
2148 4594 2303 4652 affert

722 4659 1187 4742 puerrogationem
1218 4684 1232 4718 ε
1264 4682 1367 4721 non
1399 4679 1456 4724 ut
1481 4688 1601 4742 quat
1629 4680 1954 4744 respondere
1987 4685 2183 4751 rossint
2205 4700 2304 4751 ,σοι

721 4762 933 4805 sensum
962 4752 1214 4821 habeant,
1246 4758 1338 4812 sed
1367 4768 1420 4814 ut
1439 4762 1578 4831 quod
1599 4764 1793 4822 dicitur
1814 4769 2011 4827 efliciat
2035 4765 2295 4846 apertius,

719 4853 773 4897 et
817 4843 1061 4914 ostendat
1105 4860 1215 4901 rem
1260 4863 1378 4903 esse
1413 4850 1813 4925 admirabilem,
1840 4870 1894 4916 et
1920 4843 2174 4934 superare
2200 4843 2299 4924 hoi-

712 4931 919 4993 ntinum
946 4936 1272 5004 opinionem.

787 5024 841 5079 5.
884 5025 1171 5097 Tamquam
1216 5041 1393 5087 autem
1436 5049 1524 5089 res
1566 5052 1699 5092 nova
1737 5038 1871 5097 facta
1898 5056 2077 5114 esset,
2106 5058 2157 5105 et
2192 5067 2296 5109 non

715 5128 781 5171 ex
820 5128 1073 5173 consueta
1109 5124 1315 5176 natura
1347 5132 1731 5197 consequentia
1758 5136 2052 5202 evenisset,
2078 5141 2297 5210 suhjun-

714 5206 788 5273 git
835 5207 1330 5279 interrogationem,
1362 5222 1415 5268 et
1434 5216 1614 5287 adjicit
1642 5226 2067 5304 responsionem.
2090 5206 2295 5297 Quam-

710 5297 885 5353 nam?
944 5301 988 5354 1.
1041 5299 1085 5353 Α
1129 5301 1259 5367 [acie
1311 5301 1520 5360 Domini
1570 5320 1704 5363 mota
1754 5324 1827 5367 est
1874 5297 2043 5382 terra,
2092 5334 2123 5371 a
2167 5322 2296 5393 foci:

716 5384 812 5442 Dei
854 5387 1033 5445 Iacob.
1084 5392 1179 5449 Hic
1208 5411 1393 5453 rursus
1434 5399 1561 5454 dicit
1589 5415 1825 5471 motum,
1866 5384 2291 5485 perculsionem,

707 5478 1147 5552 admirationem,
1180 5496 1235 5540 ut
1258 5490 1501 5546 ostendat
1527 5508 1706 5549 rerum
1736 5506 2004 5568 gestarum
2028 5478 2292 5575 magnitu;

708 5567 911 5626 dinem.

776 5658 919 5761 Deus
954 5663 1129 5761 ..ιιι-ριν
1158 5665 1405 5727 Dominus
1448 5690 1511 5729 ea:
1554 5666 1683 5733 servi
1733 5682 1933 5736 nomine
1981 5688 2288 5761 appellatus.

650 5834 651 5837 η
712 5776 781 5789 -ο
802 5748 1001 5809 Deinde
1020 5766 1321 5818 monstrans
1344 5777 1539 5835 quanta
1568 5784 1655 5825 res
1680 5771 1749 5828 sit
1773 5775 1928 5831 unius
1957 5748 2061 5834 viri.
2081 5758 2278 5851 virtus,

1514 368 1569 422 S.
1613 364 1890 422 JOANNIS
1928 358 2398 417 CllltYSOSTOMl
2442 357 2752 414 ARCIIIEP.
2797 358 3326 416 (IONSTAN’I‘INOP.

3906 360 4027 415 Ζιοὸ

2422 487 2488 525 ex
2536 476 2673 528 servi
2718 477 2931 529 nomine
2975 478 3261 547 appellavit
3292 476 3592 529 Dominum.
3621 475 3771 543 Quod
3794 474 4026 545 quidem

2425 562 2618 616 Paulus
2659 580 2867 633 quoque
2905 567 3035 619 dicit
3063 569 3221 621 fuisse
3253 582 3349 635 pro
3374 568 3613 620 maximo
3645 570 3847 621 honore
3877 582 4027 621 eon-

2421 668 2632 707 ressum
2661 656 2765 709 illis
2792 657 2990 709 sanctis
3010 700 3022 717 ,
3055 658 3303 726 quoniam
3334 658 3483 711 liberi
3508 666 3660 711 erant
3680 658 3747 710 ab
3766 658 4032 710 omoilms

2420 760 2539 812 qua:
2567 746 2631 797 ad
2656 745 2788 799 hanc
2809 746 2965 799 vitam
2984 749 3336 815 pertinebant.
3356 747 3469 802 Non
3484 750 3657 823 solum
3679 748 3818 802 enim
3840 751 4030 816 [uiantis

2422 838 2565 890 illum
2594 837 2847 891 honorem
2869 880 2883 901 ,
2912 838 3005 893 sed
3037 841 3197 893 etiam
3218 842 3415 909 adjecit
3436 856 3650 894 causam
3684 842 3917 901 honoris,
3954 849 4028 893 ut

2420 929 2712 981 auditorem
2755 928 2973 982 duceret
3008 931 3172 992 viam,
3227 945 3321 999 per
3366 946 3522 997 quant
3566 940 3744 1000 posset
3782 935 4061 1007 primum»

2423 1017 2561 1071 bunc
2604 1020 2773 1073 locum
2814 1022 3075 1075 obtinere.
3115 1021 3457 1087 Quemnam?
3503 1022 3568 1078 Ut
3613 1040 3676 1078 ex
3721 1038 4017 1077 servorum

2421 1109 2635 1173 nomine
2683 1108 2938 1161 Dominus
2981 1121 3218 1164 vocetur.
3269 1112 3526 1179 Quocirca
3572 1113 3780 1167 dicebat
3829 1131 3840 1165 :
3878 1113 4030 1167 Pro-

2418 1210 2528 1265 pter
2562 1216 2712 1268 quant
2746 1216 2949 1253 causam
2977 1218 3077 1254 non
3103 1202 3345 1255 erubescit
3374 1202 3513 1256 Deus
3532 1244 3547 1268 ,
3573 1202 3707 1256 Dens
3734 1221 3902 1258 eorum
3923 1221 4031 1257 vo-o

2416 1290 2522 1342 rari
2576 1289 2765 1359 (Hebr.
2821 1292 2906 1345 il.
2960 1291 3067 1361 16).
3116 1292 3395 1359 Quomodo
3450 1294 3816 1362 appellabatur
3870 1294 4026 1350 Deus

2418 1377 2697 1444 ipsorum?
2749 1380 2938 1433 Dicens
2984 1398 2997 1433 :
3048 1380 3158 1451 Ego
3203 1399 3315 1435 sunt
3361 1381 3500 1436 Deus
3542 1383 3829 1451 Abraham,
3870 1383 4035 1439 Dens;

2416 1468 2601 1536 Isaac,
2649 1482 2694 1525 et
2738 1471 2869 1525 Deus
2908 1472 3068 1525 Iacob
3117 1472 3309 1543 (Exod.
3358 1476 3410 1529 5.
3454 1475 3532 1543 6).
3565 1474 3765 1529 Deinde
3796 1490 4014 1545 ponens

2416 1562 2574 1615 etiam
2621 1566 2867 1631 superius
2900 1579 3114 1619 causam
3144 1567 3264 1621 talis
3291 1570 3583 1621 vocationis
3603 1610 3618 1632 ,
3649 1569 3781 1623 dixit
3811 1587 3823 1623 :
3857 1568 3922 1622 Et
3962 1570 4025 1623 ’ἡ

2418 1669 2585 1706 omnes
2615 1656 2797 1707 mortui
2827 1666 2942 1708 sunt
2965 1698 2980 1719 ,
3011 1673 3109 1709 non
3144 1660 3363 1727 acceptis
3385 1661 3799 1727 promissionibtts
3820 1704 3833 1726 ,
3860 1665 3950 1715 sed
3979 1680 4023 1716 os

2418 1747 2564 1814 longe
2602 1762 2689 1798 eas
2722 1748 3022 1813 aspicientes
3048 1759 3096 1803 et
3122 1751 3429 1816 salutantes,
3467 1764 3511 1805 et
3539 1755 3827 1819 conﬁtentes
3846 1794 3869 1819 ,
3890 1757 4022 1824 quia

2416 1839 2667 1907 peregrini
2691 1850 2807 1893 sunt
2828 1840 3108 1911 rtltospites
3129 1841 3311 1911 (Hebr.
3337 1844 3422 1899 Η.
3446 1845 3560 1917 15).
3584 1846 3707 1900 Ha-c
3724 1858 3800 1901 est
3824 1863 4021 1908 causa.

2415 1938 2469 1981 et
2513 1932 2631 1984 ideo
2676 1931 2947 2000 subjunxit
2975 1953 2988 1988 :
3011 1933 3231 2004 Propter
3258 1941 3389 1989 hanc
3412 1954 3616 1992 causam
3643 1957 3742 1993 non
3767 1942 4022 1995 erubescit

2419 2020 2553 2075 Dens
2573 2025 2739 2075 vocari
2769 2022 2903 2077 Deus
2927 2034 3099 2080 eorum
3129 2026 3292 2097 (Ibid.
3321 2045 3367 2081 υ.
3400 2030 3509 2101 16).
3545 2032 3771 2101 Propter
3808 2050 3970 2103 quam
3992 2036 4023 2088 ?

2412 2115 2672 2179 Quoniam
2706 2117 2934 2173 confessi
2975 2131 3099 2176 sunt
3122 2138 3241 2178 esse
3268 2140 3326 2179 se
3356 2124 3593 2195 hospites
3618 2137 3669 2182 et
3701 2130 4024 2197 peregrinos

2414 2205 2574 2275 (Ibid.
2603 2224 2649 2260 υ.
2685 2209 2775 2279 15)
2795 2250 2809 2272 ,
2843 2218 2896 2264 et
2921 2211 3053 2264 nihil
3080 2212 3277 2269 habere
3318 2230 3602 2272 commune
3623 2233 3741 2272 cum
3765 2235 4019 2289 prmsen-

2414 2298 2556 2353 tihus
2587 2318 2601 2354 :
2630 2300 2724 2356 sed
2763 2302 2989 2371 sejuncti
3027 2304 3096 2359 ab
3137 2304 3202 2359 iis
3229 2322 3347 2377 qua:
3379 2308 3444 2361 ad
3481 2310 3618 2365 hanc
3647 2312 3805 2365 vitam
3836 2315 4019 2381 perti-

2414 2400 2573 2455 nent,
2606 2393 2675 2447 ita
2720 2393 2980 2464 degebant
3023 2397 3075 2451 in
3114 2398 3286 2477 aliena
3336 2410 3498 2455 terra.
3539 2402 3591 2457 8.
3624 2402 3723 2470 Qui
3764 2408 4020 2462 converti:

2412 2492 2602 2553 petram
2630 2484 2680 2553 in
2707 2492 2886 2555 stagna
2901 2502 3146 2549 aquarum
3166 2530 3181 2553 ,
3209 2500 3255 2542 et
3277 2507 3453 2560 rupem
3478 2493 3530 2554 in
3552 2494 3715 2562 fontes
3732 2512 4017 2563 aquarum.

2409 2571 2739 2639 Quamnam,
2784 2592 2999 2645 quaeso,
3042 2580 3251 2634 veniam
3297 2594 3718 2653 consequentur,
3758 2588 3845 2657 qui
3877 2603 4016 2644 sunt

2407 2661 2561 2727 dttri,
2593 2673 2645 2719 et
2691 2680 2795 2719 nou
2842 2666 2992 2723 facile
3032 2670 3255 2735 cedunt,
3283 2687 3405 2728 cum
3444 2685 3497 2728 et
3540 2688 3687 2745 petra
3736 2687 3790 2732 et
3843 2696 4021 2749 rupes

2407 2768 2526 2823 qua:
2556 2764 2638 2808 est
2666 2753 2795 2809 dura
2824 2768 2876 2811 et
2907 2760 3188 2828 resistens,
3212 2762 3367 2817 cedat
3390 2764 3560 2833 jussui
3590 2768 3816 2833 Domini,
3842 2769 4023 2825 homo

2408 2853 2623 2907 autem,
2660 2847 2748 2916 qui
2792 2857 2872 2901 est
2912 2850 3118 2905 ratione
3154 2863 3376 2909 ornatus
3400 2865 3455 2909 et
3483 2858 3730 2911 omnibus
3756 2874 4021 2916 mansue-

2410 2935 2541 3000 tior,
2585 2936 2687 2990 illis
2713 2937 2902 2992 evadat
2928 2940 3149 2996 durior?
3180 2943 3381 3013 Rupem
3410 2946 3552 3001 enim
3585 2947 3670 3002 hic
3696 2948 3856 3016 dicit,
3885 2966 4020 3020 qua

2408 3026 2561 3083 facile
2587 3028 2729 3084 ferro
2752 3045 2854 3085 non
2884 3032 3060 3098 cedit,
3090 3035 3182 3089 sed
3214 3038 3298 3090 vix
3326 3038 3378 3091 in
3407 3038 3604 3095 vertice
3625 3040 4015 3111 confringitur.

2407 3116 2497 3173 Illa
2547 3130 2720 3173 tamen
2770 3122 2821 3175 in
2877 3125 3198 3179 contrariam
3243 3136 3485 3183 naturam
3539 3129 3752 3186 redacta
3797 3143 3919 3198 est,
3951 3146 4020 3189 et

2406 3210 2581 3267 fontes
2621 3228 2877 3283 aquarum
2927 3216 3125 3270 emisit.
3176 3217 3391 3274 Natura:
3431 3222 3576 3276 enim
3613 3220 3801 3292 Opifex
3828 3232 4021 3292 potest

2407 3303 2553 3372 ipsos
2592 3320 2805 3374 quoque
2846 3306 3135 3363 transferre
3173 3310 3462 3379 terminos,
3492 3324 3546 3368 et
3571 3329 3690 3383 qua:
3716 3323 3840 3369 sunt
3866 3331 4017 3371 con-

2409 3396 2571 3451 traria
2615 3396 2903 3452 ostendere
2952 3415 2967 3452 :
3012 3399 3154 3469 quod
3181 3414 3555 3470 sapenumero
3582 3403 3709 3460 fecit
3738 3406 3790 3461 in
3821 3409 4020 3464 multis

2408 3485 2573 3553 locis,
2622 3488 2911 3543 ostendens
2950 3504 3011 3570 se
3054 3505 3177 3546 eum
3214 3506 3363 3556 esse.
3401 3496 3581 3563 qui'ex
3613 3497 3677 3551 iis
3700 3538 3716 3563 ,
3746 3512 3867 3569 qua:
3898 3516 4019 3559 tum

2404 3586 2562 3643 sunt,
2610 3577 2737 3634 fecit
2780 3581 2980 3635 omnia.
3023 3582 3311 3654 Postquam
3349 3601 3479 3657 ergo
3502 3588 3639 3643 dixit
3662 3592 3876 3661 antiqua
3910 3593 4021 3649 be-

2406 3670 2639 3738 neficia,
2688 3671 2998 3738 miracula,
3026 3674 3305 3746 prodigia,
3357 3678 3627 3748 quomodo
3675 3681 3922 3738 liberavit
3980 3701 4019 3740 a

2405 3760 2682 3817 barbarica
2724 3764 2979 3820 servitute
2996 3803 3031 3831 ,.
3065 3769 3336 3836 quomodo
3352 3770 3561 3827 reduxit
3582 3773 3632 3827 in
3665 3774 3969 3833 libertatem
3996 3821 4014 3843 ,

2406 3851 2685 3919 quomodo
2720 3855 2940 3908 mutavit
2976 3857 3275 3923 elementa,
3320 3870 3374 3917 et
3413 3863 3590 3917 omnia
3620 3867 3844 3935 replevit
3871 3868 4019 3923 Leti-

2407 3945 2476 3997 tia
2497 3985 2513 4010 ,
2562 3956 2712 4015 rogat
2750 3949 2909 4002 etiam
2940 3964 3041 4020 pro
3075 3952 3425 4020 pnesentibus
3463 3965 3516 4010 et
3541 3956 3608 4010 ad
3639 3971 3760 4011 eum
3793 3968 4018 4027 portum

2406 4036 2659 4106 confugit.
2709 4032 2909 4095 Deinde
2947 4043 3199 4110 quoniam
3242 4044 3370 4099 illud
3410 4060 3621 4116 quoque
3651 4046 3846 4104 factum
3876 4059 3963 4105 est
3991 4094 4017 4121 ,

2408 4143 2512 4181 non
2546 4141 2761 4200 propter
2786 4133 2971 4187 merita
3002 4150 3187 4193 eorum
3214 4136 3302 4207 qui
3324 4136 3696 4195 aftlclebautur
3718 4141 4015 4211 beneﬁcio,

2406 4220 2499 4275 sed
2540 4233 2758 4293 propter
2797 4224 2889 4281 Dei
2930 4224 3309 4299 benignitatem
3340 4240 3393 4284 et
3422 4232 3793 4301 clementiam,
3820 4242 3877 4290 et
3904 4252 4017 4292 no-

2409 4326 2532 4366 men
2562 4313 2679 4383 ejus
2707 4332 2722 4369 :
2751 4316 2891 4386 quod
2913 4317 3127 4386 quidem
3155 4318 3321 4374 dixit:
3353 4318 3422 4375 Ut
3451 4338 3551 4376 non
3580 4324 3875 4393 profanetur
3903 4343 4016 4381 no-

2408 4420 2522 4458 men
2567 4422 2731 4460 meum
2779 4406 2992 4477 (Each.
3030 4410 3121 4466 20.
3154 4410 3209 4483 9)
3232 4451 3247 4475 ,
3278 4412 3373 4467 sed
3400 4415 3579 4468 sciant
3599 4430 3788 4473 omnes
3816 4433 3915 4489 per
3936 4434 4012 4477 ea

2407 4513 2527 4565 qua:
2572 4497 2709 4553 facta
2753 4509 2907 4565 sunt,
2954 4500 3071 4570 ejus
3107 4502 3354 4557 virtutem
3380 4513 3432 4560 et
3461 4507 3786 4584 potentiam,
3818 4518 3873 4565 et
3898 4509 4013 4569 hoc

2407 4588 2477 4642 sit
2508 4590 2721 4645 occasio
2740 4599 2792 4645 et
2811 4604 3180 4661 argumentum
3204 4593 3485 4661 doctrinae,
3514 4597 3650 4655 hanc
3669 4602 3829 4655 etiam
3854 4616 4011 4662 nunc

2404 4679 2561 4735 altert
2593 4682 2897 4746 rationem,
2943 4683 3129 4739 dicens
3172 4665 3190 4740 ἶ
3227 4686 3448 4743 Etiamsi
3493 4703 3591 4744 nos
3618 4693 3722 4746 vita
3744 4691 4006 4761 deﬁciat.

2406 4787 2504 4826 nec
2551 4770 2841 4828 habeamus
2881 4790 2956 4847 ex.
2995 4776 3195 4832 nostris
3229 4774 3376 4833 recte
3420 4780 3571 4839 ﬁctis
3600 4781 3843 4839 ﬁduciam
3865 4821 3889 4852 ,
3916 4787 4009 4844 iac

2404 4873 2623 4931 propter
2666 4871 3088 4933 nomeu‘tuum,
3132 4867 3269 4923 sicut
3307 4869 3519 4926 dicebat
3557 4871 3752 4929 Moses.
3779 4870 3886 4932 Cui
3912 4877 4007 4942 h'c

2404 4971 2615 5025 quoque
2652 4955 2837 5011 dicens
2879 4966 3268 5028 consentanea,
3299 4962 3373 5017 ait
3404 4980 3419 5017 :
3448 4966 3505 5021 9.
3528 4963 3661 5033 Non
3686 4968 3858 5037 nobis,
3893 4966 4008 5027 Do-

2402 5046 2535 5101 mine
2554 5088 2569 5110 ,
2601 5064 2700 5101 non
2727 5048 2897 5113 nobis,
2925 5050 3016 5103 sed
3043 5052 3236 5106 nomini
3261 5062 3348 5108 tuo
3370 5057 3439 5110 da
3461 5056 3695 5127 gloriam.
3724 5057 3842 5115 Non
3870 5075 4006 5133 pro.

2403 5146 2521 5207 pter
2563 5156 2695 5205 tios,
2744 5141 2948 5212 inquit,
2993 5158 3166 5214 neque
3203 5154 3261 5200 ut
3306 5162 3405 5203 nos
3442 5149 3634 5206 reddas
3656 5152 3914 5211 διατίθης
3944 5168 4004 5215 et

2402 5231 2571 5301 magis
2610 5230 2844 5302 insignes
2863 5274 2877 5299 ,
2906 5234 2999 5289 sed
3028 5246 3084 5288 ttt
3113 5236 3229 5307 ipse
3259 5237 3457 5310 ubique
3485 5250 3625 5296 luant
3658 5242 3851 5300 reddas
3877 5262 4002 5303 ma-

2404 5324 2648 5379 nifestam
2670 5324 3004 5393 potentiam.
3041 5326 3236 5383 Verum
3276 5313 3725 5399 quemadmodum
3754 5336 3870 5406 ejus
3894 5354 4001 5396 no-

2401 5432 2522 5471 men
2568 5417 2733 5486 gloria
2771 5427 2825 5473 et
2870 5418 3074 5477 honore
3115 5421 3380 5492 afficitur,
3421 5426 3545 5483 dum
3573 5429 3687 5499 ipse
3713 5430 3816 5488 fert
3838 5435 4000 5491 auxi-

2398 5506 2526 5562 lium
2577 5526 2590 5560 :
2635 5508 2705 5561 ita
2752 5525 2936 5567 rursus
2976 5512 3145 5582 gloria
3184 5529 3400 5588 quoque
3433 5518 3695 5585 aftlcltur,
3735 5522 3862 5579 dum
3889 5541 3997 5591 nos

2398 5613 2542 5653 recte
2587 5608 2643 5653 et
2681 5613 2744 5654 ex
2793 5601 2987 5659 virtute
3034 5605 3293 5673 vivimus,
3332 5619 3387 5664 et
3432 5612 3704 5680 pra‘claris
3734 5614 3993 5675 institutis

2395 5692 2522 5745 clari
2563 5707 2765 5749 sumus.
2808 5692 2997 5750 aneat
3070 5699 3243 5763 enim,
3286 5702 3484 5773 inquit,
3512 5704 3602 5759 tu
3630 5716 3790 5762 vestra
3814 5725 3992 5771 eorum

2401 5784 2679 5860 hominibus
2702 5826 2717 5854 ,
2758 5796 2812 5841 ut
2850 5787 3050 5871 rideant
3077 5806 3232 5863 opera
3256 5804 3415 5850 vestra
3438 5796 3571 5851 bona
3587 5839 3601 5867 ,
3633 5808 3680 5854 et
3703 5800 3991 5872 gloriﬁcent
