4218 6420
814 378 932 440 .809

824 493 1127 559 δοξάσωσι
1145 490 1251 546 τὸν
1275 491 1506 561 Πατέρα
1523 492 1705 562 ὑμῶν,
1729 495 1835 548 τὸν
1858 495 1927 549 ἐν
1954 497 2076 561 τοῖς
2095 491 2397 563 οἰφανοῒς.

826 581 1038 649 τοσπερ
1072 568 1252 632 τοίνυν
1289 578 1570 645 δοξάζεται
1590 582 1648 633 ἐν
1668 583 1834 652 ἀρετῇ
1853 582 2022 635 ὄντων
2050 580 2230 652 ἡμῶν,
2256 579 2401 633 οῦτω

825 668 990 722 πάλιν
1039 666 1440 738 βλασφημεῖται
1488 669 1546 720 ἐν
1588 668 1756 737 κακίᾳ
1787 667 2192 737 διατριϐόντων.
2228 665 2400 719 Τοῦτο

824 754 955 822 γοῦν
985 756 1078 808 καὶ
1112 754 1200 809 διά
1222 755 1316 808 τοῦ
1343 756 1620 828 προφήτου
1652 754 1850 826 δηλῶν,
1885 755 2036 824 ἔλεγε
2055 770 2071 784 ·
2111 751 2182 810 Τὸ
2211 752 2400 823 ὄνομά

820 859 940 912 μου
962 841 1036 894 δι’
1059 839 1212 910 ὑμᾶς
1241 839 1392 912 [297]
1415 840 1866 911 ,βλασφημεῖται
1891 841 1962 894 ἐν
1987 840 2110 907 τοῖς
2133 840 2395 895 ἔθνεσιν.

837 927 976 981 Ἀλλ’
994 927 1180 997 ἐπειδὴ
1205 927 1504 1000 οὐδαμόθεν
1520 928 1785 999 ἑτέρωθεν
1807 928 1919 1000 έχει
1942 929 2040 1000 τὴν
2069 926 2397 998 συνηγορίαν

823 1016 924 1086 τὴν
956 1015 1097 1086 ὑπὲρ
1125 1015 1308 1068 αὐτῶν
1340 1015 1688 1088 ποιήσασθαι,
1721 1016 1814 1072 ἐπὶ
1843 1015 2003 1070 τοῦτο
2040 1014 2393 1085 καταφεύγει,

824 1102 1075 1173 καθάπερ
1103 1102 1198 1156 καὶ
1231 1104 1491 1174 Μωῦσῆς.

905 1231 1050 1286 Ἀλλ’
1073 1234 1172 1286 οὐκ
1198 1234 1285 1286 ἀεὶ
1315 1233 1444 1287 αὐτὸ
1475 1236 1664 1288 ποιεῖό
1695 1235 1848 1302 Θεὸς,
1875 1235 1974 1302 τῆς
1991 1233 2269 1306 σωτηρίας
2290 1251 2386 1304 κη-

823 1321 1046 1390 δόμενος
1103 1319 1209 1371 τῶν
1256 1317 1578 1390 ἀνθρώπων.
1627 1321 1687 1374 Et
1737 1321 1847 1391 γάρ
1888 1321 1975 1374 ἀεὶ
2012 1321 2172 1375 τοῦτο
2221 1321 2394 1374 ποιεῖν

822 1407 1037 1475 ἔμελλε,
1092 1405 1276 1459 πολλοὶ
1322 1406 1430 1459 τῶν
1479 1405 1742 1478 ῥᾳθύμων
1779 1407 1994 1477 χείρους
2025 1407 2093 1461 ἂν
2126 1407 2393 1474 ἐγένοντο,

825 1493 1079 1561 μέγιστον
1107 1493 1361 1564 ἐνέχυρον
1393 1493 1606 1562 ἔχοντες
1631 1493 1727 1547 τοῦ
1753 1493 1827 1565 μὴ
1847 1494 2074 1564 πάσχειν
2096 1494 2301 1556 κακῶς,
2333 1493 2395 1546 :0

821 1578 910 1632 διὰ
936 1578 1034 1650 τὴν
1061 1579 1217 1646 δόξαν
1251 1579 1414 1633 αὐτοῦ
1443 1579 1705 1648 διηνεκῶς
1731 1577 2019 1645 σώζεσθαι.
2059 1580 2197 1633 Ἀλλ’
2223 1581 2284 1632 οὐ
2311 1580 2396 1648 γίο

821 1684 972 1719 νεται
988 1665 1164 1730 τοῦτο.
1185 1668 1260 1721 Οὐ
1280 1667 1388 1739 γὰρ
1405 1667 1549 1721 οὕτω
1571 1667 1720 1739 μέλει
1747 1669 1846 1739 τῆς
1861 1663 2020 1739 δόξης
2042 1667 2205 1722 αὐτοῦ
2223 1667 2392 1737 αὐτῷ,

813 1754 900 1817 ὡς
927 1755 1026 1826 τῆς
1052 1755 1325 1826 σωτηρίας
1353 1757 1451 1826 τῆς
1477 1754 1587 1810 τῶν
1617 1755 1942 1828 ἀνθρώπων.
1964 1756 2030 1811 Et
2051 1756 2159 1827 γὰρ
2184 1757 2394 1828 ἀνθρω-

822 1857 912 1893 ποι
945 1841 1342 1911 καταφρονοῦσι
1363 1841 1576 1904 τούτου.
1600 1841 1782 1913 πολλῷ
1809 1843 2008 1912 μᾶλλον
2033 1843 2061 1895 0
2088 1842 2240 1906 Θεὸς,
2263 1844 2292 1896 0
2319 1843 2394 1913 μὴ

821 1926 1074 1994 δεόμενός
1119 1945 1264 1992 τινος
1299 1928 1409 1981 τῶν
1441 1929 1571 1999 παρ’
1610 1930 1642 1999 ὴ
1653 1928 1802 1999 μῶν·
1833 1928 1950 1982 ἀλλ’
1984 1929 2120 2001 ὅπερ
2172 1929 2332 1999 ἔφην,
2366 1931 2395 1983 ό

818 2002 1128 2088 Προφήτης,
1182 2016 1369 2087 ἐπειδὴ
1424 2016 1722 2088 συνηγόρου
1761 2017 1915 2084 τάξιν
1960 2017 2095 2088 ἔχει,
2135 2019 2242 2072 ἀπὸ
2282 2017 2392 2073 τῶν

817 2099 1046 2154 ἐνόντων
1075 2102 1175 2172 τὴν
1197 2103 1524 2175 συνηγορίαν
1549 2105 1920 2168 ποιεῖται,·καὶ
1950 2104 2292 2169 διπλασιάζει
2313 2105 2392 2178 τῷ

815 2187 981 2259 λόγῳ,
1006 2187 1214 2258 λέγων·
1237 2191 1333 2259 Μὴ
1361 2191 1525 2261 ἡμῖν,
1551 2193 1749 2260 Κύριε,
1772 2191 1860 2262 μὴ
1891 2192 2066 2262 ἡμῖν·
2097 2194 2300 2268 σφόδρα
2329 2195 2391 2248 :0

816 2275 1034 2339 ἀνάξιον
1064 2275 1173 2330 τῶν
1204 2276 1528 2348 σωζομένων
1560 2278 1774 2343 δεικνύς
1793 2294 1807 2308 ·
1855 2279 2016 2335 Ἀλλ’
2052 2281 2091 2348 ἣ
2140 2279 2220 2346 τῷ
2255 2282 2390 2337 ὀνό-

809 2363 957 2430 ματί
981 2377 1098 2416 σου
1127 2361 1234 2428 δὸς
1256 2363 1463 2428 δόξαν.
1505 2364 1695 2435 Ἡμεῖς
1731 2363 1831 2436 μὲν
1861 2365 1970 2438 γάρ
2005 2367 2214 2438 μυρίων
2252 2365 2390 2434 ἄξιοι

817 2447 1008 2501 κακῶν
1030 2465 1044 2478 ·
1080 2448 1194 2502 ἀλλ’
1225 2450 1373 2515 ὅπως
1398 2451 1460 2505 τὸ
1483 2451 1656 2522 δνομά
1678 2468 1771 2506 σου
1807 2453 1882 2523 μὴ
1908 2452 2215 2525 βεδηλωθῇ.
2261 2455 2394 2510 Ἐπί

813 2533 894 2598 τῷ
917 2533 1074 2588 ἐλέει
1107 2551 1223 2590 σου
1247 2539 1346 2590 καί
1393 2537 1470 2607 τῇ
1509 2538 1760 2608 ἀληθείᾳ
1797 2554 1932 2594 σου.
1969 2540 2194 2612 Ἕτερος
2220 2543 2393 2613 ἑρμη-

813 2626 1008 2695 νευτής
1057 2642 1213 2696 φησι,
1260 2626 1362 2680 Διά
1393 2626 1460 2680 τὸ
1507 2627 1680 2692 ἔλεός
1722 2645 1857 2683 σου.
1909 2627 2068 2700 Ὁρᾷς
2107 2629 2226 2695 πῶς
2261 2631 2392 2686 αὐτὸ

814 2711 908 2762 καὶ
930 2711 1092 2774 αὐτὸς
1113 2708 1224 2764 οἶδε
1260 2712 1465 2780 σαφῶς,
1498 2715 1582 2766 ὃτι
1604 2713 1866 2776 πολλάκις
1891 2715 2084 2769 τούτου
2109 2713 2388 2788 καταφρο-

813 2797 922 2851 νῶν
953 2799 982 2850 0
1011 2797 1144 2862 Θεὸς
1173 2799 1308 2868 πρὸς
1340 2799 1397 2853 ἐν
1426 2801 1531 2871 όρᾷ
1563 2802 1744 2872 μόνον,
1779 2802 1878 2873 τὴν
1905 2802 2014 2856 τῶν
2043 2804 2384 2873 ἁμαρτανόν-

809 2901 919 2938 των
949 2884 1254 2957 διόρθωσιν.
1288 2887 1388 2940 Διὰ
1419 2887 1578 2942 τοῦτο
1609 2889 1923 2961 ἐπήγαγεν·
1969 2890 2098 2946 Ἐπί
2129 2889 2208 2955 τῷ
2236 2893 2394 2948 ἐλέει

815 2987 954 3034 σου,
981 2971 1084 3026 καὶ
1112 2972 1187 3040 τῇ
1211 2974 1462 3041 ἀληθείῃ
1483 2989 1620 3029 σου.
1650 2976 1932 3039 Τουτέστι,
1950 2976 2038 3030 διὰ
2051 2977 2113 3032 τὸ
2135 2977 2280 3040 ἔλεός
2297 2997 2390 3034 σου

816 3058 1083 3131 βοήθησον
1125 3062 1279 3130 ημῖν,
1333 3062 1383 3114 εί
1429 3062 1522 3114 καὶ
1555 3061 1655 3131 τῆς
1692 3061 1948 3134 δόξης-οὐ
1979 3063 2132 3133 μέλει
2173 3083 2252 3119 σοι
2292 3068 2392 3136 τῆς

813 3146 968 3215 παρά
1007 3145 1117 3200 τῶν
1149 3145 1471 3217 ἀνθρώπων,
1503 3146 1638 3202 ἀλλά
1664 3146 1760 3202 ’διά
1787 3149 1848 3202 :0
1873 3148 2022 3213 ἔλεός
2049 3167 2144 3204 σου
2170 3153 2267 3207 καὶ
2292 3151 2390 3222 τὴν

809 3231 1068 3302 ἀλήθειάν
1101 3249 1215 3288 σου.
1250 3233 1409 3309 Ἔστι
1440 3234 1568 3304 γάρ,
1601 3234 1715 3290 ἔστι
1765 3238 1860 3290 καὶ
1889 3236 2189 3302 κολάζοντα
2231 3239 2390 3305 δόξαν

811 3317 1020 3382 λαϐεῖν,
1056 3320 1157 3372 οὐκ
1186 3320 1437 3374 ἐλεοῦντα
1473 3323 1652 3392 μόνον.
1701 3322 1862 3376 Ἀλλά
1905 3324 1979 3394 μὴ
2007 3325 2170 3391 οὕτω,
2202 3327 2386 3398 φησὶν,

808 3405 943 3460 ἀλλὰ
975 3406 1064 3459 διὰ
1092 3407 1150 3460 :0
1194 3407 1339 3472 ἔλεός
1373 3425 1488 3462 σου.
1532 3410 1728 3480 Ἐχρῆν
1770 3409 1869 3480 μὲν
1915 3413 2024 3484 γάρ
2069 3415 2200 3480 παρ’
2234 3415 2388 3484 ἡμῶν

807 3493 888 3566 τῷ
917 3493 1140 3562 ὀνόματί
1172 3511 1264 3547 σου
1309 3495 1546 3549 δίδοσθαι
1577 3497 1735 3563 δόξαν
1760 3497 1848 3550 διὰ
1881 3498 1976 3551 τοῦ
2020 3499 2135 3570 βίου
2169 3501 2388 3572 καὶτῆς

809 3579 1116 3642 πολιτείας·
1154 3581 1344 3653 ἐπειδὴ
1381 3583 1438 3636 δέ
1475 3583 1633 3636 τοῦτο
1671 3582 2113 3655 προδεδώκαμεν,
2162 3587 2252 3641 διά
2283 3589 2386 3660 τῆς

806 3667 1143 3736 ἀντιλήψεως
1168 3669 1412 3739 ποίησον,
1435 3669 1522 3724 διὰ
1537 3668 1632 3723 τοῦ
1659 3670 1809 3723 ἐλέου
1832 3672 1927 3725 καὶ
1955 3673 2056 3742 τῆς
2085 3673 2389 3745 φιλανθρω-

806 3753 958 3818 πίας.
998 3754 1242 3823 Μήποτε
1269 3755 1480 3810 είπωσι
1514 3757 1587 3836 τὰ
1612 3755 1780 3826 ἔθνη,
1806 3759 1931 3813 Ποῦ
1977 3759 2150 3815 ἔστιν
2179 3766 2213 3817 d
2241 3763 2386 3832 Θεὸς

800 3840 1034 3906 αὐτῶσκ
1549 3837 1558 3862 ⁸

874 3973 936 4024 δ’.
967 3966 1186 4025 Πολλῶν
1218 3972 1311 4025 καὶ
1347 3972 1440 4025 νῦν
1465 3972 1774 4043 εὐχομένων
1797 3973 1980 4027 ἀκούω
2002 3973 2175 4030 ταῦτα
2199 3976 2383 4046 λεγόν·

796 4075 930 4113 των·
947 4057 1082 4113 ἀλλά
1111 4057 1246 4120 δέος,
1269 4059 1476 4129 μήποτε
1506 4058 1679 4123 ἄλλως
1695 4060 1890 4113 εἴπωσι
1915 4071 1940 4100 ι
1955 4059 2036 4126 :0,
2071 4061 2192 4115 Ποῦ
2208 4062 2382 4117 ἐστιν

801 4148 836 4200 d
867 4145 1010 4211 Θεὸς
1040 4143 1272 4209 αὐτῶν;
1310 4145 1436 4200 ὅταν
1459 4145 1747 4217 ἀρπάζωσι
1773 4144 1978 4213 πολλοὶ,
2011 4148 2104 4203 καὶ
2130 4148 2376 4218 ἀδικῶσι,

795 4233 893 4286 καὶ
928 4233 1095 4304 μυρία
1128 4234 1319 4287 multo:
1348 4233 1512 4289 δεινά.

882 4363 946 4415 '0
982 4361 1050 4415 δὲ
1084 4362 1226 4428 Θεὸς
1270 4361 1444 4431 ἡμῶν
1466 4363 1536 4416 ὲν
1567 4361 1648 4427 τῷ
1679 4364 1912 4432 οὐρανῷ
1954 4365 2052 4418 καὶ
2081 4366 2151 4419 ἐν
2193 4367 2269 4435 τῇ
2301 4368 2379 4438 γῇ

798 4449 994 4502 πάντα
1018 4448 1133 4503 ὅσα
1158 4449 1458 4515 ἠθέλησεν
1475 4449 1784 4516 ἐποίησεν.
1824 4450 2085 4503 Ἐνταῦθα
2113 4453 2210 4523 τὴν
2238 4455 2377 4508 πλά-

797 4553 895 4607 νην
937 4535 1045 4589 τῶν
1090 4537 1330 4608 ἀνοήτων
1369 4535 1696 4607 διορθοῦται.
1766 4537 1984 4608 Ἐπειδὴ
2028 4539 2136 4609 γὰρ
2192 4541 2376 4594 πολλοὶ

796 4622 1081 4690 ἀγνοοῦσιν
1108 4618 1246 4676 εἶναι
1269 4622 1421 4687 Θεὸν,
1443 4622 1502 4674 τὸ
1524 4623 1764 4676 τοιοῦτον
1779 4622 1955 4690 δόγμα
1975 4626 2371 4696 διορθούμενος,

797 4709 961 4781 φησίν
982 4725 995 4737 ·
1038 4710 1098 4762 '0
1122 4708 1188 4762 δὲ
1215 4709 1358 4775 Θεὸς
1386 4707 1554 4778 ἡμῶν
1574 4710 1644 4762 ἐν
1668 4706 1748 4773 τῷ
1772 4711 2008 4777 οὐρανῷ
2034 4712 2232 4766 πάντα
2258 4713 2377 4768 ὅσα

794 4795 1098 4864 ἠθέλησεν
1138 4795 1448 4864 ἐποίησεν.
1497 4797 1559 4848 Εἰ
1609 4797 1664 4848 δὲ
1715 4799 1773 4850 ἐν
1821 4794 1896 4866 τῷ
1933 4798 2166 4869 οὐρανῷ,
2195 4800 2374 4872 πολλῷ

799 4881 1000 4954 μᾶλλον
1031 4883 1124 4936 ἐπὶ
1154 4883 1254 4953 τῆς
1282 4884 1404 4953 γῆς.
1453 4884 1603 4938 Τίδὲ
1659 4887 1828 4950 ἐστιν,
1873 4887 1976 4940 Ἐν
2021 4885 2101 4952 τῷ
2138 4889 2374 4954 οἰφανῷ

796 4970 996 5024 πάντα
1033 4971 1151 5025 ὅσα
1186 4971 1492 5039 ἠθέλησεν
1527 4972 1853 5041 ἐποίησεν;
1882 4974 1955 5027 Ἦ
1981 4974 2080 5038 τὰς
2112 4973 2371 5045 δυνάμεις

795 5057 894 5120 τὰς
923 5057 1035 5112 ἀνω
1067 5058 1218 5127 φησὶ,
1251 5059 1344 5112 καὶ
1382 5059 1509 5122 τοὺς
1538 5059 1743 5129 δήμους
1769 5061 1896 5124 τοὺς
1929 5059 2193 5132 ἀπείρους
2228 5064 2372 5116 ἐκεί-

794 5160 938 5209 νους,
967 5144 998 5215 ἢ
1032 5144 1101 5197 τά
1125 5145 1494 5216 ἐπιτάγματα,
1520 5143 1556 5199 ἀ
1583 5145 1723 5216 μετά
1753 5146 2004 5211 εὐκολίας
2031 5148 2271 5202 ἀνύεται.
2307 5150 2368 5203 EE

791 5231 847 5284 δὲ
876 5232 909 5302 ή
950 5232 1017 5301 γῆ
1051 5231 1250 5304 πολλὴν
1280 5231 1392 5302 ἔχει
1433 5231 1532 5302 τὴν
1563 5233 1826 5303 σύγχυσιν
1857 5235 1950 5288 καὶ
1979 5233 2076 5306 τὴν
2117 5235 2366 5301 ἀταξίαν,

793 5319 868 5390 μὴ
901 5319 1208 5392 θαυμάσῃς.
1252 5323 1386 5375 Ἀπὸ
1415 5322 1513 5393 τῆς
1548 5321 1656 5375 τῶν
1681 5322 1987 5395 ἀνθρώπων
2013 5326 2233 5389 κακίας,
2271 5327 2366 5378 καὶ

788 5408 888 5477 τῆς
921 5408 1184 5478 πονηρίας
1212 5409 1321 5462 τῶν
1355 5410 1668 5479 μετιόντων,
1699 5409 1817 5464 ἀλλ’
1845 5411 1906 5463 οὐ
1935 5411 2090 5483 παρά
2113 5412 2210 5483 τὴν
2240 5414 2365 5466 ἀτο-

783 5495 908 5549 νίαν
946 5495 1038 5548 τοῦ
1086 5496 1222 5549 Θεοῦ
1260 5496 1415 5550 τοῦτο
1445 5499 1673 5565 γίνεται.
1711 5499 1833 5551 Ὅτι
1871 5499 1980 5570 γὰρ
2023 5499 2241 5570 ίσχυρὸς
2269 5502 2364 5554 καὶ

850 5723 872 5752 ι
897 5710 1085 5782 Ἀλλως
1130 5717 1337 5782 εἴπωσι,
1362 5717 1631 5782 Henetus,
1677 5716 1993 5782 nequicquam
2030 5717 2211 5780 diram,
2253 5723 2360 5769 sive

783 5774 958 5824 {emere
976 5774 1136 5824 dicam
1188 5777 1274 5825 Hic
1297 5779 1489 5828 videtur
1505 5774 1627 5830 esse'
1641 5774 1781 5839 huiu's
1805 5774 1896 5830 loti
1915 5793 2106 5831 sensus.

1516 381 1572 438 S.
1609 379 1894 438 JOANNIS
1930 373 2422 438 CIIRYSOSTOEI
2460 372 2782 432 ARCIIIEP.
2822 369 3373 430 CONSTANTINOP.

3975 359 4096 422 5M

2501 489 2748 555 δυνατὸς,
2783 489 2850 543 τά
2881 490 2938 544 ἐν
2965 488 3044 560 τῷ
3077 486 3295 556 οὐρανῷ
3336 481 3488 554 δηλοῖ
3523 493 3896 550 πραττομενα.
3936 477 4001 531 ΕΞ
4030 477 4095 530 δὲ

2500 576 2559 628 ἐν
2583 579 2650 648 τῇ
2671 579 2742 646 γῇ
2773 576 2872 646 οὐχ
2892 574 3086 636 οὕτως.
3111 573 3161 625 οί
3183 569 3438 637 ἀναξίους
3467 564 3694 628 ἑαυτοὺς
3718 561 4096 624 καθιστῶντες

2501 664 2684 718 αἴτιοι.
2713 662 2817 716 Καὶ
2834 663 3036 732 ἑτέρως
3051 661 3095 714 δ’
3117 658 3182 714 ἀν
3194 676 3283 723 ,τις
3300 656 3488 711 τοῦτον
3513 652 3910 726 μεταχειρίσειε
3926 648 4096 722 [298]

2498 751 2590 804 τὸν
2619 751 2799 821 λόγον,
2830 751 2912 804 ὅτι
2962 748 3134 803 πολλά
3171 747 3266 801 καὶ
3315 745 3405 799 διά
3443 740 3826 816 μακροθυμίαν
3867 739 4096 796 οὐδέπω

2505 839 2606 910 τὴν
2655 838 2777 892 κατ’
2814 836 2970 904 ἀξίαν
3009 833 3276 906 λαμϐάνει
3316 829 3605 886 ἀντίδοσιν.
3653 828 3752 882 Διά
3789 825 3947 880 τοῦτο
3986 821 4095 878 καὶ

2499 925 2729 998 πονηροὶ
2758 924 2982 978 δικαίων
3013 920 3407 992 περιγίνονται,
3430 916 3492 970 οὐ
3519 915 3846 986 βουλομένου
3867 912 3962 966 τοῦ
3993 928 4096 980 φι-

2497 1011 2820 1084 λανθρώπου
2859 1010 2995 1065 Θεοῦ
3036 1008 3189 1080 παρά
3228 1004 3398 1069 πόδας
3444 1003 3675 1059 ἕκαστον
3703 1003 3804 1064 τὰς
3851 998 4098 1059 εὐθύνας

2499 1099 2753 1152 ἀπαιτεῖν
2776 1097 2886 1150 τῶν
2929 1093 3487 1166 πεπλημμελημένων
3507 1107 3521 1121 ·
3567 1089 3691 1143 ἐπεὶ
3723 1087 3890 1141 πάλαι
3919 1086 3990 1140 ἂν
4026 1084 4098 1166 1:0

2497 1185 2654 1254 γένος
2682 1183 3010 1256 ἀνηρπάσθη
3039 1165 3107 1234 :0
3125 1181 3412 1252 ήμέτερον.
3437 1177 3610 1232 Τοῦτο
3636 1175 3816 1230 τοίνυν
3841 1165 4096 1256 ἐνταῦθά

2494 1288 2684 1343 φησιν,
2716 1254 2801 1324 δτί
2825 1269 3050 1332 δυνατὸς
3076 1267 3177 1337 μέν
3207 1267 3325 1319 ἐστι
3357 1264 3454 1320 καὶ
3487 1262 3723 1336 ἰσχυρὸς,
3758 1261 3854 1316 καὶ
3882 1254 4000 1324 οἷός
4024 1274 4095 1312 τε

2499 1357 2805 1424 ἐπεξελθεῖν
2827 1374 2839 1388 ·
2871 1357 2965 1412 καὶ
2987 1357 3145 1426 δῆλον
3174 1357 3239 1408 ἐκ
3262 1353 3370 1408 τῶν
3403 1353 3460 1405 ἐν
3487 1350 3566 1421 τῷ
3597 1351 3812 1422 οὐρανῷ
3846 1347 4095 1418 γενομέ-

2498 1464 2633 1501 νων·
2680 1447 2742 1499 οὐ
2787 1449 2932 1500 ποιεῖ
2976 1445 3034 1498 δέ
3075 1442 3256 1506 τοῦτο,
3293 1439 3568 1511 πανταχοῦ
3605 1442 3671 1508 τῇ
3721 1435 4094 1508 μακροθυμίᾳ

2498 1533 2802 1604 χρώμενος,
2847 1532 2939 1586 καὶ
2960 1533 3040 1592 είς
3085 1531 3378 1601 μετάνοιαν
3403 1527 3576 1580 ιλκων
3607 1527 3734 1588 τοὺς
3760 1527 3818 1579 ἐν
3840 1523 4094 1596 πονηρίᾳ

2497 1619 2726 1684 ζῶντας.
2765 1619 2843 1674 Τά
2863 1618 3085 1673 ειδωλα
3121 1615 3240 1670 τῶν
3267 1615 3459 1670 ἐθνῶν
3487 1615 3771 1682 ἀργύριον
3806 1610 3906 1664 καί
3931 1627 4095 1678 χρυ-

2499 1708 2658 1772 σίον,
2691 1706 2834 1775 ἔργα
2861 1704 3078 1775 χειρῶν
3109 1702 3454 1770 ἀνθρώπων.
3488 1701 3684 1769 Στόμα
3711 1698 3946 1766 έχουσι,
3979 1694 4092 1751 και

2496 1797 2568 1849 οὐ
2591 1793 3000 1860 λαλήσουσιν·
3023 1789 3371 1861 ὀφθαλμοὺς
3391 1786 3626 1856 ἔχουσι,
3645 1784 3744 1838 καὶ
3759 1787 3871 1838 οὐκ
3893 1783 4090 1852 ὄψον-

2494 1897 2589 1934 ται
2611 1897 2625 1912 ·
2665 1875 2787 1934 ὦτα
2824 1880 3058 1948 ἔχουσι,
3118 1876 3219 1931 καί
3279 1878 3390 1930 οὐκ
3445 1873 3846 1929 ἀκούσονται·
3897 1870 4091 1940 ῥῖνας

2493 1969 2726 2038 έχουσι,
2760 1967 2859 2022 καὶ
2886 1969 2999 2023 οὐκ
3028 1962 3555 2036 ὀσφρανθήσονται
3575 1976 3588 1989 ·
3612 1960 3815 2030 χεῖρας
3838 1961 4086 2028 ἔχουσι,

2495 2057 2595 2110 καὶ
2624 2057 2698 2111 οὐ
2720 2053 3166 2124 ψηλαφήσουσι
3193 2067 3210 2082 ·
3243 2050 3434 2116 πόδας
3457 2043 3694 2119 έχουσι,
3729 2047 3828 2102 καὶ
3856 2047 3930 2103 οὐ
3963 2061 4086 2102 πε·-

2485 2143 2940 2212 ριπατήσουσιν
2963 2157 2976 2172 ·
3027 2143 3100 2196 οὐ
3140 2136 3540 2209 φωνήσουσιν
3581 2137 3651 2190 ἐν
3689 2132 3770 2200 τῷ
3815 2134 4085 2204 λάρυγγε

2492 2229 2712 2290 αὐτῶν.
2733 2231 2958 2299 Ὅμοιοι
2973 2225 3181 2293 αὐτοῖς
3207 2225 3479 2295 γένοιντο
3500 2222 3882 2288 οίποιοῦντες
3896 2220 4081 2277 αὑτά.

2506 2318 2595 2371 Ἐν
2639 2318 2738 2388 μέν
2773 2315 2853 2387 τῷ
2895 2302 3448 2382 ἐκατοστῷπέμπτῳ
3479 2308 3682 2381 ψαλμῷ
3728 2309 3828 2379 τὴν
3873 2307 4085 2380 μανίαν

2493 2403 2673 2458 αὐτῶν
2708 2393 3070 2474 διηγούμενος
3105 2399 3310 2467 ἔλεγεν,
3349 2399 3432 2451 ὅτι
3475 2397 3621 2464 Τοὺς
3656 2395 3829 2461 υἱοὺς
3875 2393 4086 2450 αὐτῶν

2494 2492 2592 2544 καί
2623 2491 2731 2556 τὰς
2751 2487 3080 2560 θυγατέρας
3111 2485 3343 2539 ἔθυσαν
3379 2481 3505 2549 τοῖς
3534 2481 3895 2551 δαιμονίοις·
3925 2482 3983 2533 ἐν
4018 2479 4082 2534 0'0

2491 2576 2571 2647 τῷ
2595 2577 2824 2647 παρόντι
2850 2575 2949 2646 τὴν
2974 2571 3356 2643 ἀναισθησίαν,
3393 2571 3476 2624 ὅτι
3507 2571 3630 2633 ταῖς
3657 2568 3888 2640 ἀψύχοις
3916 2568 4082 2630 ὕλαις

2493 2664 2921 2736 προστετήκασι.
2978 2660 3089 2715 Καὶ
3124 2658 3306 2713 πάντα
3345 2657 3526 2712 αὐτῶν
3576 2655 3757 2710 ἔπεισι
3793 2655 3863 2710 τά
3910 2655 4078 2727 μέλη,

2493 2750 2841 2822 πλατυτέραν
2883 2748 2984 2819 τὴν
3033 2747 3329 2819 κωμῳδίαν
3371 2744 3767 2817 ἐργαζόμενος.
3817 2738 3948 2797 Είτα
3975 2745 4082 2798 καὶ

2491 2838 2714 2906 ἐπάγων
2742 2837 2937 2908 φησίν·
2973 2835 3204 2905 Ὅμοιοι
3225 2833 3433 2900 αὐτοῖς
3457 2831 3730 2902 γένοιντο
3748 2835 3803 2886 οὶ
3831 2830 4082 2886 ποιοῦν·

2491 2942 2591 2993 τες
2627 2925 2800 2988 αὐτὰ,
2841 2924 2941 2978 καί
2972 2921 3198 2986 πάντες
3229 2923 3284 2976 οι
3313 2921 3669 2986 πεποιθότες
3704 2918 3800 2971 ἐπ’
3840 2915 4078 2984 αὐτοῖς.

2491 3011 2682 3067 Καίτοι
2715 3028 2780 3079 γε
2827 3008 2990 3062 τοῦτο
3022 3009 3215 3079 ἀρετὴ.
3249 3007 3310 3060 :0
3339 3002 3478 3060 εἶναι
3509 3006 3602 3060 ῖσα
3635 3004 3783 3075 Θεῷ·
3827 3005 3945 3058 ἀλλ’
3979 3005 4081 3059 ἐν-

2491 3099 2666 3156 ταῦθα
2698 3098 2912 3168 κατάρα
2935 3096 3183 3165 γέγονεν.
3228 3093 3510 3165 Ἐννόησον
3547 3089 3644 3146 οῦν
3669 3093 3816 3157 τίνες
3840 3091 3905 3146 ἂν
3933 3086 4077 3158 εἷεν,

2489 3188 2622 3242 ὃταν
2653 3189 2688 3258 ή
2717 3185 2854 3257 πρὸς
2892 3184 3092 3248 αὐτοὺς
3119 3181 3381 3253 ὁμοίωσις
3409 3180 3533 3234 ἀντὶ
3561 3181 3702 3251 ἀρᾶς
3725 3179 4080 3251 προφέρηται

2488 3275 2589 3345 τῆς
2612 3274 2870 3345 ἐσχάτης.
2905 3271 3014 3326 Καὶ
3036 3269 3219 3333 καλῶς
3237 3267 3380 3321 οῦτω
3405 3266 3498 3321 τὸν
3525 3266 3686 3335 λόγον
3705 3266 4080 3337 ἐσχημάτισε,

2490 3362 2771 3434 κωμῳδῶν
2801 3363 2998 3424 αὐτοὺς
3041 3362 3122 3423 είς
3168 3357 3404 3429 ἐσχάτην
3438 3357 3645 3419 ἄνοιαν,
3687 3356 3781 3410 καὶ
3831 3372 4081 3425 καταγε-

2490 3450 2721 3513 λάστους
2756 3447 2994 3512 δεικνύς.

2559 3563 2684 3627 Πῶς
2728 3563 2838 3634 γὰρ
2882 3561 2945 3616 οὐ
2981 3559 3407 3629 καταγέλαστον,
3440 3557 3563 3613 εἰπέ
3598 3575 3709 3629 μοι,
3751 3558 3811 3613 :0
3839 3560 4078 3630 προσδε-

2485 3652 2673 3706 δέσθαι
2707 3651 2880 3721 ξοάνῳ
2916 3649 3096 3706 ,τύπον
3140 3647 3315 3719 ἔχοντι
3354 3642 3455 3717 τῆς
3486 3645 3722 3717 ἐσχάτης
3751 3648 4078 3718 ἀσχημοσύο

2487 3756 2618 3809 νης;
2650 3738 2748 3802 Τίς
2773 3738 2880 3807 γάρ
2908 3736 2974 3790 ἂν
3007 3735 3182 3789 ἐλοιτο
3216 3734 3429 3804 γυμνὴν
3461 3737 3696 3802 γυναῖκα
3728 3734 3892 3802 ἰδεῖν;
3928 3736 3988 3790 '0
4012 3733 4074 3790 δέ

2483 3827 2694 3896 δαίμων
2726 3825 2822 3878 καὶ
2857 3823 3051 3895 γυμνῷ
3082 3821 3239 3893 τύπῳ
3287 3817 3641 3894 παρεδρεύει.
3687 3823 3799 3876 Καὶ
3836 3823 3932 3876 νῦν
3963 3825 4070 3895 μὲν

2484 3914 2744 3980 πορνείας
2769 3912 2979 3975 είκόνες
3009 3910 3079 3964 τά
3109 3907 3294 3974 ξόανα,
3341 3907 3437 3962 νῦν
3467 3906 3524 3962 δὲ
3556 3909 3752 3979 μανίας
3785 3909 3886 3978 τῆς
3923 3909 4070 3964 κατά

2483 4001 2592 4054 τῶν
2635 3999 2902 4072 ἀρρένων.
2935 3997 3000 4053 Τί
3035 3996 3145 4070 γὰρ
3175 3995 3242 4052 ἂν
3273 3999 3300 4052 0
3342 3995 3501 4060 ἀετὸς
3537 3995 3823 4067 βούλεται;
3854 3997 3905 4051 τί
3944 3996 4005 4051 δὲ
4036 4000 4066 4050 ό

2483 4087 2838 4160 Γανυμήδης;
2861 4088 2912 4140 τί
2941 4087 2998 4140 δέ
3026 4087 3055 4140 0
3078 4085 3289 4140 διώκων
3307 4084 3408 4155 τὴν
3436 4083 3707 4155 παρθένον
3748 4085 4060 4150 Ἀπόλλων;

2479 4177 2534 4231 τί
2564 4176 2621 4229 δέ
2641 4176 2709 4229 :0
2729 4175 2892 4243 ἔτερα
2919 4172 3138 4244 μυσαρά
3161 4173 3418 4242 σχήματα
3435 4188 3449 4234 ς
3464 4161 3750 4241 Πανταχοῦ
3775 4173 4058 4240 ἀσέλγεια.

2482 4259 2760 4331 πανταχοῦ
2789 4260 3076 4322 ἀκολασία,
3121 4257 3397 4327 πανταχοῦ
3431 4257 3631 4327 μίξεων
3664 4257 3920 4330 ἀθέσμων
3964 4263 4060 4315 καὶ

2483 4349 2703 4420 ἐρώτων
2730 4345 3054 4401 λυσσώντων
3079 4345 3259 4402 τύποι.
3289 4346 3398 4398 Καὶ
3427 4346 3538 4416 γάρ
3561 4345 3632 4399 τά
3661 4346 3845 4412 ξόανα,
3876 4349 3973 4402 καὶ
3999 4349 4060 4402 αἱ

2480 4437 2685 4507 ἑορταὶ,
2722 4436 2817 4488 καὶ
2850 4437 2906 4487 al
2952 4433 3305 4504 πανηγύρεις,
3341 4433 3438 4486 καὶ
3483 4435 3534 4486 αἱ
3557 4432 3790 4499 τελεταὶ,
3844 4434 4056 4505 ἔλεγχοι

2479 4525 2572 4577 καὶ
2602 4523 2970 4593 ὑπομνήματα
3001 4522 3095 4574 καὶ
3121 4519 3460 4573 διδασκαλίαι
3497 4519 3606 4574 τῶν
3636 4522 3853 4575 ἀτόπων
3895 4523 4050 4577 εἰσιν.

2478 4611 2553 4665 Οὐ
2590 4610 2752 4680 μόνον
2783 4609 2839 4661 δὲ
2868 4608 2975 4661 τῶν
3000 4607 3265 4678 αίσχρῶν,
3291 4607 3425 4661 ἀλλά
3459 4609 3553 4662 καὶ
3578 4609 3753 4679 φόνων
3775 4608 3885 4662 τῶν
3917 4609 4053 4680 1:90;

2475 4697 2816 4768 ἀνθρώπους.
2862 4694 3024 4748 Ὅθεν
3053 4697 3144 4748 καὶ
3173 4694 3670 4766 ἀποτροπιάζονται
3706 4698 3832 4762 τούς
3864 4696 4052 4768 δαίμο-

2476 4804 2589 4846 νας.
2616 4785 2783 4838 Οὐδὲν
2799 4783 2908 4854 γάρ
2936 4783 3122 4852 ἕτερον
3146 4784 3277 4853 παρ’
3305 4783 3556 4848 ἐκείνοις.
3583 4784 3616 4856 ἢ
3640 4784 3920 4852 ἀσέλγεια,
3956 4784 4050 4839 ut

2483 4873 2643 4946 μέθαι
2671 4871 2983 4931 ἀκόλαστοι,
3020 4869 3114 4922 καὶ
3141 4870 3380 4941 ὠμότης,
3409 4871 3503 4925 καὶ
3531 4871 3918 4942 άπανθρωπία,
3955 4874 4050 4936 καὶ

2477 4961 2805 5034 μιαιφονίαι,
2856 4961 2949 5012 καὶ
2984 4959 3083 5022 τάς
3125 4959 3317 5030 ἐορτάς
3347 4961 3475 5024 ὅλας
3515 4961 3764 5015 ἐντεῦθεν
3804 4979 4049 5017 συνιστα-

2474 5052 2644 5124 μένας
2674 5051 2772 5104 ῐδοι
2814 5065 2899 5110 τις
2943 5047 3026 5101 ἀν.
3063 5047 3424 5117 Κωμῳδήσας
3457 5047 3637 5103 τοίνυν
3672 5049 3778 5102 τῶν
3813 5050 4045 5105 εἰδώλων

2471 5140 2567 5210 τὴν
2587 5135 2970 5199 ἀναισθησίαν,
3001 5135 3097 5187 καὶ
3116 5135 3213 5205 τὴν
3240 5135 3425 5189 ἄνοιαν
3450 5135 3560 5189 τῶν
3590 5138 3928 5192 πεποιθότων
3956 5139 4042 5192 αὐ·

2467 5230 2602 5291 τοῖς,
2645 5225 2871 5297 μετάγει
2904 5223 2994 5274 τὸν
3027 5222 3185 5290 λόγον
3218 5223 3310 5276 ἐπὶ
3342 5224 3434 5277 τὸν
3465 5223 3560 5278 τοῦ
3593 5223 3728 5278 Θεοῦ
3759 5223 3930 5295 ὐμνον
3956 5225 4041 5280 λέ-

2467 5332 2578 5384 γων
2599 5331 2613 5343 ·
2650 5310 2828 5378 οἶκος
2860 5310 3098 5380 Ἰσραὴλ
3125 5310 3390 5379 ἤλπισεν
3412 5313 3513 5366 ἐπὶ
3546 5315 3792 5381 Κύριον·
3814 5314 4040 5382 ,ϐοηθὸς

2466 5403 2564 5456 καὶ
2610 5397 3074 5467 ὑπερασπιστὴς
3114 5398 3313 5451 αὐτῶν
3358 5398 3549 5453 ἐστιν.
3591 5395 3766 5466 Οἶκος
3818 5401 4041 5469 Ἀαρὼν

2464 5491 2739 5558 ἤλπισεν
2762 5485 2858 5538 ἐπὶ
2903 5485 3149 5553 Κύριον·
3177 5485 3408 5553 ,Βοηθὸς
3445 5485 3544 5540 καὶ
3578 5488 4040 5556 ὑπερασπιστὴς

2462 5575 2662 5631 αὐτῶν
2695 5575 2883 5627 ἐστιν.
2916 5575 2978 5626 Οί
3003 5565 3363 5641 φυεούμενοι
3392 5572 3499 5624 τὸν
3529 5573 3747 5640 Κύριον
3767 5572 4040 5641 ἤλπισαν

2461 5664 2561 5719 ἐπὶ
2603 5665 2856 5731 Κύριον·
2899 5661 3129 5729 βοηθὸς
3191 5660 3284 5714 καὶ
3337 5661 3798 5728 ὑπερασπιστὴς
3841 5660 4038 5717 αὐτῶν

2463 5754 2613 5806 ἐστι.
2643 5751 2742 5804 Διά
2769 5749 2876 5820 γὰρ
2904 5749 3106 5805 τούτων
3132 5749 3224 5804 καὶ
3249 5749 3347 5819 τὴν
3374 5747 3603 5821 δύναμιν
3633 5746 3724 5802 τοῦ
3752 5748 3889 5803 Θεοῦ
3916 5752 4035 5804 ἀνα-
