4154 6442
69 499 261 562 Pan-ar
291 513 541 562 rastrum.
570 500 658 570 qui
679 508 754 552 est
775 497 826 551 in
854 477 993 551 retis
1017 490 1228 564 (Matth.
1347 485 1455 556 16).
1482 481 1681 548 Quem-

67 598 345 659 διλωοάυω
391 613 528 668 ergo
553 593 733 667 gloria
759 591 834 647 'ob
863 589 1115 643 virtutem
1145 591 1384 639 nostram
1416 576 1678 641 afficitur,

69 699 126 746 tu
167 667 528 748 esutmneliis
573 697 632 742 et
676 680 978 739 maledictis
1014 675 1324 738 incessitur,
1367 669 1493 724 dum
1518 667 1682 722 vitam

74 806 113 839 ιι
150 786 281 839 vitio
316 779 705 850 transigimus.
737 773 854 830 Hoc
879 772 1054 844 ipsum
1082 782 1178 838 per
1201 759 1520 835 prophetam
1551 772 1685 827 qun-

73 894 158 946 με
198 873 526 946 signiﬁcans
547 911 566 938 ,
609 867 830 925 dicebat
871 881 890 919 :
935 859 1138 917 Nomen
1170 873 1340 913 meum
1368 862 1576 926 prapter
1596 858 1684 906 vos

73 941 442 1037 War
467 963 529 1016 in
553 958 790 1033 gentibus
818 953 970 1029 (irai.
998 950 1093 1009 52.
1120 949 1201 1020 5).
1227 946 1366 1036 gum
1385 958 1516 1015 ergo
1541 941 1683 996 nulla

75 1021 403 1117 iteratione
429 1021 612 1128 possit
635 1021 1071 1108 eorum'causatu
1100 1021 1426 1105 defendere,
1455 1051 1522 1094 eo
1549 1048 1684 1091 con-

75 1143 814 1224 IliitJicutetiatnIoses.

132 1221 286 1300 fidas
333 1239 620 1297 κω
652 1221 1686 1306 Deomagisest'curte,quarnsuaglo-

75 1336 158 1392 ri.
194 1365 270 1378 --
311 1332 431 1390 Sed
473 1345 590 1388 non
624 1328 772 1386 idem
797 1339 1014 1396 semper
1039 1320 1166 1380 facit
1195 1321 1338 1377 Deus
1358 1359 1377 1386 ,
1406 1315 1688 1373 hominum

77 1427 246 1484 ditis
281 1439 484 1483 curam
530 1435 751 1493 gerens.
797 1417 860 1477 Si
891 1417 1036 1474 enim
1074 1427 1292 1485 semper
1324 1410 1429 1467 hoc
1453 1407 1685 1473 faceret,

82 1811 154 1849 res
174 1809 281 1848 non
310 1793 395 1847 ita
414 1804 481 1847 se
503 1788 688 1845 habet.
713 1785 898 1858 Neque
911 1784 1058 1841 enim
1081 1781 1192 1839 Deo
1211 1794 1309 1836 sua
1328 1776 1502 1852 gloria
1523 1784 1689 1834 tanta:

83 1896 149 1940 at
186 1899 336 1941 curae
361 1925 382 1950 ,
427 1887 655 1952 quanta:
683 1877 832 1934 salus
858 1874 1155 1931 hominum.
1182 1870 1240 1928 Si
1265 1872 1410 1927 enim
1441 1867 1690 1924 homines

83 1992 182 2031 eam
217 1979 628 2037 contemnunt,
674 1969 846 2025 multo
881 1967 1050 2038 magis
1079 1964 1222 2021 Deus
1245 2004 1260 2031 ,
1288 1962 1382 2036 qui
1411 1960 1563 2017 nullo
1591 1973 1693 2015 no-

85 2079 300 2123 strorum
344 2063 607 2134 indiget:
635 2061 756 2128 sed,
796 2059 939 2115 sicut
964 2056 1073 2113 dixi
1093 2096 1111 2123 ,
1137 2055 1397 2128 quoniam
1423 2048 1711 2125 propheta

85 2164 243 2226 partes
279 2155 606 2213 defensoris
646 2150 906 2221 suscipit,
955 2161 1051 2205 eos
1076 2146 1145 2202 ab
1171 2147 1238 2202 iis
1257 2185 1276 2213 ,
1305 2159 1371 2202 es
1398 2142 1595 2215 quibus
1620 2141 1688 2198 li-

84 2263 183 2312 cet.
220 2249 510 2314 defendit,
535 2259 592 2304 et
619 2244 944 2317 repetitione
964 2242 1162 2309 utitur,
1193 2239 1382 2297 dicens
1409 2255 1425 2294 :
1453 2235 1576 2294 Non
1596 2251 1692 2290 no-

84 2344 177 2406 tia,
209 2340 438 2398 Domine
455 2381 472 2406 ,
505 2354 611 2394 non
640 2336 785 2393 nobis
813 2352 834 2392 :
857 2333 1150 2390 ostendens
1177 2345 1426 2404 magnam
1456 2327 1690 2400 indigni-

87 2441 227 2486 uacat
271 2444 476 2488 eorum
520 2428 614 2500 Qui
655 2431 938 2482 servantur
979 2442 993 2479 :
1034 2423 1124 2479 sed
1152 2421 1345 2478 nomini
1371 2430 1460 2476 tuo
1487 2415 1556 2475 da
1579 2418 1692 2492 glo-

85 2529 218 2580 ήιιι.
255 2523 380 2580 Nos
404 2522 558 2580 enim
582 2525 774 2578 sumus
800 2517 945 2590 digni
976 2517 1131 2574 malis
1159 2511 1641 2571 innumerabilibus
1671 2527 1689 2580 ;

87 2619 166 2674 sui
195 2635 262 2673 ne
287 2615 624 2690 profanetur
653 2623 849 2669 nomen
881 2622 1052 2667 tuum.
1079 2608 1168 2666 10.
1201 2607 1373 2678 Super
1398 2605 1691 2662 misericor-

87 2712 162 2765 dis
177 2719 344 2764 tura
371 2709 592 2763 mw:
609 2712 721 2761 tua.
754 2705 907 2760 Alius
928 2703 1198 2774 interpres
1215 2698 1294 2774 (α)
1315 2699 1392 2755 ait
1416 2714 1436 2754 :
1467 2696 1693 2768 Propter

503 2801 671 2871 tuam.
703 2792 868 2852 Vides
885 2800 1012 2850 eum
1035 2791 1137 2848 hoc
1162 2800 1376 2864 quoque
1400 2789 1558 2860 plane
1580 2788 1691 2845 sci-

89 2896 245 2960 visse,
289 2893 471 2948 Deum
503 2889 561 2945 id
589 2887 1014 2960 despicientem,
1045 2889 1211 2939 unum
1233 2882 1410 2939 solum
1435 2880 1537 2937 sibi
1561 2893 1692 2952 pro-

88 3001 294 3053 unus,
327 2997 534 3053 nempe
571 2988 635 3036 ut
674 2978 1014 3050 corrigantur
1049 2980 1382 3049 peccatbres.
1410 2972 1540 3038 Ideo
1563 2972 1693 3030 sub—

86 3077 280 3147 insit,
333 3074 517 3142 δίψα
558 3069 907 3126 misericordia
951 3078 1040 3123 tua
1089 3075 1139 3122 et
1193 3067 1400 3123 veritate
1439 3073 1548 3120 tua.
1576 3063 1692 3120 Hoc

88 3177 158 3222 at
184 3185 200 3220 :
229 3167 468 3235 Propter
495 3159 920 3217 misericordiam
948 3167 1095 3214 tuam
1120 3155 1202 3214 fer
1226 3156 1384 3213 nobis
1401 3154 1684 3222 auxilium,

90 3263 175 3316 etsi
212 3264 323 3314 non
371 3256 446 3312 sit
487 3253 586 3309 tibi
629 3265 776 3308 cum
807 3249 975 3322 gloria
1000 3247 1279 3304 hominum
1298 3286 1315 3314 ,
1345 3245 1441 3304 sed
1469 3249 1692 3318 propter
1718 3248 1724 3253 ’

88 3348 510 3407 iicricotdiam
551 3353 607 3400 et
631 3343 910 3399 veritatem
937 3350 1103 3396 tuam.
1134 3338 1297 3395 Potes
1324 3337 1469 3394 enim
1489 3379 1506 3406 ,
1538 3343 1692 3408 potes

91 3443 232 3498 «tum
277 3439 520 3512 puniens
543 3434 769 3507 gloriam
795 3433 1045 3502 accipere
1061 3471 1079 3498 ,
1107 3439 1164 3488 et
1191 3445 1298 3486 non
1322 3429 1496 3486 solum
1525 3430 1691 3485 raise-

91 3549 216 3590 ius.
255 3531 370 3589 Sed
415 3543 526 3584 non
570 3529 685 3593 sic,
721 3523 922 3595 inquit,
949 3521 1046 3580 sed
1065 3530 1286 3594 propter
1311 3532 1454 3578 tuam
1481 3520 1692 3578 miseri-

91 3625 335 3683 eard’nln.
361 3619 672 3693 Oportebat
689 3617 837 3674 cnim
857 3631 888 3670 a
918 3614 1076 3671 nobis
1101 3613 1309 3670 nomini
1331 3623 1423 3669 tuo
1441 3612 1559 3669 dari
1577 3613 1693 3686 glo-

90 3723 208 3776 riam
247 3735 350 3791 per
394 3716 600 3772 bonam
636 3711 763 3767 Vita:
804 3708 1200 3766 institutionem
1243 3721 1263 3762 :
1303 3705 1402 3763 sed
1436 3707 1691 3777 quoniam

92 3809 178 3868 hac
215 3813 267 3866 ia
291 3824 355 3866 re
381 3805 572 3862 ofﬁcio
597 3810 790 3859 nostro
816 3799 984 3856 functi
1016 3813 1122 3855 non
1149 3809 1338 3854 sumus
1355 3838 1372 3864 ,
1402 3795 1486 3852 fac
1510 3795 1564 3852 id
1593 3810 1692 3867 per

94 3916 224 3958 IIII
243 3897 613 3972 patrocinium
639 3935 656 3961 ,
684 3907 781 3964 per
799 3889 1142 3948 clementiam
1163 3895 1220 3946 et
1237 3884 1684 3943 misericordiam.

98 3990 366 4062 liquido
395 3990 576 4042 dicunt
595 3994 769 4057 gentes
797 4000 817 4039 :
847 3981 946 4039 Ubi
974 3990 1048 4036 est
1073 3980 1216 4035 Deus
1235 3976 1452 4035 eorum?

150 4088 197 4142 ι.
225 4084 408 4141 Audio
432 4079 639 4135 multos
665 4084 807 4133 nunc
835 4088 1048 4147 quoque
1066 4071 1337 4145 precando
1360 4070 1480 4126 haec
1499 4069 1686 4126 diuen-

95 4192 196 4233 tes:
235 4176 350 4234 Sed
393 4175 566 4228 timeo
600 4186 671 4225 ne
697 4168 1052 4239 neqmcqua'm
1080 4164 1296 4231 dicant,
1327 4161 1429 4219 Ubi
1451 4170 1526 4218 est
1547 4159 1691 4225 Deus

94 4270 288 4324 an!
327 4264 559 4338 quando
604 4260 759 4316 multi
802 4259 1045 4329 rapiunt,
1084 4265 1141 4314 et
1174 4255 1422 4327 iniuriam
1447 4252 1684 4321 faciunt,

93 4375 138 4419 et
155 4362 445 4418 admittunt
475 4355 687 4411 scelera
715 4349 1148 4407 innumerabilia.

149 4452 408 4509 Patientia
433 4447 556 4502 Dei.
572 4445 752 4516 -11.
779 4443 916 4498 Deus
948 4453 1116 4497 autem
1149 4449 1318 4497 naster
1342 4442 1395 4494 in
1416 4442 1542 4495 certo
1561 4449 1608 4496 et
1633 4441 1688 4496 in

94 4556 205 4598 terra
228 4547 245 4577 ³
265 4541 451 4598 mia
490 4551 820 4606 quacumque
869 4535 1026 4590 voluit
1082 4535 1220 4606 fecit.
1267 4533 1562 4590 Stultorum
1602 4533 1690 4589 hic

98 4651 312 4691 morem
355 4626 607 4700 corrigit.
650 4628 915 4697 Quoniam
952 4627 1098 4682 enim
1138 4625 1295 4680 multi
1347 4625 1520 4683 Deum
1565 4640 1689 4682 esse

97 4728 352 4797 ignorant,
381 4724 554 4778 talem
589 4735 778 4776 eorum
807 4715 1126 4775 sententiam
1161 4718 1438 4790 corrigens
1462 4759 1477 4784 ,
1507 4717 1637 4774 dicit
1671 4739 1685 4774 :

99 4818 214 4873 Deus
226 4828 404 4872 autem
420 4824 595 4869 noster
617 4813 673 4865 in
691 4811 814 4865 calo
834 4812 1006 4866 omnia
1022 4823 1351 4884 quacumque
1369 4810 1526 4865 vetuit
1547 4811 1684 4881 fecit.

97 4911 328 4968 Siautcm
361 4911 425 4965 in
448 4908 608 4973 carlo,
643 4905 811 4960 multo
839 4904 1009 4976 magis
1036 4905 1087 4958 in
1119 4915 1281 4960 terra.
1313 4903 1452 4972 Quid
1478 4913 1561 4960 est
1587 4919 1685 4960 au-

101 5016 208 5071 tem,
223 4995 288 5059 in
303 5002 441 5058 ccio
459 5001 634 5055 omnia
652 5005 972 5069 quacumque
999 4998 1156 5052 soluit
1186 4997 1303 5068 fecit
1324 4997 1350 5050 ?
1369 4995 1465 5052 Vel
1484 5011 1685 5066 super-

103 5112 178 5152 nas
201 5096 372 5169 inquit
397 5095 650 5157 virtutes,
675 5094 732 5146 et
767 5089 998 5145 infinitas
1025 5088 1144 5144 illas
1175 5099 1411 5155 turmas,
1441 5090 1521 5142 vel
1553 5105 1692 5158 pm-

103 5203 226 5258 τερα
273 5205 404 5260 qua:
455 5200 580 5243 cum
628 5182 881 5239 facilitate
927 5190 1276 5254 peraguntur.
1304 5181 1362 5237 Si
1408 5192 1588 5237 autem
1633 5183 1685 5237 in

105 5293 220 5338 terra
247 5296 447 5354 magna
486 5288 572 5335 est
599 5275 848 5333 confusio
871 5276 1182 5347 ordinisque
1221 5277 1554 5348 perturbatio
1573 5319 1589 5344 ,
1620 5293 1687 5333 ne

14 5381 16 5386 '
107 5378 306 5436 mireris,
335 5379 386 5432 Α
419 5371 660 5444 nequitia
692 5369 836 5425 enim
877 5368 1176 5434 hominum,
1196 5378 1253 5425 et
1279 5383 1488 5433 eorum,
1519 5370 1608 5441 qui
1635 5371 1685 5424 id

14 5625 22 5776 ἑ

105 5479 296 5532 rurant,
347 5465 735 5536 improbitate,
783 5478 890 5517 non
929 5467 1107 5516 autem
1135 5476 1166 5516 a
1194 5460 1290 5517 Dei
1321 5461 1686 5518 imbecillitate

106 5563 265 5614 oritur.
303 5557 468 5628 Quod
502 5557 652 5611 enim
693 5555 764 5610 sit
805 5554 956 5610 fortis
979 5562 1035 5610 et
1064 5544 1291 5625 potens,
1323 5568 1443 5624 qua:
1473 5553 1525 5608 in
1552 5560 1684 5608 cznto

155 5696 170 5725 '
201 5693 536 5750 tuamet
559 5689 609 5739 in
630 5694 783 5748 terra,
807 5687 1058 5740 deamttn
1076 5687 1216 5739 savii.

153 5773 451 5844 tato-issit
591 5773 842 5844 ίιιιεηπςο
859 5773 1136 5844 tamur:
1177 5769 1293 5844 ima
1319 5784 1462 5844 vero,
1489 5777 1675 5844 ρι-οικει

14 5839 18 5898 ἱ
485 5841 640 5893 rm
667 5833 921 5897 Whitan
943 5841 1162 5884 mentem
1182 5841 1296 5898 apte
1320 5835 1563 5896 extabuit-

1195 375 1561 454 rz-xrosmo
1599 385 1668 442 ta
1706 381 2030 441 PSALMUM
2070 383 2254 440 cxnt.

3305 373 3411 432 sto

1798 478 1929 534 fiunt
1959 479 2008 534 id
2041 474 2363 549 significant.
2392 473 2452 531 Si
2474 475 2650 529 autem
2673 484 2783 528 non
2812 472 2882 527 ita
2907 468 3000 527 fiat
3029 469 3080 524 in
3106 478 3246 524 terra
3270 511 3286 535 ,
3316 467 3410 539 qui

1792 573 2001 644 seipsos
2047 573 2283 628 reddunt
2321 567 2571 641 indignos
2611 566 2662 622 in
2688 579 2848 622 causa
2878 557 3022 620 sunt.
3053 563 3226 618 Porro
3250 561 3412 617 aliter

1791 665 2006 736 quoque
2053 664 2194 718 sumi
2255 665 2433 734 petest
2487 656 2630 732 quod
2674 657 2906 722 dicitur,
2945 669 3140 727 nempe
3189 662 3414 726 propter

1795 759 1892 815 Dei
1935 757 2247 830 patientiam
2287 755 2454 812 multa
2481 768 2604 810 esse
2631 758 2753 824 ante
2774 749 3012 807 nondum
3033 748 3306 820 accipiunt
3320 747 3410 818 jn-

1793 863 1931 911 stam
1975 849 2488 908 remunerationem.
2531 847 2650 917 Quo
2698 845 2756 900 fit
2791 853 2848 900 ut
2868 843 3002 916 justi
3030 842 3316 899 vincantur
3341 840 3415 896 ab

1793 944 2052 1019 improbis
2077 986 2092 1008 ,
2138 943 2266 1000 dum
2313 957 2420 999 non
2447 939 2562 996 vult
2587 938 2852 1010 benignus
2883 937 3025 993 Deus
3052 935 3120 992 de
3150 935 3412 990 uniuscu-

1787 1037 1992 1109 jusque
2008 1035 2240 1108 peccatis
2264 1046 2452 1104 titanas
2480 1047 2513 1088 e
2542 1030 2768 1102 vestigio
2793 1043 3010 1084 sumere
3039 1045 3055 1081 :
3082 1041 3206 1096 nam
3234 1025 3282 1081 si
3307 1023 3415 1096 hoc

1789 1133 2028 1200 faceret,
2074 1129 2343 1187 sublatum
2384 1133 2530 1182 esset
2568 1124 2682 1196 jam
2710 1120 2918 1194 pridem
2944 1128 3188 1176 nostrum
3217 1132 3414 1191 genus.

1793 1225 1909 1281 Hoc
1935 1238 2065 1295 ergo
2093 1221 2183 1278 hic
2204 1219 2336 1277 dicit
2369 1236 2382 1274 :
2415 1217 2616 1274 P0tens
2641 1212 2859 1286 quidem
2887 1220 2972 1268 est
2998 1219 3054 1266 et
3080 1207 3291 1265 validus
3313 1248 3329 1274 ,
3355 1214 3415 1263 et

1793 1319 1884 1390 qui
1911 1315 2084 1389 possit
2109 1327 2296 1386 pcenas
2312 1323 2567 1377 sumere;
2591 1307 2752 1380 idque
2771 1303 3114 1378 manifestum
3140 1311 3315 1360 estex
3343 1301 3413 1357 iis

1793 1427 1916 1484 quas
1954 1411 2010 1467 in
2051 1408 2198 1465 carlis
2234 1405 2369 1462 ﬁunt
2399 1421 2416 1460 :
2444 1402 2543 1460 sed
2576 1401 2681 1458 hoc
2709 1413 2818 1456 non
2845 1398 3006 1464 facit,
3038 1405 3199 1454 utens
3221 1396 3412 1466 utique

1794 1503 2015 1561 lenitate
2041 1513 2096 1558 ct
2115 1499 2368 1573 patientia
2389 1540 2406 1564 ,
2429 1503 2486 1573 et
2505 1492 2779 1550 attrahens
2799 1490 2866 1547 ad
2890 1488 3262 1561 pcenitcntiam
3281 1500 3378 1544 eos
3395 1527 3412 1550 ,

1784 1596 1885 1668 qui
1921 1595 2086 1652 vitam
2115 1569 2434 1662 transigunt
2451 1569 2532 1643 ‘in
2565 1587 2792 1643 scelere.
2837 1583 2926 1640 12.
2959 1581 3258 1638 Simulacra
3283 1596 3419 1653 gen—

1795 1689 1924 1744 tium
1947 1694 2214 1760 argentum
2239 1693 2288 1739 ct
2316 1687 2539 1747 aurum,
2562 1694 2720 1750 opera
2739 1687 2986 1731 manuum
3005 1673 3290 1729 hominum.
3319 1671 3410 1727 15.

1798 1779 1872 1837 0s
1905 1779 2124 1845 habent,
2166 1784 2216 1830 et
2255 1789 2362 1830 non
2392 1773 2663 1841 loquentur
2701 1784 2721 1823 :
2761 1766 2936 1822 oculos
2977 1763 3202 1830 habent,
3234 1772 3282 1818 et
3305 1778 3415 1817 non

1794 1873 2033 1930 ridebunt
2061 1887 2082 1925 :
2104 1868 2198 1926 14.
2233 1881 2383 1922 aures
2411 1863 2632 1926 habent,
2661 1871 2707 1916 et
2736 1859 2840 1915 non
2858 1857 3066 1913 audient
3093 1871 3111 1910 :
3139 1860 3291 1910 nares
3311 1853 3414 1908 ha-

1780 1967 1945 2031 bent,
1989 1968 2038 2020 et
2080 1969 2184 2018 non
2227 1956 2513 2015 odorabunt
2546 1970 2572 2009 ’:
2612 1953 2700 2010 15.
2747 1968 2931 2006 manus
2970 1948 3196 2016 habent,
3237 1955 3418 2002 etnon

1796 2057 2078 2133 palpabunt
2119 2066 2140 2110 .'
2179 2050 2333 2124 pedes
2374 2047 2560 2104 habent
2580 2086 2597 2112 ,
2647 2052 2696 2100 et
2742 2059 2844 2098 non
2885 2038 3220 2096 antbulabunt
3265 2052 3285 2091 :
3312 2052 3420 2091 non

1794 2131 2090 2212 statuebant
2116 2144 2182 2203 iri
2211 2153 2416 2218 gutture
2447 2147 2562 2198 suo.
2595 2137 2683 2194 16.
2714 2135 2926 2193 Similes
2955 2133 3027 2188 eis
3054 2132 3183 2203 ﬁant
3212 2131 3305 2202 qui
3328 2132 3415 2201 fa-

1794 2247 1936 2302 ciunt
1962 2259 2046 2300 ea.
2074 2240 2134 2297 in
2157 2237 2372 2296 Psalmo
2401 2232 2696 2291 centesimo
2723 2229 3122 2301 quinto'eornm
3147 2223 3414 2294 insaniam

1795 2349 2043 2404 namus,
2061 2331 2233 2390 dixit:
2263 2328 2432 2385 Filios
2455 2335 2503 2382 et
2523 2323 2660 2395 ﬁlias
2681 2338 2804 2378 suos
2828 2319 3186 2388 sacriﬁcarunt
3211 2317 3410 2371 dromo-

1795 2431 1896 2488 niis
1919 2429 1991 2505 (ο.
2034 2426 2128 2496 57)
2170 2441 2184 2480 :
2223 2424 2278 2480 in
2321 2417 2577 2494 praesenti
2600 2425 2798 2505 autem
2828 2411 3199 2483 stnpiditatem
3227 2449 3243 2475 ,
3265 2407 3413 2480 quod

1796 2503 2050 2580 inanimis
2095 2513 2336 2573 materiis
2378 2509 2525 2566 affixi
2572 2516 2720 2565 sunt.
2769 2503 2964 2562 Omnia
3010 2509 3190 2556 autem
3223 2514 3412 2556 eorum

1796 2612 2037 2670 membra
2064 2608 2427 2683 persequitur,
2449 2619 2514 2660 ea
2544 2601 2714 2658 fusius
2740 2597 3043 2655 ludificans.
3059 2593 3267 2651 Deinde
3289 2594 3420 2649 sub-

1791 2710 2024 2780 jungens
2042 2716 2258 2776 quoque
2275 2699 2427 2756 dicit.
2447 2695 2654 2752 Similes
2676 2693 2745 2749 eis
2771 2693 2902 2763 ﬁant
2920 2689 3007 2760 qui
3032 2689 3235 2760 faciunt
3265 2703 3347 2754 ca,
3367 2696 3419 2740 et

1796 2816 1970 2857 omnes
2010 2799 2098 2870 (fui
2134 2795 2400 2865 couﬁdmt‘t
2423 2792 2478 2848 in
2503 2791 2598 2847 eis.
2630 2785 2792 2859 Atqui
2820 2785 2992 2841 virtus
3012 2790 3122 2848 εει,
3153 2782 3268 2838 Deo
3295 2793 3420 2837 esse

1761 2873 2028 2949 similem
2081 2906 2097 2945 :
2141 2887 2233 2943 hic
2278 2894 2460 2941 autem
2505 2891 2590 2939 est
2630 2876 2968 2951 imprecatio.
3015 2875 3202 2945 Cogita
3232 2882 3414 2928 autem

1796 2982 1984 3054 quales
2009 2982 2152 3048 sint,
2183 2981 2305 3034 cum
2328 2984 2388 3032 'ut
2411 2974 2532 3047 quis
2555 2973 2634 3029 eis
2659 2969 2852 3028 eVadat
2877 2968 3090 3033 similis,
3115 2968 3185 3020 sit
3204 2980 3416 3020 summa

1798 3075 2132 3147 imprecatio.
2153 3073 2330 3142 Atque
2356 3066 2658 3125 orationem
2685 3062 2906 3135 quidem
2931 3060 3010 3116 sic
3031 3057 3254 3130 pulchre
3276 3057 3416 3128 figu-

1797 3169 1936 3226 ravit
1958 3209 1974 3235 ,
2017 3179 2112 3222 eos
2151 3171 2409 3218 extremae
2447 3156 2699 3213 aureolis:
2725 3151 3080 3218 insimulans,
3113 3158 3168 3206 et
3193 3164 3315 3205 esse
3339 3149 3416 3204 ri-

1796 3259 2005 3316 diculos
2028 3255 2344 3314 ostendens.

1869 3351 2140 3407 Maiorum
2159 3344 2500 3418 pernicies.—'-
2511 3339 2792 3412 Quomodo
2811 3348 2990 3407 autcm
3023 3351 3127 3393 non
3157 3343 3262 3402 est,
3285 3334 3375 3389 dic
3390 3375 3405 3399 ,

1797 3458 2003 3517 qureso,
2023 3439 2328 3504 ridiculum,
2358 3437 2596 3491 vinctum
2627 3431 2796 3488 teneri
2821 3443 2851 3485 a
2878 3439 3074 3495 statua,
3105 3443 3225 3499 qum
3249 3425 3417 3481 habet

1798 3515 1851 3592 in
1881 3549 1942 3590 se
1973 3532 2195 3602 figuram
2231 3540 2458 3583 summa:
2485 3521 2874 3593 turpitudinis?
2898 3519 3030 3588 Quis
3087 3517 3230 3573 enim
3282 3515 3414 3571 velit

1799 3627 1993 3682 nudam
2043 3623 2225 3678 videre
2267 3617 2576 3678 mulierem?
2597 3616 2820 3671 Daemon
2845 3621 3027 3669 autem
3072 3611 3230 3666 nuda:
3273 3624 3414 3681 quo-

1798 3733 1904 3788 quc
1935 3715 2119 3786 figura:
2148 3710 2372 3767 assidet.
2403 3709 2469 3764 Et
2499 3721 2642 3763 nunc
2667 3704 2886 3777 quidem
2911 3713 3101 3759 statuas
3122 3710 3249 3758 sunt
3273 3701 3412 3755 ima-

1796 3809 1948 3880 gines
1977 3802 2374 3867 fornicationis,
2406 3814 2550 3855 nunc
2579 3797 2752 3854 insani
2787 3796 2842 3851 in
2874 3794 3142 3851 masculos
3185 3793 3410 3848 amoris.

1795 3898 1932 3968 Quid
1960 3896 2105 3954 enim
2133 3893 2237 3949 sibi
2266 3891 2382 3948 vult
2405 3887 2618 3960 aquila?
2641 3887 2772 3958 quid
2792 3901 2924 3941 vero
2940 3884 3283 3957 Ganymedes
3309 3881 3413 3958 (a)?

1665 3996 1684 4013 °
1795 3989 1924 4063 quid
1955 3987 2190 4058 Apollo,
2245 3985 2336 4055 qui
2362 3981 2621 4051 virginem
2673 3977 3063 4049 persequitur?
3113 3976 3243 4049 quid
3291 3977 3415 4048 aliae

1797 4080 2146 4141 exsecranda:
2174 4077 2399 4149 ﬁgurm?
2425 4074 2637 4144 Ubique
2681 4071 2880 4136 libido,
2914 4070 3116 4141 ubique
3160 4069 3408 4134 lascivia,

1798 4175 2128 4232 nefariorum
2174 4169 2558 4226 concubituum
2581 4175 2635 4221 ct
2658 4165 2971 4221 insanorum
2998 4177 3243 4217 amorum
3282 4170 3414 4218 sunt

1797 4268 1996 4338 ubique
2026 4266 2232 4335 ligurzc.
2278 4261 2482 4318 Statua:
2505 4258 2674 4323 enim,
2725 4256 2882 4321 festa,
2938 4255 3135 4326 publici
3166 4268 3413 4311 conven-

1795 4368 1906 4426 tus,
1950 4368 2006 4414 et
2030 4357 2180 4412 initia
2208 4369 2273 4410 ac
2296 4351 2574 4424 mysteria,
2606 4349 3035 4419 turpissimarum
3055 4363 3234 4403 rerum
3268 4347 3412 4401 indi-

1795 4454 1878 4509 cia
1899 4458 2044 4517 sunt,
2071 4448 2402 4504 monimenta
2420 4454 2475 4500 et
2494 4443 2836 4499 documenta.
2866 4441 2978 4496 Nec
3003 4441 3176 4495 solum
3208 4439 3412 4495 docen-

1798 4554 1884 4600 tur
1917 4554 2006 4598 res
2028 4552 2233 4612 turpes,
2263 4537 2358 4595 sed
2382 4539 2544 4594 etiam
2577 4535 2856 4590 hominum
2881 4534 3056 4588 caedes
3081 4549 3147 4588 ex
3177 4533 3408 4588 eis'cdi-

1796 4645 2039 4694 scuntur.
2079 4633 2233 4707 Unde
2273 4614 2437 4688 ctiam
2466 4637 2753 4686 versantur
2795 4628 3089 4683 daemones.
3130 4626 3275 4681 Nihil
3326 4635 3412 4682 cst

1795 4733 1939 4788 enim
1978 4728 2123 4784 aliud
2165 4725 2308 4797 apud
2351 4725 2494 4791 illos,
2533 4737 2695 4794 quam
2737 4721 2936 4788 libido,
2989 4721 3412 4790 intemperantes

1795 4822 2106 4885 ebrietates,
2135 4817 2445 4879 crudelitas,
2477 4813 2864 4878 inhumanitas,
2894 4821 2949 4867 ct
2993 4811 3211 4876 caedes;
3246 4819 3409 4880 atque

1797 4913 1924 4968 hinc
1966 4910 2139 4966 videri
2184 4917 2410 4978 possunt
2435 4904 2664 4962 conﬂata
2689 4919 2811 4959 esse
2841 4902 3000 4957 festa.
3057 4901 3193 4961 Cum
3227 4903 3410 4971 itaque

1797 5007 2083 5062 simulacra
2129 5002 2282 5058 nullo
2328 5015 2491 5056 sensu
2543 4998 2804 5069 praedita,
2836 5007 2891 5052 et
2938 5011 3126 5052 eorum
3169 4996 3258 5064 qui
3304 4995 3411 5050 illis

1796 5097 2076 5153 confidunt
2104 5094 2394 5150 amentiam
2441 5101 2588 5146 esset
2617 5089 2939 5152 ludificatus,
2985 5087 3053 5141 ad
3075 5088 3168 5142 Dei
3193 5087 3410 5142 laudem

1796 5189 2062 5245 convertit
2107 5186 2432 5243 orationem.
2485 5181 2672 5236 dicens
2704 5196 2717 5233 :
2755 5179 2840 5234 17.
2867 5178 3064 5232 Domus
3091 5176 3258 5234 Israel
3286 5195 3410 5247 spe-

1796 5283 1924 5337 ravit
1945 5282 1997 5335 in
2021 5278 2276 5342 Domino;
2307 5275 2516 5345 adjutor
2539 5282 2713 5328 eorum
2740 5280 2786 5325 et
2815 5280 3071 5341 protector
3097 5287 3278 5326 eorum
3310 5282 3404 5324 est.

1801 5375 1886 5429 18.
1921 5373 2122 5427 Domus
2143 5372 2318 5424 Aaron
2345 5368 2566 5436 speravit
2613 5365 2666 5418 in
2697 5361 2953 5428 Domino;
2994 5362 3204 5432 adjutor
3231 5377 3409 5416 eorum

1797 5478 1843 5521 et
1867 5474 2115 5536 protector
2149 5479 2323 5517 eorum
2344 5470 2436 5516 est.
2471 5458 2561 5516 19.
2597 5459 2697 5526 Qui
2720 5457 2897 5511 timent
2924 5455 3204 5510 Dominum
3223 5472 3405 5525 spera-

1797 5566 1976 5614 rerunt
2001 5556 2054 5610 in
2087 5554 2351 5619 Domino;
2387 5551 2598 5613 adjutor
2633 5565 2810 5603 eorum
2849 5559 2898 5603 et
2937 5557 3192 5618 protector
3232 5563 3408 5600 eorum

1851 5712 1932 5785 ,(α)
1969 5709 2872 5785 semetsemet?samem“
2890 5704 3114 5766 οειβιιηοε
3149 5703 3402 5785 ¹ξί⁵ιοτίω

1796 5773 2116 5886 ξὲἓᾶηηιέοόὶθ
2140 5779 2456 5824 monumenta
2496 5778 2725 5820 veterum
2763 5781 2877 5832 qua:
2922 5775 3188 5830 supersunt
3211 5778 3400 5828 νυνι-ω.
