4218 6424
833 388 930 443 ﬁll

1509 384 1568 443 S.
1609 382 1887 441 JOANNIS
1924 380 2404 440 CllllYSOSTO-MI
2449 380 2760 437 MiillllEP.
2803 380 3338 439 CONSTANTINOP.

4030 392 4149 452 3i!

829 516 920 563 est.
948 506 1048 561 Per
1072 506 1188 561 haec
1214 505 1353 560 enim
1380 512 1435 560 et
1460 503 1555 561 Dei
1587 505 1876 575 potentiam
1901 504 2175 576 praedicat,
2203 492 2260 558 et
2302 503 2419 572 ejus
2534 502 2631 555 tius
2657 518 2807 571 quam
2840 505 3051 573 petimus
3080 506 3472 579 vels-agitamus
3498 551 3509 572 ,
3552 509 3597 563 ei
3626 511 3794 581 gloria
3818 514 3871 567 in
3902 513 4149 569 Ecclesia

830 597 1301 667 incomparabilem
1332 604 1387 650 et
1429 611 1593 665 super
1627 608 1819 653 omnes
1866 594 2257 652 excellentiam.
2289 592 2421 662 Qua
2527 592 2744 662 (Ep/tes.
2772 596 2824 650 3.
2857 595 2946 649 20.
2977 596 3092 667 2|).
3123 595 3189 650 Et
3228 598 3349 653 ideo
3374 599 3647 668 propheta:
3670 618 3883 683 quoque
3904 606 4149 676 antiqui-

824 690 968 743 enim
998 687 1223 743 Judaico
1248 687 1443 757 populo
1463 685 1603 742 facta
1625 694 1750 742 sunt
1775 687 1827 741 in
1861 685 2095 740 medium
2122 684 2415 750 adducens,

826 778 1062 834 ostendit
1105 778 1224 849 ejus
1261 777 1487 847 duplex,
1534 778 1644 833 imo
1668 792 1799 833 vero
1839 776 2031 846 triplex
2074 774 2417 831 beneﬁcium.

827 872 1062 926 Primum
1100 870 1337 941 quidem,
1366 870 1510 943 quod
1530 885 1624 927 eos
1657 870 1962 943 liberaverit
1988 884 2017 923 a
2043 868 2376 924 daemonibus
2399 886 2413 923 :

822 962 1040 1028 deinde,
1072 962 1214 1033 quod
1243 962 1479 1032 seipsum
1504 959 1924 1017 manifestavcrit
1951 976 1965 1013 :
1993 962 2151 1016 tertio
2192 970 2372 1016 autem
2394 1000 2410 1029 ,

823 1056 962 1125 quod
1003 1058 1080 1111 eis
1100 1070 1254 1111 suum
1277 1055 1565 1126 praebuerit
1589 1055 1862 1110 auxilium.
2186 1123 2192 1127 η

893 1147 1146 1203 Sacerdos
1171 1149 1421 1217 priotuunt
1446 1147 1593 1219 longe
1615 1157 1840 1218 superat.
1864 1146 2190 1201 Providentia
2206 1156 2252 1200 et
2266 1144 2414 1201 bene-

821 1240 977 1293 dictio
994 1224 1093 1294 Dei
1113 1256 1265 1311 super
1276 1238 1441 1293 Israel
1454 1248 1501 1292 et
1524 1241 1661 1309 ipsos
1693 1239 2004 1310 proselytos;
2031 1238 2306 1292 benedictio
2331 1254 2413 1292 ue-

818 1340 899 1387 tus
924 1340 970 1384 et
989 1345 1215 1384 nou.—
1232 1329 1425 1383 Dividit
1451 1338 1633 1385 autem
1653 1331 1949 1385 orationem
1981 1330 2031 1383 in
2057 1328 2327 1395 lsraelem,
2358 1338 2412 1384 et

815 1437 983 1492 genus
1028 1422 1394 1487 sacerdotale,
1431 1431 1485 1478 et
1525 1437 1621 1479 eos
1647 1424 1746 1497 qui
1770 1422 1835 1477 ad
1888 1438 2009 1478 eum
2048 1422 2309 1478 accedunt
2342 1436 2409 1475 ex

814 1512 1086 1581 gentibus.
1112 1512 1227 1567 Non
1249 1522 1332 1568 est
1356 1513 1499 1568 enim
1528 1513 1883 1568 conferendas
1916 1512 2151 1583 privatus
2178 1527 2297 1567 cum
2324 1528 2411 1567 sa-

815 1606 1055 1672 cerdote,
1084 1605 1177 1660 sed
1211 1603 1296 1658 hic
1324 1616 1449 1660 cum
1470 1605 1626 1674 longe
1664 1615 1881 1674 superat
1909 1620 1923 1658 :
1973 1613 2026 1659 et
2057 1604 2176 1657 ideo
2217 1603 2409 1657 merito

814 1710 933 1751 eam
951 1694 1426 1751 facitdivisioncm.
1447 1693 1611 1764 Major
1633 1694 1774 1748 enim
1791 1701 1873 1748 est
1893 1694 1972 1748 eis
1988 1693 2161 1747 honor
2175 1691 2403 1746 habitus.

882 1787 938 1843 5.
982 1785 1185 1843 Deinde
1223 1785 1513 1841 ostendens
1540 1784 1928 1857 providentiam
1962 1799 2067 1839 non
2105 1799 2222 1839 esse
2245 1784 2408 1838 rebus

811 1887 1017 1932 tantum
1038 1876 1279 1932 Iudaicis
1304 1866 1761 1945 circumscriptam
1785 1916 1807 1939 ,ν
1824 1874 2226 1945 ’ρι-οεοιγιοτιηη
2266 1890 2403 1944 quo-

810 1974 913 2037 Quc
938 1967 1202 2030 meminit,
1236 1968 1325 2037 qui
1369 1966 1631 2021 accedunt
1654 1980 1720 2021 cx
1742 1965 2010 2035 gentibus,
2045 1966 2302 2020 auxilium
2347 1977 2403 2020 et

808 2058 1235 2114 benedictionem
1280 2056 1471 2112 factam
1504 2057 1557 2111 in
1584 2071 1770 2112 omnes
1797 2070 1915 2111 esse
1941 2056 2143 2111 dicens.
2172 2056 2265 2111 20.
2294 2054 2407 2110 Do-

807 2149 975 2204 minus
1000 2142 1199 2203 memor
1241 2147 1399 2201 nostri
1426 2188 1440 2213 ,
1477 2146 1726 2202 benedixit
1746 2147 1905 2202 nobis.
1936 2147 2203 2202 Benedixit
2230 2148 2403 2202 domui

809 2239 999 2307 Israel,
1017 2240 1266 2299 bmedixit
1281 2240 1456 2309 domui
1474 2239 1671 2305 Aaron;
1686 2239 1775 2294 21.
1792 2240 2038 2293 benedixit
2054 2242 2118 2294 iis
2128 2224 2216 2311 qui
2228 2240 2404 2293 timent

809 2330 1102 2387 Dominum.
1125 2332 1263 2400 Quid
1291 2342 1390 2399 est,
1422 2331 2000 2402 Benedicitllmplevit,
2031 2332 2218 2403 inquit,
2250 2332 2404 2387 bonis

807 2424 1303 2481 innumerabilibus.
1332 2425 1539 2480 Etenim
1572 2424 1735 2479 homo
1751 2439 1964 2496 quoque
1999 2424 2163 2479 Deum
2181 2424 2403 2481 benedi-

806 2520 901 2585 cit,
930 2528 987 2573 ut
1006 2519 1220 2589 quando
1250 2518 1411 2586 dicit,
1460 2517 1685 2573 Benedic
1704 2560 1718 2586 ,
1748 2520 1922 2572 animo
1959 2534 2092 2587 mea,
2120 2516 2403 2573 Dominum

810 2610 981 2682 (Psal.
1004 2610 1125 2667 {03.
1145 2611 1221 2683 1).
1239 2611 1345 2667 Sed
1366 2612 1454 2680 qui
1474 2612 1639 2667 Deum
1666 2611 1954 2676 benedicit,
1987 2612 2102 2682 ipse
2127 2612 2395 2666 lucratur:

807 2703 1045 2772 scipsum
1075 2703 1217 2757 enim
1244 2701 1416 2757 reddit
1439 2701 1741 2767 clariorem,
1775 2702 1847 2756 illi
1884 2709 2060 2755 autem
2084 2700 2212 2755 nihil
2240 2701 2399 2771 largi-

806 2800 913 2859 tur;
934 2793 1075 2847 Deus
1106 2799 1285 2847 autem
1312 2792 1656 2855 benedicens,
1677 2808 1774 2848 nos
1791 2792 1964 2847 reddit
1982 2793 2261 2857 clariores;
2285 2794 2398 2863 ipse

804 2893 981 2938 autem
1011 2884 1138 2939 nihil
1168 2884 1376 2953 arripit.
1411 2884 1547 2939 Deus
1577 2883 1717 2938 enim
1737 2885 1876 2939 nulla
1923 2901 1981 2940 re
2022 2884 2224 2955 indiget
2251 2900 2264 2938 :
2296 2886 2395 2939 ita-

804 2992 910 3049 que
943 2978 1147 3031 lucrum
1179 2977 1427 3047 utrinque
1454 2985 1693 3031 nostrum
1738 2985 1822 3031 est
1848 2993 1863 3030 :
1893 2977 2173 3053 Quomodo
2194 2976 2267 3047 (a)
2305 2992 2402 3031 au-

805 3078 910 3125 tem
941 3085 1035 3125 eos
1064 3069 1373 3125 benedixit?
1403 3069 1557 3128 Dedit
1600 3070 1680 3127 eis
1733 3085 1924 3140 panem
1955 3084 1985 3125 c
2022 3071 2174 3137 cmlo,
2204 3085 2395 3141 aquam

805 3163 939 3229 pluit
976 3178 1008 3218 e
1029 3166 1207 3231 petra,
1234 3163 1507 3217 introitum
1542 3177 1728 3218 corum
1753 3172 1806 3219 et
1835 3164 2036 3219 exitum
2067 3164 2353 3229 custodivit
2376 3204 2393 3231 ,

804 3267 1045 3311 armenta
1076 3265 1128 3311 et
1153 3271 1341 3326 greges
1367 3271 1552 3313 eorum
1589 3256 1755 3322 auxit,
1788 3248 2113 3324 peculiarem
2142 3256 2394 3327 populum

804 3347 1119 3411 nominavit,
1148 3356 1201 3401 ct
1244 3346 1434 3416 regale
1456 3346 1835 3413 sacerdotium,
1867 3347 2040 3418 legem
2075 3347 2244 3415 dedit,
2272 3362 2396 3417 pro-

806 3438 994 3507 phetas
1030 3438 1193 3492 misit.
1241 3437 1367 3493 Haec
1404 3438 1565 3493 etiam
1602 3437 1725 3493 alibi
1756 3437 2053 3508 praedicans
2080 3438 2208 3493 dicit
2235 3455 2249 3491 :
2272 3438 2396 3493 Non

803 3529 921 3599 fecit
960 3528 1128 3582 taliter
1172 3529 1309 3583 omni
1330 3529 1543 3593 nationi,
1591 3537 1638 3582 et
1654 3527 1856 3600 judicia
1900 3534 1996 3583 sua
2033 3545 2138 3583 non
2174 3530 2393 3595 manife-

801 3622 948 3674 stauit
968 3621 1043 3673 eis
1074 3621 1091 3689 (
1107 3618 1256 3674 Psal.
1281 3620 1405 3674 H7.
1427 3619 1462 3675 9
1512 3616 1627 3693 [ΞΟ]
1646 3619 1689 3691 ).
1716 3618 1785 3673 Ει
1813 3621 1945 3674 alius
1967 3637 1980 3673 :
2003 3620 2247 3687 Quanam
2273 3638 2394 3689 gens

801 3722 873 3767 est
901 3713 1026 3767 adeo
1055 3713 1279 3784 sapiens,
1300 3714 1383 3765 cui
1407 3713 1783 3783 appropinquat
1813 3712 2062 3782 Dominus
2080 3712 2261 3767 Deus?
2287 3714 2395 3767 Pu-

801 3806 931 3859 sillis
953 3821 1066 3859 cum
1100 3804 1379 3873 majoribus
1405 3803 1581 3873 (Dent.
1612 3802 1664 3859 4.
1690 3805 1767 3875 7).
1812 3802 2049 3872 Nullum,
2078 3805 2267 3874 inquit,
2294 3804 2393 3859 fuit

800 3913 970 3969 genus
1007 3898 1090 3952 cui
1139 3897 1369 3952 defuerit
1404 3896 1705 3952 benedictio
1728 3938 1744 3963 ,
1782 3896 1889 3972 2sed
1936 3896 2053 3953 haec
2092 3898 2158 3952 ad
2205 3913 2393 3953 onmes

802 4001 1024 4046 extensa
1053 3999 1195 4046 sunt.
1248 3990 1338 4045 22.
1371 3990 1593 4059 Adjieiat
1613 3988 1865 4043 Dominus
1906 4005 2061 4058 super
2079 4004 2202 4055 vos;
2242 4006 2394 4059 super

802 4098 924 4147 eos,
958 4092 1004 4135 et
1023 4097 1173 4152 super
1205 4082 1337 4151 ﬁlios
1360 4089 1568 4134 vestros.
1599 4079 1789 4134 Vidisti
1844 4080 1989 4135 aliud
2016 4096 2183 4151 genus
2225 4081 2390 4137 bene-

802 4175 1073 4242 dictionis,
1104 4189 1294 4243 nempe
1323 4182 1377 4227 ut
1403 4181 1609 4229 crescat
1636 4173 1839 4242 genus?
1865 4173 1932 4228 Et
1952 4173 2073 4229 ideo
2096 4172 2235 4228 alius
2260 4189 2390 4230 con-

806 4268 1027 4322 trarium
1059 4281 1157 4336 pro
1187 4265 1450 4335 supplicio
1490 4264 1740 4329 aﬂ'crens,
1773 4264 1901 4319 dicit
1928 4282 1942 4317 :
1971 4264 2035 4319 Et
2057 4265 2287 4320 diminuti
2305 4282 2393 4321 stt-

805 4367 937 4424 παις,
967 4368 1013 4411 et
1039 4373 1214 4412 sumus
1254 4357 1401 4426 pauci
1422 4357 1535 4425 plus
1561 4371 1711 4424 quam
1747 4371 1919 4408 omnes
1935 4357 2019 4422 qui
2048 4356 2272 4409 habitant
2294 4366 2392 4411 ter-

804 4465 914 4502 runt
943 4446 1102 4520 (Dan.
1130 4448 1183 4503 5.
1214 4446 1324 4517 57).
1353 4446 1461 4501 llac
1482 4446 1852 4503 benedictione
1880 4447 2187 4501 fruebantur
2230 4448 2389 4502 etiam

802 4555 925 4595 cum
950 4548 1131 4594 essent
1157 4539 1208 4593 in
1258 4537 1512 4609 Egypto,
1553 4538 1677 4594 licet
1736 4548 1918 4601 essent
1954 4539 2231 4594 innumera
2273 4557 2393 4611 qua:

803 4632 1182 4703 prohibebant,
1210 4649 1393 4703 opera,
1421 4631 1636 4688 afﬂictio
1661 4642 1715 4688 et
1755 4633 2050 4700 calamitas,
2090 4650 2273 4691 eorum
2304 4637 2391 4707 qui

803 4726 1367 4798 urgebantcrudelitas
1394 4740 1409 4778 ;
1441 4725 1535 4781 sed
1562 4724 1693 4780 nihil
1722 4741 1909 4782 eorum
1933 4728 2158 4782 verbum
2190 4728 2282 4784 Dei
2313 4730 2395 4787 in—

803 4821 1053 4889 terrupit,
1095 4819 1186 4875 sed
1228 4835 1294 4875 eo
1328 4819 1585 4889 processit
1612 4819 1933 4886 benedictio,
1962 4832 2019 4877 ut
2055 4822 2107 4877 in
2150 4823 2393 4881 ducentis

803 4913 957 4991 armis
982 4912 1169 4967 ﬁerent
1198 4919 1447 4967 sexcenta
1473 4911 1635 4966 millia
1669 4908 1860 4982 (Exod.
1888 4912 1975 4967 l2.
2006 4914 2119 4986 37).
2141 4914 2246 4971 Sed
2269 4925 2394 4973 tunc

804 5002 1017 5072 quidem
1049 5003 1099 5055 in
1124 5002 1206 5057 his
1228 5001 1555 5057 consistebat
1584 5001 1905 5069 benedictio,
1939 5020 2082 5059 nunc
2128 5016 2305 5063 autem
2338 5009 2389 5063 in

804 5095 974 5160 Novo,
1000 5096 1052 5149 in
1083 5096 1248 5150 multo
1279 5095 1608 5151 melioribus.
1638 5093 1707 5149 Et
1736 5096 1856 5151 ideo
1882 5097 2010 5153 dicit
2037 5098 2265 5154 Paulus:
2294 5100 2391 5155 lte-

807 5189 1036 5242 nedictus
1080 5187 1230 5253 Deus,
1260 5189 1343 5260 qui
1379 5188 1629 5242 benedixit
1668 5205 1759 5243 nos
1784 5190 1838 5243 in
1864 5192 2001 5244 onmi
2049 5192 2391 5251 benedict'one

804 5278 1057 5349 spirituali
1082 5282 1135 5333 in
1154 5279 1433 5332 erelestibus
1452 5279 1505 5333 in
1530 5277 1729 5334 Christo
1759 5281 1972 5353 (Ep/tes.
2004 5284 2050 5337 1.
2080 5284 2157 5354 3).
2187 5284 2254 5339 Et
2274 5302 2392 5340 rur-

803 5384 894 5423 sus
924 5384 935 5418 :
970 5368 1035 5423 Ei
1066 5378 1229 5423 autem
1272 5370 1358 5440 qui
1379 5380 1539 5439 potest
1566 5372 1737 5425 omnia
1761 5372 1928 5440 facere
1956 5372 2102 5446 longe
2127 5377 2390 5431 abundan-

868 5565 940 5627 (a)
953 5567 1046 5632 llic
1060 5571 1113 5615 et
1134 5577 1266 5632 pene
1289 5565 1471 5628 ubique
1493 5568 1766 5632 omniasus
1775 5569 1945 5632 deque
1965 5579 2221 5620 vertuntur
2238 5572 2285 5621 in
2305 5580 2389 5624 Co-

804 5626 1111 5696 dice'negio:
1132 5626 1283 5696 verb.
1301 5626 1469 5696 tcxius
1655 5629 1704 5678 lu
1723 5627 1814 5679 alia
1837 5626 2098 5696 synonyma
2123 5636 2386 5695 mutantur,

800 5687 1046 5757 dictiones
1069 5689 1479 5757 _minusipr0prie
1515 5687 1936 5757 inducuntur,_ita
1972 5687 2027 5744 tit
2056 5694 2127 5757 de,
2150 5687 2389 5747 industria

800 5747 981 5863 lusitsed:
1004 5747 1223 5799 videatur
1239 5747 1485 5801 Graculus
1502 5753 1758 5817 quispiam,
1780 5747 1865 5817 qui
1887 5754 2017 5806 hunc
2037 5756 2261 5807 Codicum
2271 5762 2389 5808 scri-

804 5823 921 5871 psit.

2528 695 2613 741 tus
2642 697 2949 754 quarrentes
2982 689 3261 757 beneficia,
3292 690 3763 762 prabehanthanc
3790 697 4145 753 benedictio-

2524 792 2669 831 nem.
2716 778 2976 835 Helisa-us
3003 782 3145 835 enim
3175 796 3294 835 eam
3318 824 3335 848 ,
3366 801 3487 854 qua:
3522 785 3665 839 illum
3696 792 3934 858 suscepit
3961 832 3978 852 ,
4038 790 4141 845 filii

2521 868 2666 925 dono
2692 882 3062 927 remuneratus
3084 883 3163 925 est
3187 870 3265 945 (ι.
3300 872 3434 944 Reg.
3462 876 3514 929 4.
3548 875 3657 947 16).
3688 876 3742 930 ln
3773 876 3925 932 Novo
3947 889 4147 933 autem

2524 976 2631 1017 non
2661 962 2797 1029 hmo,
2842 962 2936 1018 sed
2965 966 3133 1018 multo
3168 964 3403 1034 majora.
3434 967 3614 1037 Itaque
3657 971 3970 1039 purpuraria
4024 985 4146 1025 non

2520 1051 2637 1107 inre
2669 1053 2883 1123 petebat
2912 1052 2982 1107 ab
3025 1056 3283 1125 apostolis
3305 1097 3320 1122 ,
3364 1056 3461 1112 sed
3502 1059 3668 1127 quid?
3700 1059 3759 1114 Si
3790 1076 3892 1113 non
3911 1061 4146 1131 judica-

2516 1145 2608 1198 stis
2633 1161 2713 1198 me
2736 1144 2997 1201 indianant
3038 1144 3281 1214 Domina,
3320 1147 3537 1217 ingressi
3559 1188 3573 1211 ,
3621 1159 3818 1209 manete
3859 1154 4011 1217 apud
4054 1170 4145 1207 nte

2518 1235 2651 1309 (Act.
2674 1238 2761 1293 ts.
2783 1236 2893 1311 ts).

2588 1327 2644 1383 Ν
2647 1332 2724 1383 ori
2742 1326 3063 1387 Testamenli
3087 1331 3224 1388 bona
3245 1334 3380 1392 nihil
3394 1335 3587 1395 terreni
3601 1332 3815 1390 habent.
3839 1330 4144 1407 Virginita-

2514 1420 2578 1474 tis
2598 1421 2781 1473 bonum
2807 1418 3060 1490 quomodo
3082 1421 3445 1477 introductum.
3474 1421 3777 1479 Judaeum
3810 1429 4134 1483 carnalitas.

2513 1508 2807 1565 Benedictio
2831 1511 3354 1569 [taurinum—Vides
3378 1524 3635 1583 quantum
3662 1516 3872 1571 intersit
3896 1526 3952 1573 et
3970 1535 4140 1589 qna!-

2511 1618 2635 1657 nam
2657 1603 2871 1673 quidem
2899 1604 3149 1674 petebant
3178 1606 3267 1675 qui
3297 1608 3527 1662 erantin
3544 1607 3759 1675 Veteri,
3783 1619 3839 1665 et
3865 1626 4135 1681 quasnam

2510 1696 2598 1764 qui
2619 1696 2669 1748 in
2689 1694 2878 1750 Novo?
2898 1695 2963 1750 Et
2988 1712 3174 1751 rursus
3186 1695 3437 1753 Christus
3457 1719 3471 1753 :
3491 1699 3715 1755 Gaudete
3729 1742 3742 1765 ,
3763 1703 3884 1771 quia
3908 1706 4134 1757 nomina

2510 1797 2672 1841 uestra
2699 1789 2889 1856 scripta
2915 1798 3031 1842 sunt
3066 1789 3119 1843 in
3144 1791 3284 1844 culis
3311 1790 3480 1863 (Luc.
3511 1792 3599 1847 10.
3629 1793 3745 1865 20).
3777 1794 3845 1849 Et
3872 1796 4128 1855 Paulus:

2509 1878 2650 1933 Deus
2671 1890 2839 1933 autem
2870 1881 3081 1952 impleat
3100 1899 3187 1936 vos
3207 1886 3348 1937 omni
3375 1886 3543 1955 gratia
3565 1895 3609 1940 et
3630 1902 3719 1954 spe
3741 1888 3796 1940 in
3836 1890 4131 1953 credenda,

2508 1980 2564 2025 ut
2591 1971 2855 2027 abundetis
2874 1974 2929 2027 in
2957 1990 3063 2045 spe,
3092 1973 3145 2027 in
3168 1975 3349 2030 uirtute
3379 1976 3607 2046 Spiritus
3634 1980 3799 2031 sancti
3820 1977 4001 2051 (Rom.
4031 1982 4131 2037 15.

2508 2064 2624 2139 15).
2658 2064 2847 2120 Vidisti
2871 2066 2980 2121 vim
3003 2067 3393 2123 benedictionis
3413 2083 3532 2138 quae
3560 2069 3696 2125 bona
3724 2070 3951 2142 largitur
3978 2073 4130 2128 inef-

2507 2153 2719 2221 fabilia,
2753 2166 2807 2212 et
2834 2157 2965 2212 nihil
3012 2157 3175 2213 habet
3203 2161 3519 2220 terrenum?
3556 2171 3611 2216 et
3652 2178 3839 2217 rursus
3865 2164 4075 2220 Paulus
4108 2181 4124 2218 :

2507 2244 2647 2299 Deus
2672 2256 2838 2300 autem
2864 2256 3085 2301 conteret
3106 2258 3341 2303 satanatn
3369 2248 3463 2304 sub
3504 2250 3711 2327 pedibus
3734 2252 3914 2307 uestris
3938 2255 4101 2310 celeri
4109 2285 4125 2296 -

2509 2345 2584 2390 ter
2632 2336 2807 2410 (Rom.
2834 2338 2922 2393 16.
2956 2336 3071 2410 20).
3094 2338 3201 2394 Sed
3235 2341 3287 2393 in
3340 2338 3559 2405 Veteri,
3592 2340 3808 2411 quando
3863 2343 4123 2398 homines

2510 2436 2667 2482 erant
2713 2429 3028 2491 crassiores,
3070 2445 3134 2483 ex
3181 2429 3469 2485 sensilibus
3516 2431 3905 2487 contexebatur
3946 2433 4121 2489 bene~

2506 2517 2687 2583 dictio,
2717 2527 2775 2573 et
2812 2521 3101 2577 multorum
3134 2520 3426 2574 liberorum
3451 2523 3727 2591 susceptio
3754 2523 4123 2577 existimaba-

2506 2616 2594 2661 tur
2620 2623 2741 2662 csse
2773 2624 2857 2663 res
2910 2610 3161 2663 maxima.
3199 2609 3463 2677 Quoniam
3492 2612 3635 2666 enim
3690 2627 3838 2668 mors
3868 2614 4121 2685 ingressa

2507 2708 2624 2753 erat
2667 2714 2728 2753 ex
2765 2708 3003 2768 peccato,
3040 2700 3180 2759 Deus
3203 2716 3375 2771 genus
3399 2701 3705 2768 consolans,
3733 2713 3787 2757 et
3816 2705 4124 2761 ostendens

2503 2806 2620 2846 eam
2647 2808 2753 2846 non
2790 2792 2947 2846 modo
2978 2808 3083 2846 non
3114 2803 3579 2861 consumpturam,
3602 2808 3703 2848 nec
3729 2795 4003 2850 interitum
4036 2797 4124 2850 al-

2508 2882 2757 2946 laturam,
2790 2883 2882 2936 sed
2928 2883 3084 2951 longe
3129 2884 3289 2937 etiam
3318 2884 3496 2951 plures
3523 2899 3682 2952 quam
3710 2880 3834 2939 ante
3863 2885 4081 2943 futuros
4101 2931 4114 2947 .

2503 2973 2693 3043 inquit,
2716 2972 2949 3038 Crescite,
2969 2983 3014 3027 et
3030 2974 3435 3045 multiplicamini
3458 2974 3607 3046 (Gen.
3633 2975 3687 3029 9.
3713 2977 3789 3047 1).
3815 2978 4118 3049 Postquam

2503 3070 2684 3119 autem
2711 3065 2980 3134 cognitum
3013 3064 3111 3119 fuit
3136 3074 3365 3120 mortem
3392 3081 3513 3121 csse
3537 3081 3808 3133 somnum,
3857 3069 4115 3125 introdu-

2501 3161 2645 3207 ctum
2682 3163 2767 3207 est
2802 3153 2998 3208 bonum
3029 3154 3368 3224 virginitatis.
3400 3156 3466 3209 Et
3490 3155 3612 3210 ideo
3630 3156 3843 3212 dicebat
3872 3157 4113 3213 Paulus:

2510 3244 2640 3299 Volo
2672 3253 2839 3301 autem
2861 3262 3032 3301 omnes
3059 3248 3286 3301 homines
3306 3234 3421 3302 esse
3446 3248 3500 3301 in
3530 3250 3859 3312 continentia,
3885 3252 4021 3304 sicut
4069 3257 4118 3306 et

2499 3336 2769 3405 meipsum.
2790 3336 2871 3391 {Et
2894 3353 3117 3392 rursus:
3146 3337 3351 3391 Bonum
3388 3348 3461 3393 est
3492 3339 3683 3392 homini
3719 3341 3977 3394 mulierem
4005 3358 4121 3396 non

2500 3437 2706 3501 tangere
2731 3428 2808 3503 (l.
2832 3430 2949 3483 Cor.
2972 3430 3023 3484 7.
3046 3430 3195 3501 7).Et
3221 3430 3466 3486 Christus
3495 3449 3508 3486 :
3534 3430 3668 3487 Sunt
3684 3433 3921 3498 eunuchi,
3951 3434 4047 3505 qui
4064 3445 4121 3490 se

2502 3531 2793 3577 castrarnnt
2812 3533 3019 3592 propter
3043 3539 3255 3594 regnum
3284 3524 3527 3579 caelorum
3561 3523 3722 3594 (Ibid.
3747 3541 3799 3579 υ.
3823 3526 3877 3581 1.
3912 3525 4117 3582 Matth.

2498 3612 2733 3683 19.12).
2754 3613 3085 3682 Quamquam
3110 3613 3309 3683 alioqui
3329 3614 3488 3669 etiam
3517 3614 3567 3668 in
3589 3615 3852 3684 principio
3874 3615 4119 3671 obscure

2497 3704 2982 3774 signiﬁcavitopbs
3010 3718 3133 3759 esse
3182 3704 3397 3767 virtute,
3442 3718 3548 3759 non
3578 3704 3808 3759 ﬁliorum
3855 3707 4114 3763 multitu-

2498 3792 2647 3849 dine.
2678 3793 2814 3848 Audi
2846 3804 3026 3849 autem
3052 3793 3342 3864 quomodo.
3398 3794 3535 3849 Dicit
3558 3796 3706 3850 enim
3740 3797 3958 3867 quidam
4006 3814 4105 3854 sa-

2497 3885 2653 3955 piens
2678 3902 2691 3938 :
2722 3883 2808 3939 Ne
2824 3885 3052 3940 desidera
3070 3886 3445 3963 multitudinem
3467 3888 3693 3954 ﬁliorum
3718 3888 3996 3956 inutilium,
4023 3893 4115 3946 ni-

2495 3976 2542 4030 si
2568 3976 2632 4030 sit
2661 3976 2811 4029 timor
2833 3976 2927 4030 Dei
2950 3986 3065 4031 cum
3084 3968 3209 4048 ipsis
3226 3994 3250 4028 .·
3269 3976 3346 4049 (a)
3372 3994 3531 4047 neque
3548 3979 3747 4053 attende
3766 3996 3941 4034 coruus
3963 3985 4110 4053 ntul-

2497 4068 2801 4144 titudinem.‘
2826 4067 3011 4123 Melior
3050 4078 3125 4123 est
3157 4071 3293 4154 enim
3332 4086 3465 4124 unus
3492 4052 3645 4140 quam
3685 4072 3854 4139 mille,
3885 4082 3934 4128 ct
3973 4052 4113 4128 mori

2498 4158 2609 4213 sine
2633 4157 2777 4226 ﬁliis,
2798 4174 2949 4227 quam
2977 4159 3161 4213 habere
3186 4160 3326 4228 ﬁlios
3344 4159 3528 4229 impios
3555 4175 3576 4215 :
3597 4172 3641 4214 et
3668 4162 3848 4216 melior
3873 4173 3947 4218 est
3973 4179 4110 4218 unus

2498 4250 2691 4320 faciens
2726 4251 3036 4303 uoluntatem
3061 4249 3308 4317 Domini,
3337 4268 3490 4321 quam
3531 4253 3926 4309 innumerabiles
3956 4255 4108 4324 impii

2497 4340 2516 4411 (
2550 4340 2715 4395 Eccli.
2746 4340 2833 4395 16.
2863 4342 2985 4396 1-4
3012 4341 3059 4412 ).
3107 4340 3279 4397 Judazi
3320 4354 3496 4397 autem
3537 4344 3684 4397 nullo
3724 4345 3886 4413 plane
3938 4360 4104 4401 sensu

2498 4432 2731 4502 praediti,
2776 4431 2842 4486 ad
2890 4447 3107 4487 carnem
3138 4448 3353 4501 semper
3380 4434 3700 4503 aspirantes,
3746 4443 3803 4490 et
3842 4435 4098 4492 virtutem

2497 4528 2858 4599 negligentes,
2886 4526 3135 4582 dicebant
3161 4541 3176 4579 :
3205 4526 3342 4593 Quid
3370 4528 3551 4597 quierit
3580 4526 3721 4581 Deus
3746 4569 3762 4591 ,
3793 4528 3891 4598 nisi
3928 4544 4103 4583 semen

2500 4616 2756 4687 (Malaclt.
2783 4618 2837 4671 2.
2868 4617 2955 4689 15)
2978 4618 3000 4670 ?
3026 4617 3119 4671 Eis
3140 4618 3435 4671 ostendens
3483 4632 3542 4672 se
3569 4616 3672 4672 hoc
3692 4633 3801 4673 non
3829 4634 4099 4689 quaerere,

2500 4725 2592 4765 eos
2624 4705 2818 4765 millies
2857 4708 3123 4780 perdidit,
3175 4723 3299 4762 eum
3330 4709 3529 4763 virtute
3578 4717 3845 4764 carerent.
3877 4709 3969 4766 9.5.
3998 4708 4100 4765 Be-

2498 4804 2681 4858 nedicti
2709 4819 2796 4857 uos
2826 4802 3063 4856 Domino.
3110 4800 3276 4855 Recte
3301 4799 3517 4868 adjecit,
3548 4799 3791 4855 Domino.
3821 4800 3954 4856 Nam
3996 4801 4099 4857 hoc

2497 4896 2836 4966 potissimum
2865 4904 2947 4949 est
2979 4891 3301 4948 benedictio.
3332 4892 3465 4947 Sunt
3490 4893 3633 4946 enim
3662 4893 3821 4947 etiam
3864 4892 3957 4963 qui
4002 4894 4097 4951 be-

2498 4986 2817 5041 nedicuntur
2845 4982 2985 5052 apud
3035 4981 3300 5047 homines,
3335 4980 3427 5036 sed
3471 4990 3598 5037 sunt
3633 4996 3719 5045 res
3748 4982 3961 5037 illorum
3991 4981 4092 5037 hu-

2498 5092 2693 5133 manae.
2723 5076 2849 5132 llaec
2873 5084 2951 5130 est
2985 5084 3161 5129 autem
3207 5071 3439 5129 maxima
3472 5072 3794 5137 benedictio.
3838 5074 4095 5131 Homines

2496 5168 2710 5239 quidem
2740 5154 3086 5227 benedicunt,
3147 5164 3250 5219 hoc
3276 5175 3357 5218 est
3399 5163 3637 5230 laudant,
3682 5164 3956 5219 celebrant
3999 5180 4093 5220 ens

2497 5276 2723 5329 quorum
2756 5273 2963 5328 magna:
3002 5265 3122 5311 sunt
3153 5271 3318 5326 opes,
3361 5255 3529 5325 gloria
3573 5263 3627 5310 et
3676 5257 3933 5325 potentia.
3987 5255 4090 5311 Sed

2495 5350 2612 5405 haec
2640 5347 2943 5404 benedictio
2968 5356 3051 5401 est
3078 5355 3445 5415 temporauea,
3504 5345 3613 5399 imo
3659 5343 3872 5413 quando
3917 5343 4089 5411 adest,

2498 5442 2625 5497 nihil
2648 5440 2868 5497 omnino
2896 5438 3051 5494 affert
3072 5439 3204 5494 lucri
3237 5455 3251 5491 :
3285 5437 3382 5492 Dei
3408 5445 3586 5492 autem
3610 5424 3978 5492 benevolentia
4009 5448 4089 5491 est

2498 5543 2776 5603 perpetua,
2808 5540 2862 5587 et
2889 5532 2943 5585 in
2962 5530 3120 5586 rebus
3140 5529 3391 5585 maximis
3419 5529 3621 5600 praebet
3642 5528 3949 5585 utilitatem.
3992 5527 4088 5595 Qui

2498 5627 2613 5695 fecit
2633 5624 2811 5679 cwlum
2838 5632 2883 5677 et
2905 5632 3108 5675 terram.

2559 5756 2631 5819 (α)
2668 5763 2716 5804 lu
2739 5755 2829 5804 hoc
2864 5754 3179 5805 Ecclesiastici
3223 5752 3335 5803 loco
3373 5750 3526 5804 multa
3558 5750 3848 5815 interposita
3872 5753 4091 5809 preterit

2498 5820 2875 5883 Chrysostomus.
