4154 6438
117 413 228 472 313

191 537 246 591 ε.
282 527 476 586 Vidisti
492 534 700 599 quanta
730 522 803 578 sit
826 521 909 576 vis
933 514 1365 576 benedictionis?
1389 510 1560 567 Verba
1586 507 1730 562 enim

119 628 236 694 eius
261 625 392 678 itmt
436 633 636 691 opera.
675 614 880 670 Caelum
911 608 1126 682 quidem
1155 601 1306 666 certe
1350 601 1569 658 verbum
1598 599 1732 694 Lejus

119 689 312 780 eiecit.
357 689 554 777 Valte,
590 707 790 780 inquit,
812 703 1027 761 Domini
1045 699 1156 757 ccli
1179 697 1368 769 ﬁrmati
1407 703 1523 750 sunt
1548 689 1730 763 (Psal.

119 812 213 866 Β.
236 809 315 882 6).
345 807 445 864 Illo
476 804 653 860 verbo
683 811 737 859 te
760 797 1063 861 benedicit,
1111 791 1254 865 quod
1287 797 1428 882 tanta
1458 794 1656 858 potest.

193 881 302 968 Qus
328 914 490 954 salsa
507 895 700 951 celum
727 893 794 948 sit
816 889 910 947 Dei
931 885 1297 943 habitaculum.
1336 881 1478 936 Deus
1496 893 1730 934 commu-

123 996 205 1048 ιὲι
235 991 612 1045 deum.
641 1014 717 1026 —
733 981 827 1038 24.
870 977 1068 1036 (Italum
1105 976 1219 1032 ccli
1261 973 1484 1030 Domino
1504 1011 1520 1036 ,
1547 979 1736 1024 terram

124 1092 282 1136 sua
318 1078 464 1136 dedit
504 1077 634 1147 [iliis
662 1073 949 1130 hominum.
987 1067 1128 1138 Quid
1164 1063 1548 1122 dicisieaelum
1573 1059 1738 1132 elegit

126 1175 227 1230 silli
263 1167 643 1227 habitaculum
663 1206 680 1232 ,
706 1173 764 1221 et
787 1158 1158 1232 superioribus
1199 1154 1434 1233 acceptis
1471 1151 1734 1224 partibus,

127 1264 274 1321 nobis
293 1276 420 1332 qum
449 1259 544 1314 hic
582 1265 716 1314 sunt
739 1251 1069 1325 assignavit?
1113 1249 1295 1313 Absit;
1321 1261 1427 1302 non
1450 1244 1526 1300 ita
1551 1242 1734 1308 habet,

126 1355 217 1411 sed
252 1361 336 1408 est
361 1350 553 1407 oratio
577 1362 706 1421 qua:
733 1360 794 1403 se
814 1343 1046 1401 demittit
1069 1340 1136 1396 ad
1161 1347 1378 1410 captum
1407 1335 1736 1392 auditorum.

125 1447 184 1501 Si
216 1445 356 1501 cuitu
400 1442 481 1496 ita
519 1439 771 1506 haberet,
812 1432 1082 1507 quomodo
1115 1439 1286 1486 staret
1326 1426 1492 1491 aliud,
1537 1423 1680 1497 quod
1705 1439 1738 1479 a

131 1538 242 1606 Deo,
279 1530 533 1590 dicitur?
579 1527 775 1585 Nouus
813 1527 994 1582 calum
1017 1532 1081 1579 et
1112 1532 1300 1582 terram
1344 1517 1578 1586 impleo?
1615 1515 1740 1570 dicit

131 1626 378 1682 Mutus
407 1619 669 1692 (Jer.23.
696 1615 813 1688 2t).
847 1613 981 1671 Illud
1032 1613 1175 1669 enim
1228 1619 1314 1666 est
1363 1608 1490 1663 huic
1526 1615 1741 1662 contra-

131 1717 282 1779 riam,
334 1714 385 1770 si
415 1711 477 1768 id
507 1707 882 1780 acceperimus
911 1711 1066 1774 prout
1095 1702 1402 1765 verborum,
1446 1712 1567 1769 qua:
1587 1711 1648 1752 se
1671 1693 1740 1749 ad

131 1821 341 1862 malum
380 1803 573 1867 odert,
623 1805 782 1856 sonat
825 1795 1207 1867 pronuntiatio,
1239 1801 1296 1848 et
1346 1806 1454 1846 non
1493 1786 1744 1846 conside-

132 1897 428 1953 laverimus
482 1901 728 1950 mentem
753 1903 872 1960 qua:
914 1897 996 1943 est
1042 1887 1096 1942 in
1140 1885 1221 1941 eis
1263 1881 1561 1939 recondita.
1601 1877 1741 1947 Quid

132 2001 213 2046 est
234 2005 368 2061 ergo
389 1985 546 2058 quod
576 1982 709 2040 dicit
737 1999 751 2036 :
784 1979 978 2038 Caelum
1012 1977 1130 2035 cali
1155 1976 1618 2041 Domino,=terram
1649 1989 1744 2026 au-

132 2096 228 2138 tem
265 2080 413 2136 dedit
458 2075 920 2148 ﬁliisltominum!
956 2072 1097 2129 Usus
1138 2079 1224 2127 est
1247 2071 1492 2125 oratione
1520 2083 1638 2138 quae
1682 2080 1744 2122 se

131 2173 362 2230 demittit
401 2169 476 2225 ad
507 2175 726 2240 captum
750 2165 1054 2222 auditorum
1075 2203 1092 2230 ,
1124 2177 1232 2218 non
1278 2161 1444 2216 Deum
1481 2158 1615 2214 cwlo
1656 2158 1744 2213 in-

130 2267 373 2324 cidens.
426 2262 624 2334 Neque
675 2259 821 2316 enim
856 2256 1010 2326 illud,
1041 2254 1236 2312 Ctrlum
1256 2263 1328 2310 est
1356 2255 1570 2308 thronus
1608 2251 1740 2322 ejus,

134 2371 182 2415 α
219 2368 356 2414 terra
393 2354 683 2412 scabellum
721 2351 911 2423 pedum
955 2351 1064 2419 eius
1108 2346 1260 2421 (Isai.
1294 2345 1384 2402 66.
1414 2344 1512 2417 l):
1552 2358 1744 2416 quem-

135 2450 424 2507 admodum
472 2462 578 2502 nec
605 2445 758 2512 illud,
805 2442 997 2499 Galam
1043 2449 1091 2496 et
1126 2450 1314 2495 terram
1359 2438 1547 2510 impleo
1573 2477 1588 2503 ,
1645 2449 1746 2508 pro

135 2539 246 2612 eius
269 2540 545 2613 dignitate
589 2536 790 2592 dictum
822 2543 942 2591 est:
983 2533 1079 2590 sed
1106 2533 1281 2604 ipsum
1305 2545 1519 2602 quoque
1546 2539 1630 2584 est
1649 2528 1746 2583 de-

137 2637 322 2692 missio
349 2633 419 2690 ad
446 2642 668 2702 captum
723 2627 1004 2685 auditoris.
1035 2626 1154 2698 Ipse
1195 2625 1342 2682 enim
1370 2624 1549 2679 omnia
1569 2621 1748 2679 conti-

137 2739 245 2793 net,
286 2726 479 2782 omnia
525 2723 666 2788 fert,
697 2736 806 2777 non
848 2733 1014 2790 egens
1057 2718 1178 2774 loco
1202 2759 1219 2784 ,
1262 2717 1358 2772 sed
1397 2717 1515 2786 ipse
1565 2715 1747 2771 omnia

136 2820 292 2877 simul
339 2825 544 2891 regem
573 2825 630 2871 et
668 2813 956 2870 moderans
987 2829 1000 2866 :
1026 2812 1123 2869 sed
1165 2811 1362 2867 dicitur
1402 2811 1592 2867 caelum
1631 2811 1750 2883 ejus

137 2916 351 2980 domus,
381 2911 530 2985 quod
561 2911 634 2966 sit
662 2910 811 2965 locus
842 2923 1006 2978 purus
1033 2922 1063 2962 a
1104 2907 1256 2964 vitio.
1281 2905 1750 2975 Quemadmodum

137 3021 267 3080 ergo
316 3007 408 3062 hic
458 3019 571 3060 non
613 3011 696 3058 est
722 3000 915 3058 escium
947 2999 1097 3055 locus
1144 2999 1214 3054 ab
1255 3014 1322 3055 eo
1361 2998 1640 3054 delectus:
1675 2999 1748 3056 ita

141 3115 237 3156 nec
285 3097 513 3170 quando
537 3096 668 3151 dicit
695 3112 709 3148 :
741 3093 935 3151 Statuit
955 3093 1196 3148 terminos
1222 3093 1448 3164 gentium
1470 3093 1750 3170 secundum

442 3190 747 3261 angelorum
788 3185 884 3240 Dei
908 3184 1087 3255 (Deut.
1133 3182 1225 3242 ⁵52.
1257 3184 1352 3254 8),
1405 3169 1524 3254 vel,
1582 3183 1750 3256 Elegit

139 3285 348 3338 deum.
369 3280 537 3334 Iacob
568 3278 740 3352 (Pscl.
773 3277 898 3333 154.
926 3275 1004 3347 4).
1035 3275 1221 3348 Neque
1244 3276 1389 3332 enim
1416 3275 1504 3333 hic
1531 3281 1636 3333 hoc
1663 3278 1752 3333 di-

141 3376 231 3440 cit,
277 3372 507 3430 ludmos
554 3369 794 3441 quidem
819 3383 941 3424 esse
984 3368 1124 3439 ejus,
1153 3377 1380 3424 caeteros
1419 3379 1598 3425 autem
1645 3369 1750 3426 hu-

142 3471 314 3524 mines
337 3481 450 3522 non
487 3465 697 3528 itidem,
727 3461 824 3519 sed
851 3477 973 3518 esse
999 3462 1120 3532 ejus
1145 3461 1482 3532 providentia
1512 3473 1567 3519 et
1595 3463 1752 3533 opili-

140 3564 222 3616 cio
266 3560 507 3616 nudatos
551 3567 608 3612 et
648 3557 906 3627 privatos.
951 3555 1050 3611 Est
1090 3556 1236 3612 enim
1278 3558 1580 3613 communis
1626 3560 1753 3613 uni-

143 3666 430 3710 versorum
451 3650 600 3706 Deus
624 3666 639 3704 :
673 3647 775 3703 hac
803 3654 984 3703 autem
1018 3648 1262 3707 oratione
1289 3664 1418 3704 usus
1447 3658 1531 3705 est
1562 3659 1748 3706 osten-

139 3745 274 3802 dens
318 3758 487 3801 suum
517 3743 572 3798 iu
603 3757 699 3798 eos
725 3755 989 3806 amorem,
1017 3741 1450 3813 quandoquidem
1490 3743 1750 3800 videban-

143 3847 227 3893 tur
251 3833 769 3904 quomodocumque
807 3833 926 3888 aliis
963 3846 1086 3889 esse
1113 3834 1387 3890 meliores.
1425 3835 1579 3905 Quod
1603 3838 1748 3892 enim

143 3949 245 3987 nun
292 3943 397 3986 eos
439 3927 591 3983 solos
619 3926 882 3998 elegerit,
913 3925 1008 3981 sed
1056 3925 1298 3982 omnium
1337 3941 1524 3983 curam
1572 3939 1746 4000 gerat,

140 4022 442 4080 ostendunt
459 4029 516 4076 et
538 4035 657 4090 qua:
683 4030 812 4076 ante
837 4018 1038 4074 Mosem
1062 4017 1198 4074 facta
1225 4029 1353 4076 sunt
1386 4039 1399 4075 :
1431 4035 1541 4076 non
1570 4024 1750 4078 minus

140 4126 319 4170 autern
353 4111 648 4167 ostendunt
673 4119 730 4165 et
752 4125 870 4180 qua:
896 4108 1012 4180 ejus
1033 4117 1276 4181 tempore
1303 4111 1521 4180 ﬁebant,
1549 4121 1605 4168 et
1629 4129 1750 4183 qua:

140 4217 259 4278 post
279 4220 410 4262 eum
435 4205 573 4259 ﬁunt
602 4204 654 4258 in
676 4203 917 4274 singulis.
941 4202 1123 4260 Solem
1140 4204 1308 4270 enim,
1333 4213 1552 4274 terram,
1578 4223 1746 4272 mare,

139 4299 239 4354 alia
267 4296 462 4354 omnia
491 4294 638 4351 dedit
665 4295 915 4350 omnibus
937 4295 1318 4362 communiter,
1348 4295 1628 4368 legemque
1650 4315 1748 4354 na-

141 4403 271 4447 tura
299 4388 561 4445 omnibus
586 4387 830 4442 inseruit.
861 4385 1246 4452 Abrahamum,
1269 4396 1392 4444 cum
1413 4398 1558 4444 esset
1586 4389 1749 4446 Persa

139 4483 235 4552 (ιλ
254 4488 319 4537 et
347 4479 572 4543 amavit,
599 4486 653 4532 et
674 4492 706 4531 a
731 4491 830 4533 sua
853 4478 1072 4549 regione
1101 4477 1337 4536 traduxit
1364 4479 1518 4556 (lien.
1548 4482 1634 4536 12.
1671 4484 1744 4554 l):

139 4589 260 4628 nm
294 4578 358 4628 et
385 4567 690 4640 Egyptius,
723 4577 779 4624 et
806 4583 902 4624 eos
929 4571 1019 4640 qui
1043 4561 1354 4628 habitabant
1385 4563 1435 4628 in
1468 4573 1746 4641 Chanaan,

137 4677 189 4720 et
219 4666 424 4722 Persas
450 4676 550 4732 per
592 4660 766 4730 ipsum
795 4661 1066 4727 correxit;
1099 4669 1156 4716 et
1184 4678 1374 4718 rursus
1401 4681 1497 4734 per
1538 4667 1654 4737 ejus
1683 4667 1749 4722 ti-

139 4756 266 4810 lium
323 4761 386 4808 et
415 4761 667 4820 nepotem
695 4749 893 4806 multos
937 4765 1002 4810 ex
1049 4752 1242 4809 vicinis
1287 4755 1540 4812 meliores
1567 4758 1749 4814 reddi-

136 4853 233 4917 dit,
267 4845 419 4919 quod
447 4844 664 4918 quidem
705 4843 772 4902 ad
799 4860 922 4930 eum
963 4846 1196 4903 attinuit.
1224 4847 1327 4905 Ubi
1353 4859 1532 4906 autem
1569 4851 1748 4912 Moses

138 4954 362 5015 φιοςοε
382 4946 542 4993 natus
580 4945 686 5005 est,
716 4945 838 5007 post
879 4936 997 4994 bare
1037 4954 1136 5011 per
1162 4955 1226 4995 ea
1272 4957 1393 5013 qua:
1414 4942 1616 5001 Iudaeis
1651 4944 1750 5002 lie-

139 5038 286 5101 tuat,
319 5029 558 5088 ducebat
594 5029 875 5100 Egyptios
906 5029 974 5086 ad
1022 5031 1120 5088 Dei
1154 5035 1538 5105 cognitionem,
1558 5046 1621 5093 et
1651 5053 1747 5096 eos

136 5127 222 5197 qui
251 5130 420 5180 eram
459 5120 514 5176 in
541 5119 860 5191 Palaestina,
903 5131 958 5179 et
1005 5136 1126 5194 post
1168 5125 1286 5182 bace
1313 5143 1501 5185 rursus
1530 5145 1634 5189 eos.
1654 5133 1746 5202 qui

137 5235 293 5282 erant
327 5225 386 5280 in
416 5223 718 5298 Babylone.
765 5222 842 5280 Ita
867 5224 1028 5281 etiam
1077 5227 1294 5298 quando
1336 5229 1501 5297 dicit,
1551 5230 1745 5287 (Italum

135 5317 242 5372 ccli
273 5315 527 5383 Domino,
553 5315 819 5387 signiﬁcat
843 5331 904 5372 se
926 5327 1208 5388 propterea
1229 5319 1279 5374 in
1303 5320 1409 5376 illis
1435 5324 1743 5393 requiesce-

137 5423 212 5475 re,
239 5408 380 5481 quia
395 5416 523 5463 sunt
545 5409 617 5463 ab
645 5407 792 5462 omni
825 5408 953 5464 vitio
973 5409 1148 5464 libert.
1175 5413 1481 5477 Quinetiam
1527 5422 1581 5468 tu
1603 5431 1742 5486 quo-

136 5513 238 5567 que
286 5498 340 5553 si
374 5511 480 5553 una
509 5505 673 5554 terra:
715 5497 909 5554 afﬁxus
952 5500 1116 5555 lueris
1140 5501 1160 5534 ³
1181 5541 1198 5568 ,
1226 5502 1321 5557 sed
1369 5504 1592 5574 angelus
1626 5505 1744 5561 et‘ll-

193 5611 1252 5724 Lrnfg.metci¢:t,tuquoqué,sinon
1289 5615 1742 5672 homoremauseris

132 5681 841 5805 ῗὲῒιῗῗεὲθέῗέιξιιῖέῗὼιετο
856 5736 1504 5805 armentum
1518 5749 1571 5792 ει
1593 5744 1741 5805 ⁸²¹³³ἐ

135 5796 288 5848 Int-
306 5796 729 5909 ἱηιξίἒῇξέἰωηίιη
775 5796 966 5852 ποθεῖθ’
993 5807 1180 5852 Persas.
1215 5803 1458 5856 Abraham
1480 5813 1652 5856 autem
1674 5796 1739 5858 ex

1239 386 1603 450 EXPOSITlO
1644 382 1708 439 IN
1749 375 2074 437 PSALMUM
2111 372 2300 432 CXIII.

3341 361 3445 422 3H

1846 503 2026 562 ciaris.
2045 499 2356 557 celeriterin
2373 507 2562 554 osclum
2580 506 2631 551 et
2648 494 2869 550 domum
2884 502 3160 563 paternam
3181 501 3449 544 consessu-

1841 594 1938 650 des
1961 611 1975 646 :
1999 608 2064 659 ac
2075 592 2159 647 vel
2170 599 2296 646 ante
2311 587 2764 645 resurrectionem
2779 603 2845 641 ex
2874 585 2975 640 hoc
2987 584 3096 654 jam
3118 582 3238 637 loco
3252 580 3452 650 migra-

1842 687 1934 752 sti,
1950 699 2116 754 esque
2127 683 2447 740 auctoritate
2459 689 2515 736 et
2529 679 2560 736 d
2569 678 2790 751 ignitatc
2807 676 2972 748 prmdi
2981 671 3455 742 tus.Quemadmu-

1839 779 1970 834 dum
1997 777 2142 833 enim
2170 775 2326 830 multi
2349 787 2546 829 eorum
2576 772 2666 842 qui
2693 777 2816 825 sunt
2850 768 2901 822 in
2947 777 3232 823 numerum
3271 759 3453 830 magni

1841 879 2062 928 sonatus
2081 869 2256 934 relati,
2282 866 2384 924 etsi
2417 865 2527 920 ruri
2555 863 2818 928 habitent,
2842 859 3042 916 habent
3071 866 3251 913 tamen
3274 853 3454 925 digni-

1844 972 2008 1018 tatem
2037 978 2052 1016 :
2077 961 2148 1016 ita
2190 961 2235 1015 si
2281 967 2342 1016 tu
2369 967 2583 1029 quoque
2613 953 2850 1010 volucris
2878 964 3000 1006 esse
3032 947 3166 1005 civis
3193 945 3452 1005 ea-lestis,

1843 1053 2052 1125 etiamsi
2082 1051 2170 1130 hic
2218 1049 2460 1113 habites,
2514 1046 2601 1100 illa
2647 1043 2911 1116 dignitate
2962 1039 3161 1095 fruere.
3195 1036 3287 1093 25.
3333 1032 3456 1088 Non

1843 1145 2033 1202 mortui
2055 1127 2337 1200 laudabunt
2358 1151 2425 1207 te,
2456 1138 2700 1204 Domine,
2727 1151 2887 1208 neque
2905 1149 3078 1190 omnes
3120 1131 3208 1201 qui
3248 1127 3458 1184 descen-

1845 1241 1973 1296 dunt
2000 1240 2054 1308 iu
2078 1238 2362 1310 infernum.

1918 1331 2066 1386 Mors
2083 1330 2214 1404 justi
2241 1344 2469 1384 somnus.
2505 1357 2577 1368 -—
2604 1323 2703 1381 26.
2734 1322 2843 1380 Sed
2871 1337 2962 1375 nos
2988 1320 3076 1391 qui
3113 1316 3348 1380 vivimus,
3377 1311 3458 1366 be-

1844 1409 2134 1478 nedicemus
2165 1419 2385 1474 Domino
2410 1434 2474 1473 ea:
2505 1417 2601 1472 hoc
2631 1431 2767 1470 nunc
2810 1423 2858 1468 et
2881 1426 3040 1479 usque
3080 1409 3135 1463 in
3182 1404 3448 1463 saeculum.

1846 1514 2089 1571 Mortuos
2113 1510 2244 1567 dicit
2273 1525 2379 1566 non
2406 1523 2525 1575 eos,
2579 1507 2672 1578 qui
2699 1505 2806 1560 vita
2839 1502 3003 1558 functi
3031 1507 3160 1556 sunt
3181 1540 3197 1563 ,
3221 1484 3456 1560 sedens,

1845 1607 1936 1678 qui
1969 1604 2164 1660 mortui
2203 1611 2329 1657 sunt
2356 1601 2411 1656 in
2440 1596 2826 1668 impietatibus,
2855 1593 2938 1649 vel
2965 1608 3081 1674 eos,
3129 1589 3218 1661 qui
3248 1588 3300 1642 in
3330 1599 3459 1656 pec-

1847 1697 1984 1753 catis
2011 1696 2124 1752 suis
2152 1701 2520 1750 marcueruut.
2548 1691 2717 1746 Erant
2745 1689 2890 1744 enim
2933 1683 3131 1740 mortui
3161 1678 3458 1743 Abraham,

1847 1789 1997 1847 Isaac
2016 1797 2070 1842 et
2088 1785 2290 1842 .Iacob:
2317 1785 2386 1840 ita
2411 1794 2590 1839 tamen
2622 1780 2894 1842 vivebant,
2925 1785 2981 1832 ut
3009 1775 3223 1831 illorum
3254 1784 3461 1826 memo-

1847 1881 1984 1936 riam
2015 1878 2112 1944 illi,
2143 1877 2234 1948 qui
2289 1877 2398 1931 vivi
2443 1881 2620 1940 erant,
2673 1877 3012 1942 peragerent.
3063 1865 3240 1922 Moses
3279 1863 3464 1933 itaque

1848 1986 2009 2028 orans
2038 1985 2137 2041 pro
2166 1968 2367 2040 populo
2394 1981 2556 2038 quem
2583 1963 2829 2035 regebat,
2875 1975 2971 2031 per
2997 1973 3094 2014 eos
3131 1956 3299 2013 Deum
3348 1953 3463 2033 pla-7

1847 2071 1956 2131 eat,
1979 2077 2102 2118 cum
2126 2075 2223 2116 eos
2251 2057 2591 2115 adhibuisset
2618 2055 2672 2110 in
2701 2053 2951 2125 precibus
2981 2048 3177 2125 (Exod.
3209 2046 3298 2104 32.
3346 2044 3460 2116 15).

1850 2154 1988 2211 Tres
2010 2167 2226 2225 quoque
2240 2150 2394 2222 pueri
2421 2156 2614 2220 rogant
2642 2156 2699 2202 ut
2714 2152 2935 2218 prepter
2959 2156 3056 2199 eos
3081 2148 3385 2203 serventur,
3410 2144 3466 2192 ct
3492 2168 3496 2172 η

1851 2245 1975 2302 ideo
1999 2244 2222 2301 dicunt:
2259 2240 2341 2298 Ne
2382 2233 2589 2312 auferas
2629 2234 3040 2293 misericordiam
3065 2242 3255 2312 tuatua
3297 2229 3460 2293 nobis,

1851 2346 2060 2410 prapter
2080 2323 2338 2390 Abraham
2358 2310 2600 2387 dilectum
2621 2340 2784 2395 tuum,
2805 2339 2852 2383 rt
2868 2310 3247 2399 prapter'lsaac
3267 2339 3464 2378 servum

1853 2441 2020 2498 tuum,
2046 2438 2092 2484 et
2122 2426 2293 2482 Israel
2310 2435 2542 2480 sanctum
2573 2435 2717 2478 tuum
2747 2420 2908 2492 (Dan.
2952 2420 3008 2476 5.
3030 2419 3149 2490 55).
3181 2416 3238 2471 Si
3281 2424 3463 2470 autem

1855 2530 2004 2578 tanta
2031 2529 2150 2577 erat
2188 2535 2378 2576 eorum
2425 2517 2690 2590 potentia,
2729 2513 3001 2588 quomodo
3038 2522 3193 2569 erant
3219 2511 3415 2568 mortui
3441 2511 3467 2564 τ

1853 2614 1924 2671 Et
1951 2627 2142 2670 rursus
2189 2612 2482 2668 Christus:
2530 2607 2659 2665 Sine
2709 2618 2937 2662 mortuos
2979 2605 3194 2677 sepelire
3239 2612 3480 2686 mortuos

1853 2704 2208 2776 suosUlattIt.
2236 2706 2291 2760 8.
2314 2700 2430 2775 22).
2457 2701 2523 2758 Et
2550 2699 2675 2756 ideo
2707 2699 2907 2755 Paulus
2931 2713 3028 2754 eos
3049 2696 3140 2768 qui
3161 2705 3288 2751 sunt
3315 2710 3464 2750 mor-

1853 2799 1955 2868 tui,
1981 2814 2088 2855 non
2117 2809 2277 2853 vocat
2304 2804 2570 2862 mortuos,
2603 2794 2698 2851 sed
2723 2807 2821 2850 eos
2845 2793 2936 2864 qui
2957 2791 3315 2854 dormierunt,
3335 2794 3468 2849 scri—

1853 2891 1990 2947 bens
2030 2908 2043 2944 :
2078 2888 2220 2945 Nolo
2265 2899 2562 2956 autem’uos
2603 2888 2874 2959 ignorare,
2905 2887 3124 2957 fratres,
3169 2884 3232 2939 de
3277 2883 3340 2939 iis
3382 2883 3469 2953 qui

1855 2982 2172 3038 dormierunt
2197 2982 2276 3053 (l.
2307 2981 2484 3036 Thess.
2507 2981 2565 3036 4.
2600 2977 2716 3053 12).
2748 2979 2935 3036 Justus
2960 2979 3102 3034 enim
3131 2977 3230 3033 etsi
3252 2976 3467 3043 obici-it,

1855 3088 1964 3130 non
2016 3082 2261 3128 mortuus
2285 3081 2390 3140 est,
2418 3070 2515 3128 sed
2544 3069 2767 3126 dormit.
2818 3070 3030 3125 Dormit
3059 3069 3227 3136 enim,
3278 3069 3370 3140 qui
3402 3068 3467 3124 ad

1855 3166 2138 3222 meliorem
2189 3163 2356 3220 vitam
2385 3172 2472 3221 est
2503 3161 2971 3219 transmittendus.
3024 3161 3124 3228 Qui
3169 3171 3351 3218 autem
3399 3161 3468 3217 ad

1845 3260 2216 3316 immortalem
2267 3266 2500 3314 mortem
2544 3266 2629 3313 est
2669 3254 3046 3319 abducendus,
3103 3255 3266 3309 etiam
3316 3255 3468 3309 vivus

1856 3352 2020 3408 vitam
2043 3351 2234 3418 linivit,
2259 3359 2315 3407 et
2337 3358 2422 3407 est
2446 3357 2711 3405 mortuus.
2744 3347 2824 3403 Illi
2847 3345 3187 3403 descendunt
3211 3346 3278 3401 ad
3330 3347 3466 3403 inle-

1857 3463 1950 3504 ros
1982 3464 1996 3502 :
2029 3446 2084 3502 hi
2110 3447 2163 3502 in
2210 3445 2400 3502 cadum
2446 3443 2762 3508 ascendent,
2811 3451 2865 3497 et
2894 3450 3053 3498 erunt
3077 3432 3203 3498 cuni
3230 3439 3466 3498 Christo.

1856 3541 1928 3597 Et
1951 3540 2075 3597 ideo
2103 3540 2364 3611 propheta
2392 3555 2500 3594 non
2527 3536 2666 3594 dixit
2686 3537 2956 3601 absolute,
2993 3536 3094 3605 Qui
3121 3538 3326 3601 vivunt,
3374 3535 3470 3592 sed

1857 3633 2081 3704 adjecit,
2111 3631 2246 3697 Nos,
2272 3631 2375 3687 hoc
2399 3630 2470 3687 de
2495 3645 2555 3686 se
2579 3630 2787 3685 dicens.
2831 3628 2901 3684 Et
2945 3643 3113 3699 quare
3158 3644 3264 3683 non
3311 3628 3467 3694 dixit,

1855 3727 1957 3795 Qui
1981 3727 2187 3790 vivunt,
2211 3724 2306 3781 sed
2335 3723 2553 3795 adjecit,
2587 3722 2734 3778 Nos?
2752 3721 3016 3791 Quoniam
3038 3720 3236 3776 Paulus
3257 3736 3471 3793 quoque

1856 3822 1934 3877 sic
1954 3819 2124 3876 dixit:
2157 3817 2271 3872 Nos
2295 3819 2380 3888 qui
2405 3818 2637 3882 vivimus,
2669 3817 2756 3886 qui
2773 3814 2962 3882 reliqui
2988 3830 3188 3879 sumus,
3212 3831 3314 3870 non
3337 3830 3469 3885 prte-

1855 3913 2111 3967 veniemus
2131 3911 2185 3965 in
2204 3909 2475 3964 aduentum
2499 3908 2708 3963 Domini
2745 3908 2827 3980 (I.
2854 3908 3035 3964 Thess.
3057 3908 3234 3980 4J6).
3264 3908 3469 3975 Quem-

1855 4001 2146 4060 admodum
2195 4002 2304 4058 illic
2352 4000 2486 4056 illud
2513 4044 2527 4066 ,
2559 3999 2691 4066 Nos,
2721 4001 2865 4072 quod
2893 4000 3164 4072 adjectum
3207 4009 3314 4067 est,
3360 4015 3471 4057 non

1855 4097 1985 4153 sinit
2011 4096 2060 4151 id
2083 4094 2228 4166 quod
2260 4093 2464 4150 dictum
2485 4102 2570 4150 est
2591 4093 2699 4150 dici
2725 4093 2792 4149 de
2818 4093 3090 4156 omnibus.
3119 4093 3216 4150 Sed
3240 4093 3308 4149 de
3334 4094 3470 4150 tide-

1857 4188 2018 4253 Iibus,
2049 4198 2103 4244 et
2130 4188 2194 4242 iis
2225 4187 2316 4258 qui
2346 4195 2473 4242 sunt
2499 4187 2624 4241 vita:
2645 4186 2906 4242 institutis
2923 4185 3157 4255 similes,
3185 4186 3258 4241 ita
3305 4187 3468 4240 etiam

1857 4277 1948 4335 hic
1971 4277 2124 4345 illud,
2153 4277 2264 4332 Nos
2289 4278 2376 4350 qui
2403 4278 2634 4344 vivimus,
2659 4275 2792 4332 dicit
2816 4291 2933 4343 eos,
2952 4277 3042 4347 qui
3061 4275 3284 4347 perinde
3310 4285 3471 4348 atque

1856 4371 2025 4427 David
2051 4371 2102 4426 in
2125 4371 2321 4425 virtute
2348 4370 2511 4425 vitam
2538 4381 2724 4442 agunt.
2770 4371 2855 4427 Ea:
2879 4372 2973 4426 hoc
2999 4382 3208 4426 uuuc‘et
3231 4389 3391 4442 usque
3416 4373 3471 4428 iu

1856 4466 2125 4522 stroulum.
2169 4463 2334 4520 Vides
2357 4465 2520 4519 etiam
2551 4464 2655 4521 hoc
2685 4464 2829 4535 quod
2856 4465 3155 4536 subjunxit,
3181 4465 3234 4520 id
3261 4461 3470 4538 signiﬁ-

1856 4557 2020 4614 care?
2069 4556 2385 4625 Quidnam?
2433 4555 2486 4610 Id
2513 4554 2618 4610 dici
2640 4555 2710 4611 de
2759 4557 2825 4611 iis
2849 4557 2941 4626 qui
2984 4558 3151 4613 vitam
3183 4555 3236 4611 iu
3269 4561 3468 4615 virtute

1856 4650 2179 4722 transigunt.
2208 4649 2379 4706 Nemo
2406 4649 2550 4705 enim
2581 4648 2669 4705 hic
2714 4650 2842 4706 vivit
2889 4650 2942 4705 in
2971 4651 3251 4716 sarculum,
3284 4650 3382 4708 sed
3432 4651 3470 4706 ii
3578 4717 3588 4722 ι

1855 4744 1956 4798 soli
1978 4744 2072 4814 qui
2097 4751 2355 4813 perpetuo
2380 4742 2542 4797 vitam
2565 4751 2733 4812 agunt
2756 4757 2877 4797 cum
2899 4743 3092 4814 gloria.
3119 4742 3251 4800 Nam
3282 4759 3471 4814 pecea-

1857 4843 2005 4889 tores
2025 4848 2240 4904 quoque
2262 4833 2484 4900 vivunt;
2515 4833 2611 4889 sed
2639 4833 2695 4888 in
2723 4848 2903 4905 plena,
2939 4834 3228 4904 supplicio,
3256 4846 3311 4892 et
3338 4838 3468 4892 stri-

1854 4927 1990 4983 dore
2014 4926 2257 4982 dentium
2289 4944 2302 4981 :
2334 4925 2387 4980 hi
2430 4934 2612 4983 autem
2666 4928 2722 4982 in
2768 4927 3016 4983 claritate
3050 4938 3108 4984 et
3149 4929 3465 5000 splendore,

1855 5028 2048 5089 utpote
2075 5034 2302 5090 quorum
2343 5019 2414 5074 sit
2461 5034 2657 5075 munus
2704 5036 2810 5075 una
2835 5036 2957 5075 cum
2998 5022 3332 5093 iucorporcis
3376 5043 3467 5097 pe-

1855 5112 2139 5167 tcstatibus
2164 5110 2363 5166 offerre
2392 5111 2504 5166 Deo
2531 5109 2762 5182 hymnos
2808 5114 3087 5184 mysticus.
3115 5114 3183 5170 Ut
3208 5131 3340 5187 ergo
3368 5134 3470 5173 nos

1852 5218 2067 5275 quoque
2091 5202 2332 5259 fruamur
2355 5203 2459 5259 hoc
2497 5203 2692 5274 gaudio
2718 5204 2759 5271 ί,
2808 5203 2947 5261 hanc
2991 5205 3154 5260 vitam
3185 5221 3467 5280 persequa-

1855 5306 1996 5362 mur,
2023 5303 2083 5350 ttt
2103 5293 2171 5350 ad
2199 5294 2346 5350 illam
2372 5310 2590 5367 quoque
2612 5295 2736 5352 vita:
2765 5296 3134 5352 conditionem
3157 5300 3464 5362 veniamus,

1854 5399 2016 5457 quam
2043 5401 2144 5440 uec
2169 5399 2351 5442 sermo
2371 5385 2669 5456 explicare,
2693 5401 2866 5456 neque
2893 5403 3049 5443 mens
3073 5389 3329 5460 rogitare,
3365 5409 3466 5447 nec

1925 5491 2241 5570 {giarium
2269 5493 2395 5570 festo
2423 5499 2529 5557 (τῆς
2550 5497 2739 5563 ἑορτῆς)
2756 5513 2782 5570 ε
2804 5513 2918 5562 quas
2948 5501 3103 5570 lectio
3129 5517 3227 5570 non
3275 5504 3467 5570 impru-

2053 5552 2277 5630 ividetur:
2313 5552 3072 5630 _lllam_'qugue_'_iu:margine
3122 5552 3466 5630 atl'erthéavil.

1860 5613 2158 5682 Haasicerte
2187 5613 2539 5679 indeligeudof
2567 5613 2686 5671 Nam
2713 5621 2854 5679 illud,
2885 5623 2939 5674 hi
2955 5613 3131 5677 ‘izutem
3158 5613 3470 5682 summa};

1859 5677 2432 5764 ξίξρίεῖίίίῗῖξέιξείρρξ.
2456 5682 2752 5764 ‘7‘5‘1’I'11't3it
2780 5677 2956 5737 munus
2987 5701 3082 5758 una
3104 5677 3214 5739 cum
3239 5677 3467 5764 illisi-pi}:

1862 5741 1962 5815 reis
1985 5743 2240 5815 potestatil
2255 5741 2315 5790 us
2338 5741 2518 5815 offerre
2539 5747 2642 5795 Ι)εο
2674 5744 2882 5815 hymnos
2902 5749 3149 5815 mystiros,
3173 5741 3294 5814 quid
3325 5741 3465 5806 aliud

1860 5801 1956 5852 sibi
1978 5801 2282 5876 suntquam
2321 5801 2519 5855 sanctos
2559 5821 2672 5858 cum
2708 5801 2912 5876 angelis
2955 5801 3227 5876 perpetu;
3252 5801 3466 5876 Ityn-ntro;

1861 5865 2100 5924 mysziros
2128 5867 2233 5919 Deo
2269 5880 2470 5931 enuere.
2507 5878 2659 5934 ἱιιιιιιίε
2688 5865 2815 5923 adeo
2847 5865 3031 5925 festum
3055 5865 3257 5941 agerc?
