4218 6426
733 352 830 414 διδ

721 465 1011 538 quidquam
1039 466 1180 521 aliud
1210 476 1385 537 potest
1412 468 1669 536 indicare,
1718 470 1815 526 sed
1844 472 1956 541 ipsa
1999 474 2113 528 sola
2155 489 2311 543 expe-

721 558 912 615 rientia
939 554 1174 612 ostendit
1199 559 1316 628 cjns
1341 560 1724 615 beatitudinem
1752 579 1765 615 :
1790 578 1949 633 quam
1972 562 2131 619 detur
2160 566 2315 621 nobis

721 647 972 702 omnibus
1016 649 1228 718 assequi
1253 650 1519 717 gratiaaet
1560 651 1844 707 clementia
1892 653 2103 708 Domini
2144 658 2311 710 nostri

722 738 852 796 Iesu
879 740 1099 808 Clu-isti,
1139 743 1222 797 cui
1274 743 1443 813 gloria
1472 754 1527 800 ct
1550 748 1808 816 potentia,
1840 764 1982 805 nunc
2002 759 2057 805 et
2077 765 2312 820 semper,

719 844 776 889 et
800 835 852 890 in
878 835 1069 890 saecula
1094 836 1433 891 saeculorum.
1462 840 1653 894 Amen.

1182 946 1248 1004 IN
1286 948 1610 1004 PSALMUM
1648 950 1832 1006 CXIV.

890 1060 942 1114 1.
969 1059 1160 1129 Dilexi,
1189 1062 1427 1132 quoniam
1456 1064 1686 1118 exaudiet
1707 1064 1957 1121 Dominus
1983 1082 2150 1123 vocem

1319 1156 1564 1209 orationis
1592 1142 1737 1211 meai.

793 1262 845 1316 1.
868 1261 995 1328 Qua:
1014 1266 1388 1322 ueresintnobis
1410 1268 1762 1324 conducibilia.
1777 1271 1919 1325 -—Et
1935 1273 2180 1343 quisnam
2206 1283 2308 1341 est,

716 1356 1039 1429 Inquies,qui
1055 1358 1184 1415 dum
1202 1361 1515 1435 exauditur,
1530 1377 1633 1423 non
1647 1362 2008 1434 diligitihlulti
2025 1368 2311 1423 saeculares

717 1448 980 1506 homines.
1012 1450 1208 1507 Nolunt
1240 1454 1383 1507 enim
1408 1453 1595 1510 audire
1619 1470 1684 1511 ea
1713 1471 1835 1527 qua:
1859 1456 1968 1513 illis
1990 1452 2303 1521 conferunt,

717 1542 814 1598 sed
851 1552 1040 1613 rogant
1060 1544 1276 1614 quidem
1305 1556 1364 1600 ut
1391 1561 1452 1608 ea
1480 1548 1749 1616 eveniant,
1776 1564 1897 1619 qua
1919 1565 2027 1605 non
2058 1561 2183 1607 sunt
2209 1553 2309 1607 sibi

713 1634 1068 1690 conducibilia
1090 1654 1104 1691 :
1121 1636 1316 1693 deinde
1329 1638 1416 1693 ubi
1432 1640 1732 1706 evenerint,
1749 1651 2016 1712 anguntur
2030 1654 2084 1699 et
2099 1646 2308 1700 tristitia

716 1726 1036 1781 afﬁciuntur.
1059 1728 1131 1781 Ea
1159 1730 1301 1783 enim
1329 1716 1453 1786 sunt
1478 1731 1854 1801 conducibilia,
1887 1752 2009 1805 qua:
2042 1738 2183 1794 Deus
2210 1741 2312 1796 scit

713 1817 868 1871 nobis
883 1818 1206 1900 conducere,
1221 1821 1335 1878 sive
1347 1822 1544 1878 dixeris
1563 1836 1947 1894 paupertatem,
1964 1831 2075 1885 sive
2094 1830 2303 1900 famem,

714 1910 827 1963 sive
852 1891 1116 1975 morbum,
1146 1913 1261 1968 sive
1287 1891 1821 1987 quodcumquealiud
1865 1891 2148 1990 ejusmodi.
2178 1891 2309 1994 Quae

714 2009 891 2055 autem
927 2000 1065 2057 Deus
1095 2012 1150 2057 nt
1175 2005 1528 2061 conducibilia
1560 2009 1866 2075 probaverit
1907 2024 1961 2067 et
1987 2014 2214 2081 dederit,
2245 2032 2307 2072 ea

712 2105 839 2148 sunt
886 2095 1056 2150 utilia.
1102 2098 1235 2152 Audi
1284 2100 1424 2153 enim
1476 2102 1602 2170 quid
1631 2101 1769 2157 dicat
1797 2104 1964 2161 Paulo
1996 2108 2054 2165 ‘z
2112 2108 2308 2179 Sufﬁcit

712 2185 802 2239 tibi
826 2188 991 2256 gratia
1016 2204 1126 2242 mea
1149 2204 1167 2242 :
1193 2191 1351 2245 uirtus
1371 2192 1503 2246 enim
1523 2210 1633 2248 mea
1663 2196 1714 2248 in
1740 2196 2033 2265 inﬁrmitate
2048 2201 2309 2270 perﬁcitur

711 2276 1221 2351 (2.Cor.l2.9).ﬂtec
1234 2283 1375 2337 enim
1392 2284 1440 2337 ei
1457 2284 1826 2357 conferebant,
1842 2294 2303 2362 persequutiones,

708 2366 1025 2425 afflictiones
1050 2412 1064 2437 ,
1094 2381 1147 2426 et
1174 2373 1452 2442 angustiae.
1498 2376 1599 2444 Qui
1640 2379 1802 2434 etiam
1844 2396 1966 2436 cum
2013 2384 2308 2441 audivisset

713 2475 777 2515 ea
800 2460 1073 2539 conferre,
1097 2465 1308 2520 dicebat
1332 2482 1345 2519 :
1381 2467 1702 2540 QuaprOpter
1722 2471 1896 2539 placeo
1920 2473 2046 2527 mihi
2070 2476 2122 2528 in
2153 2477 2304 2546 infir-

710 2534 986 2620 mitatibus,
1017 2554 1071 2608 in
1100 2556 1416 2611 contumeliis
1437 2599 1452 2625 ,
1472 2534 1535 2612 ‘in
1561 2534 2026 2632 perseauutionibus
2051 2534 2221 2636 (Ibid:
2251 2585 2301 2624 υ.

710 2640 825 2712 10).
853 2642 970 2698 Νοη
994 2653 1077 2700 est
1100 2661 1229 2718 ergo
1256 2650 1617 2717 quorumlibet
1643 2653 1897 2722 gaudere,
1921 2656 2136 2726 quando
2165 2658 2304 2716 Deus

710 2746 806 2788 eos
829 2734 1149 2804 exaudierit,
1176 2739 1419 2807 praebens
1444 2756 1565 2811 qua:
1589 2753 1715 2797 sunt
1738 2745 2121 2803 conducibilia.
2152 2751 2303 2807 Multi

707 2822 922 2893 quidem
952 2838 1100 2882 certe
1126 2828 1313 2884 volunt
1336 2844 1398 2884 ea
1418 2846 1537 2902 quae
1561 2842 1687 2888 sunt
1710 2836 1937 2902 inutilia,
1968 2849 2023 2893 et
2048 2841 2126 2894 eis
2152 2841 2302 2898 dele-

706 2924 957 2971 ctantur:
989 2920 1250 2990 propheta
1279 2931 1458 2979 autem
1490 2941 1595 2980 non
1624 2928 1722 2991 sic,
1771 2930 1867 2985 sed
1893 2932 2059 3001 quid?
2086 2933 2299 3003 Dilexit,

709 3008 963 3079 quoniam
1010 3011 1283 3067 exaudivit
1307 3029 1429 3068 eum
1462 3015 1627 3085 Deus,
1654 3018 1791 3075 dans
1809 3036 1929 3091 qua:
1966 3032 2093 3078 sunt
2128 3025 2300 3081 utilia.

706 3098 763 3152 2.
798 3099 931 3166 Quia
978 3101 1237 3157 inclinavit
1263 3120 1436 3159 aurem
1464 3122 1611 3161 suam
1639 3110 1783 3163 mihi.
1824 3110 2083 3169 Humanis
2116 3131 2302 3172 rursus

706 3188 887 3245 verbis
910 3190 1001 3245 Dei
1046 3199 1231 3247 nutum
1259 3195 1513 3251 ostendit.
1539 3195 1607 3251 Et
1644 3199 1788 3254 aliud
1822 3218 2035 3274 quoque
2060 3219 2158 3276 per
2199 3206 2303 3264 hoc

707 3279 867 3334 etiam
891 3282 1116 3338 verbum
1161 3284 1389 3341 obscure
1421 3288 1712 3358 signiﬁcat,
1765 3291 1950 3350 dicens
1980 3314 1994 3350 :
2021 3296 2139 3353 Non
2181 3313 2301 3355 sum

698 3369 900 3440 ‘dignus
924 3371 1016 3441 qui
1054 3374 1334 3442 exaudiar,
1368 3376 1481 3446 ipse
1530 3388 1707 3435 tamen
1751 3381 2033 3441 descendit
2078 3389 2146 3443 ad
2191 3406 2298 3446 me.

709 3459 781 3514 Et
809 3462 861 3515 in
889 3461 1064 3517 diebus
1086 3465 1208 3519 meis
1232 3466 1491 3523 invocabo.
1524 3470 1661 3539 Quid
1704 3484 1807 3541 est,
1832 3473 1900 3529 In
1948 3477 2123 3533 diebus
2144 3482 2304 3536 meis?

707 3550 825 3607 Non
862 3554 1135 3625 quoniam,
1182 3557 1371 3626 inquit,
1415 3562 1700 3636 exauditus
1748 3581 1889 3635 sum,
1937 3570 2210 3639 resiliam,
2249 3583 2304 3628 et

711 3646 934 3701 evadam
973 3649 1328 3719 negligentior
1353 3670 1368 3707 :
1394 3653 1491 3710 sed
1524 3656 1773 3714 omnibus
1798 3658 1988 3717 diebus
2012 3664 2140 3719 vita:
2167 3681 2302 3722 mea:

707 3736 811 3793 hoc
836 3753 1030 3794 munus
1057 3741 1238 3797 obibo.

779 3827 1041 3885 Inuocatio
1062 3830 1159 3886 Dei
1187 3849 1219 3886 a
1254 3835 1401 3890 malis
1430 3836 1627 3893 liberat.
1658 3868 1730 3899 -:-
1767 3843 1820 3899 5.
1852 3843 2301 3905 Circumdederunt

707 3935 789 3974 me
800 3920 1003 3976 dolores
1015 3924 1209 3989 mortis,
1233 3927 1461 3993 pericula
1480 3929 1666 4000 inferni
1685 3932 1977 3990 inuenerunt
1993 3954 2093 3992 me.
2119 3938 2302 3994 Tribu-

707 4012 946 4067 lationem
972 4023 1021 4068 et
1044 4016 1267 4071 dolorem
1294 4018 1463 4074 inueni
1482 4037 1501 4074 :
1528 4022 1580 4077 4.
1605 4033 1653 4077 et
1697 4042 1877 4080 nomen
1905 4026 2115 4084 Domini
2157 4033 2299 4087 inuo-

705 4102 834 4157 caui.
864 4102 1053 4161 Vidisti
1079 4121 1226 4161 anna
1267 4110 1477 4165 valida?
1504 4112 1681 4169 vidisti
1727 4119 2151 4177 consolationem
2178 4138 2299 4194 quas

705 4195 865 4250 solvit
903 4210 1251 4270 quaecumque
1296 4213 1421 4258 sunt
1451 4208 1679 4275 gravia?
1710 4209 1889 4266 vidisti
1940 4215 2179 4269 animum
2210 4217 2297 4271 in-

708 4284 1035 4343 ﬂammatum
1057 4289 1331 4347 desiderio
1358 4294 1608 4351 Domini?
1636 4299 1789 4367 Quod
1819 4312 1997 4359 autem
2039 4306 2187 4373 dicit,
2215 4318 2300 4364 est

707 4377 970 4449 ejusmodi
1005 4400 1018 4435 :
1050 4383 1255 4439 Sufﬁcit
1296 4388 1425 4441 mihi
1477 4389 1544 4443 ad
1587 4390 1686 4446 hoc
1717 4402 1774 4447 ut
1811 4395 2007 4451 liberer
2046 4413 2073 4451 a
2104 4400 2256 4455 malis
2278 4442 2293 4466 ,

708 4484 831 4539 quae
880 4486 967 4527 me
990 4472 1354 4542 circumstant,
1412 4478 1575 4534 Deum
1613 4481 1885 4541 invocare.
1921 4487 2187 4554 Quidnam
2218 4498 2302 4549 est

710 4574 840 4631 ergo
867 4561 921 4616 in
963 4576 1143 4629 causa,
1193 4567 1333 4636 quod
1383 4584 1504 4624 cum
1556 4572 1725 4629 Deum
1776 4592 1921 4647 stupe
1966 4579 2297 4649 invocemus,

710 4649 932 4707 minime
952 4660 1129 4709 tamen
1159 4670 1189 4710 a
1212 4658 1366 4713 malis
1388 4660 1717 4719 liberemur?
1738 4665 1998 4735 Quoniam
2026 4686 2131 4726 non
2150 4674 2301 4730 invo-

710 4758 899 4800 camus
924 4753 983 4801 ut
1006 4758 1216 4817 oportet
1262 4750 1528 4809 invocare.
1557 4755 1689 4811 Nam
1719 4770 1779 4814 ut
1817 4761 1957 4816 scias
1986 4778 2109 4819 eum
2141 4782 2301 4836 para-

710 4846 824 4892 tum
856 4853 978 4895 esse
1005 4855 1219 4911 semper
1248 4844 1508 4911 praebere,
1540 4850 1664 4904 audi
1690 4853 1817 4922 quid
1864 4854 2007 4910 dicat
2036 4856 2089 4911 in
2120 4858 2301 4914 Evan-

709 4927 899 4997 geliis:
928 4929 1055 4997 Quis
1073 4940 1227 4987 estea:
1247 4935 1403 5001 vobis,
1445 4954 1477 4990 a
1497 4954 1596 5022 quo
1610 4942 1654 4994 si
1681 4945 1875 5013 petierit
1903 4946 2043 5013 ﬁlius
2077 4951 2186 5021 ejus
2208 4969 2303 5022 pa-

711 5036 847 5087 nem,
879 5038 1001 5076 num
1030 5022 1253 5092 lapidem
1278 5027 1416 5082 dabit
1443 5031 1526 5085 ei?
1546 5021 1629 5089 uel
1652 5036 1696 5089 si
1718 5038 1915 5105 petierit
1941 5046 2146 5111 piscem,
2179 5021 2302 5101 nam

709 5123 988 5183 serpentem
1015 5117 1152 5172 dabit
1179 5119 1227 5173 ei
1241 5120 1266 5173 1’
1294 5119 1356 5177 Si
1376 5133 1543 5178 autem
1569 5142 1675 5193 vos,
1702 5145 1817 5183 cum
1842 5132 1952 5187 sitis
1977 5137 2120 5204 mali,
2156 5140 2299 5195 scitis

716 5202 847 5259 bona
873 5205 1010 5273 dona
1033 5209 1155 5264 dare
1176 5213 1297 5282 filiis
1317 5217 1492 5272 uestris
1517 5234 1535 5271 :
1561 5220 1721 5274 multo
1748 5224 1908 5295 magis
1939 5202 2111 5283 Pater
2143 5241 2303 5286 vester

715 5295 801 5367 qui
849 5306 924 5351 est
970 5298 1024 5353 in
1063 5302 1219 5370 carlis,
1250 5304 1390 5360 dabit
1427 5307 1557 5363 bona
1584 5314 1861 5380 petentibus
1912 5332 1966 5371 se
1994 5318 2211 5386 (Matth.
2244 5322 2297 5377 7.

711 5383 746 5438 9
775 5414 795 5426 -
824 5387 940 5457 ll).
969 5388 1132 5446 Vides
1176 5405 1376 5465 quanta
1419 5399 1499 5463 sit
1540 5401 1657 5472 ejus
1682 5404 1914 5472 bonitas,
1944 5383 2066 5464 eum
2115 5422 2299 5470 nostra

716 5490 838 5531 cum
867 5478 955 5534 illa
976 5481 1169 5538 collata
1192 5486 1435 5544 videatur
1475 5492 1833 5564 improbitas?
1879 5499 2140 5565 Quoniam
2172 5519 2301 5575 ergo

719 5568 840 5624 talis
866 5579 951 5626 est
990 5584 1175 5631 noster
1224 5578 1503 5651 Dominus,
1532 5583 1597 5639 ad
1628 5601 1750 5643 eum
1790 5603 2005 5663 semper
2027 5568 2304 5668 confugia-

779 5740 1074 5826 ἱξεᾳᾷ
1090 5750 1317 5826 etsgvil.
1370 5751 1474 5809 Alii,
1496 5752 1707 5826 fortius.
1750 5768 1957 5826 Utraque
1998 5766 2142 5818 lectio
2182 5768 2302 5822 ferri

709 5811 857 5870 pune
880 5804 1102 5872 videtur;
1125 5813 1214 5861 sed
1239 5814 1370 5877 prior
1392 5804 1812 5878 przefercndacst'.

1440 357 1498 412 s.
1540 358 1819 415 JOANNIS
1860 361 2331 417 utinvsusroin
2366 365 2679 425 AltClllEl’.
2723 374 3263 440 euss'mx'nxor.

2430 516 2569 571 mus,
2603 522 2724 562 eum
2750 511 3050 581 adjutorem
3080 520 3252 577 solum
3295 524 3625 600 invocemus,
3657 542 3710 590 ct
3755 551 3875 594 eum
3918 559 4025 611 pa-

2427 606 2601 652 ratum
2646 600 2980 661 inveniemus
3025 610 3093 663 ad
3143 630 3242 670 nos
3289 622 3601 680 servandos.
3643 624 3697 682 Si
3738 631 3881 685 enim
3924 636 4029 705 qui

2426 690 2758 761 naufragium
2796 696 3057 767 fecerunt,
3091 715 3145 758 et
3167 706 3218 761 in
3250 710 3428 765 tabula
3456 716 3762 788 vehuntur,
3790 738 3885 778 eos
3923 729 4021 796 qui

2425 782 2610 844 procul
2656 794 2782 839 sunt
2822 790 3001 845 statim
3032 807 3308 866 vocantes,
3342 808 3670 872 persuadent
3721 782 3779 867 ut
3827 782 4029 870 hunia-

2423 871 2588 929 nitate
2611 886 2863 936 utantur:
2897 884 2997 938 etsi
3030 886 3161 942 nihil
3209 871 3354 947 inter
3372 910 3467 950 eos
3509 914 3798 960 commune
3841 907 4025 964 inter-

2421 967 2595 1034 cedat,
2624 972 2719 1025 sed
2754 974 2868 1029 sola
2892 978 3196 1038 calamitate
3239 989 3347 1041 noti
3378 989 3394 1019 ί
3422 992 3531 1046 sint
3556 1037 3570 1060 ,
3616 1007 3816 1067 quanto
3846 1006 4029 1073 magis

2420 1060 2509 1127 qui
2551 1073 2633 1117 est
2683 1064 2943 1136 benignus
2974 1081 3027 1125 et
3068 1075 3343 1143 clemens,
3396 1090 3455 1136 et
3494 1060 3724 1143 naturali
3773 1060 4028 1151 honitdie

2423 1153 2607 1218 utitur,
2642 1170 2736 1211 eos
2765 1160 2955 1228 eripiet
2978 1164 3065 1233 qui
3106 1170 3356 1236 gravibus
3384 1177 3765 1243 opprimuntur
3791 1186 4027 1241 calami-

2423 1243 2637 1312 tatibus,
2667 1248 2710 1301 si
2740 1250 2900 1306 modo
2926 1253 2993 1308 ad
3022 1271 3144 1311 eum
3172 1261 3463 1335 confugere
3488 1269 3773 1336 voluerint.
3797 1286 3851 1331 ct
3890 1293 4023 1335 eum

2420 1349 2547 1390 vere
2567 1352 2630 1393 ac
2651 1341 2858 1398 sincere
2882 1346 3159 1417 invocare,
3177 1350 3408 1411 humana
3429 1373 3528 1428 spe
3553 1363 3735 1419 relicta
3754 1366 4027 1436 ?Quando

2419 1438 2547 1495 ergo
2570 1428 2622 1482 in
2657 1430 2987 1501 inepinatum
3011 1439 3225 1510 aliquod
3255 1448 3452 1501 malum
3482 1451 3757 1518 incideris,
3790 1476 3856 1514 ne
3884 1464 4011 1515 ani-

2418 1531 2564 1571 mum
2596 1522 2846 1590 abjicias,
2882 1528 2976 1582 sed
3009 1539 3157 1587 tuum
3189 1537 3368 1590 statim
3417 1542 3662 1609 spiritum
3694 1550 3872 1618 erigas
3895 1593 3908 1615 ,
3962 1564 4026 1608 et

2418 1611 2692 1682 confugias
2720 1617 2785 1669 ad
2821 1624 3167 1690 tranquillum
3204 1639 3435 1696 portum,
3464 1636 3552 1703 qui
3585 1638 3747 1694 nullis
3779 1611 4025 1710 agitatur

2417 1702 2702 1773 fluctibus,
2752 1720 2805 1764 et
2852 1713 2916 1766 ad
2975 1720 3161 1771 turrim
3212 1702 3505 1792 numquam
3552 1737 4009 1803 expugnabilem,

2417 1810 2611 1864 nempe
2639 1798 2729 1853 Dei
2752 1803 3025 1858 auxilium.
3070 1808 3195 1863 Ideo
3217 1813 3361 1867 enim
3404 1798 3646 1885 permisit
3683 1832 3741 1878 ut
3766 1826 4016 1895 caderes,

2418 1894 2476 1939 ut
2505 1897 2554 1939 tu
2584 1904 2702 1943 eum
2728 1892 3163 1955 invocares£Sed
3213 1905 3459 1976 plerique
3493 1922 3618 1966 tunc
3657 1919 3889 1974 maxime
3920 1921 4021 1976 de-

2410 1978 2702 2051 jiciuntur,
2755 1996 2807 2041 et
2848 2004 2964 2044 eam
2996 2008 3097 2061 qua
3138 1998 3343 2065 pra-diti
3377 2015 3532 2058 erant
3577 2008 3825 2074 pietatem
3878 2016 4021 2083 abji-

2413 2070 2558 2125 ciuut
2582 2076 2624 2139 ²,
2664 2091 2783 2131 cum
2808 2092 2993 2137 contra
3015 2086 3086 2139 sit
3114 2088 3435 2147 faciendum.
3466 2096 3727 2162 Quoniam
3748 2105 3887 2158 enim
3913 2123 4019 2163 nus

2413 2254 2605 2313 fec-tius
2636 2262 3040 2335 conjungamur.
3075 2270 3206 2327 Nam
3237 2286 3438 2334 matres
3476 2298 3691 2353 quoque
3718 2289 3897 2345 solent
3924 2292 4017 2347 in-

2412 2353 2648 2411 solentes
2690 2374 2887 2426 pueros
2936 2364 3166 2423 diversis
3198 2371 3359 2429 larvis
3388 2386 3771 2445 perterrentes,
3815 2368 4017 2455 cogere

2412 2458 2529 2510 eos,
2550 2456 2604 2501 ut
2633 2449 2700 2503 ad
2727 2465 2881 2507 suum
2909 2458 3171 2525 gremium
3199 2464 3525 2535 confugiant,
3553 2484 3659 2525 non
3679 2487 3773 2527 eos
3791 2476 4016 2545 quidem

2410 2536 2656 2592 volentes
2680 2543 2925 2599 molestia
2955 2547 3192 2617 afﬁcere,
3246 2556 3339 2609 sed
3372 2557 3472 2613 hoc
3526 2565 3915 2633 excogitantes,
3954 2579 4018 2625 ut

2409 2626 2509 2697 ipsi
2540 2631 2619 2685 eis
2644 2634 2916 2692 assideant
2944 2657 2958 2692 :
2991 2642 3060 2695 ita
3091 2644 3253 2699 etiam
3282 2647 3422 2704 Dens
3452 2653 3635 2709 volens
3660 2670 3873 2727 semper
3901 2675 4010 2718 nos

2409 2720 2510 2775 sibi
2537 2724 2886 2799 conjungere,
2918 2733 3065 2788 velut
3102 2749 3310 2795 amator
3347 2744 3663 2813 vehemens,
3716 2751 3799 2806 vel
3827 2754 4017 2824 potius

2409 2824 2652 2872 amatore
2681 2823 2871 2889 quovis
2900 2824 3293 2899 vehementior,
3327 2838 3589 2904 permittit
3619 2849 3676 2894 ut
3722 2842 3792 2897 ad
3829 2823 4017 2902 talem

2408 2905 2670 2975 redigaris
2695 2915 3106 2983 necessitatem,
3162 2931 3220 2975 ut
3273 2936 3534 2995 perpetuo
3564 2946 3721 2987 vaces
3749 2926 4009 3003 orationi,

2408 3008 2463 3053 et
2491 3015 2613 3054 eum
2643 3005 2860 3062 assidue
2894 3007 3133 3080 invocas,
3158 3025 3213 3070 et
3238 3016 3360 3073 aliis
3382 3020 3583 3077 relictis
3608 3025 3683 3079 sis
3711 3026 3780 3081 de
3808 3043 3875 3084 eo
3890 3030 4005 3085 sol-

2406 3090 2604 3149 licitus.
2635 3094 2681 3149 0
2710 3095 2947 3168 Domine,
2981 3102 3139 3159 libera
3167 3109 3391 3165 animam
3415 3129 3599 3169 meam.
3646 3117 3800 3174 Alius
3839 3121 4008 3179 inter-

2405 3197 2551 3253 pres,
2603 3186 2787 3259 Rogo,
2817 3191 3077 3266 Domine,
3130 3201 3266 3272 eripe
3309 3205 3537 3260 animam
3583 3224 3767 3264 meam.
3814 3213 4009 3282 Alius,

2410 3273 2455 3330 0
2484 3274 2724 3349 Domine,
2752 3284 2893 3337 salva
2913 3288 3139 3343 animam
3174 3308 3358 3347 meam.

2479 3369 2666 3425 Anima
2685 3389 2802 3429 cum
2824 3378 3003 3445 primis
3024 3395 3249 3439 servetur
3272 3388 3535 3443 illtrsa.-—
3562 3391 3753 3449 Vidisti
3783 3413 3840 3452 sa
3851 3400 4009 3467 pien-

2409 3467 2518 3517 tem
2547 3466 2782 3524 animum
2800 3509 2816 3533 ,
2837 3473 3109 3539 quomodo
3134 3477 3335 3534 relictis
3356 3483 3604 3547 omnibus
3624 3502 3747 3557 qua:
3770 3491 3837 3545 ad
3852 3466 4006 3549 hanc

2407 3553 2572 3609 vitam
2602 3559 2890 3626 pertinent,
2924 3579 3087 3619 unum
3121 3576 3324 3625 tantum
3348 3556 3509 3642 petit,
3562 3553 4009 3641 ut'ani'ma‘ma-

2406 3657 2531 3700 neat
2558 3647 2719 3703 illmsa
2741 3692 2757 3716 ,
2789 3652 2844 3706 et
2873 3653 3003 3709 nihil
3033 3660 3266 3727 patiatur
3304 3678 3493 3719 eorum
3524 3683 3644 3738 qua:
3687 3672 3760 3727 illi
3807 3691 4007 3736 nocere

2408 3740 2666 3806 possunt?
2685 3742 2740 3798 Si
2769 3745 2911 3800 enim
2940 3747 3079 3806 bene
3104 3750 3317 3820 habeat,
3342 3758 3544 3829 reliqua
3561 3765 3739 3819 omnia
3767 3780 4005 3837 sequen-

2409 3838 2514 3895 tur,
2548 3841 2605 3885 ut
2643 3833 2687 3887 si
2733 3850 2840 3890 non
2894 3840 3034 3895 bene
3080 3841 3309 3912 habeat,
3344 3847 3475 3902 nihil
3504 3866 3602 3906 nos
3618 3833 4005 3931 jiivatreliqua

2404 3924 2735 3991 prosperitas
2769 3945 2781 3980 :
2815 3938 2872 3983 et
2900 3930 3020 3987 ideo
3057 3935 3185 3989 nihil
3218 3953 3326 3992 non
3357 3940 3536 3998 dicere
3561 3954 3615 3999 et
3644 3947 3817 4004 facere
3840 3966 4006 4020 Opor-

2405 4022 2501 4080 tet,
2526 4023 2583 4069 ut
2598 4030 2715 4071 eam
2733 4033 3139 4080 conservemus.
3168 4028 3283 4085 Hoc
3302 4035 3443 4087 enim
3476 4035 3647 4092 innuit
3665 4055 3785 4095 cum
3811 4044 3941 4098 dicit
3960 4048 4002 4100 ':

2406 4104 2582 4162 Estote
2610 4111 2899 4181 prudentes,
2954 4118 3084 4172 sicut
3133 4135 3389 4193 serpentes
3442 4126 3463 4200 (
3505 4127 3693 4185 Halm.
3724 4134 3816 4190 '10.
3862 4138 3927 4192 ιδ
3954 4141 4001 4212 ).

2406 4194 2868 4261 Quemadmodum
2913 4208 3057 4262 enim
3100 4210 3188 4265 ille
3231 4194 3496 4285 reliquum
3524 4234 3722 4291 corpus
3750 4194 3969 4295 projicii
3986 4271 4002 4293 ,

2407 4299 2465 4342 ut
2496 4303 2653 4361 caput
2679 4308 2963 4355 conservet
2994 4318 3007 4355 :
3039 4302 3108 4356 ita
3140 4315 3350 4375 oportet
3380 4317 3432 4365 te
3458 4327 3669 4385 quoque
3688 4318 3793 4371 alia
3820 4322 4001 4377 omnia

2406 4380 2535 4439 dare
2558 4401 2655 4455 pro
2698 4388 2867 4445 salute
2896 4395 3109 4451 animm.
3149 4397 3335 4471 Neque
3366 4380 3506 4459 enim
3552 4380 3835 4479 paupertas
3855 4455 3871 4478 ,
3902 4430 4002 4471 nec

2407 4478 2646 4546 morbus,
2680 4497 2779 4537 nec
2809 4485 2951 4555 quod
2980 4488 3188 4545 videtur
3213 4508 3335 4549 esse
3362 4506 3522 4566 caput
3559 4504 3795 4558 omnium
3828 4508 3999 4562 malo-

2405 4584 2523 4623 rum
2550 4612 2566 4639 ,
2610 4586 2767 4647 mors
2798 4578 2990 4646 poterit
3029 4596 3152 4637 eum
3206 4584 3295 4654 qui
3338 4587 3589 4644 ceciderit
3632 4592 3923 4663 cﬁ‘cudere,
3953 4601 4000 4655 si

2406 4659 2496 4715 illa
2522 4675 2909 4722 conservetur:
2939 4674 3386 4740 quemadmodum
3429 4693 3530 4734 nec
3571 4697 3636 4736 ex
3675 4685 3778 4739 vita
3799 4688 3997 4758 aliquid

2406 4758 2675 4812 commodi
2705 4763 2989 4831 percipies,
3022 4766 3068 4820 si
3095 4782 3156 4821 ea
3180 4769 3417 4838 perierit,
3452 4788 3777 4847 corruptave
3811 4780 3994 4838 fuerit.

2408 4844 2530 4902 Ideo
2554 4852 2763 4904 cmteris
2802 4853 3001 4908 relictis
3023 4897 3039 4921 ,
3063 4856 3128 4912 dc
3156 4872 3218 4913 ea
3242 4862 3403 4916 verba
3443 4862 3600 4933 facit,
3618 4844 3901 4941 rogatque
3928 4884 3997 4931 -ιιι

2408 4955 2514 4994 non
2542 4941 2703 4998 nimis
2721 4945 2947 5001 aeriaab
2971 4964 3033 5002 ea
3058 4952 3301 5022 exigatur
3326 4956 3483 5024 ratio,
3514 4969 3568 5012 et
3594 4959 3663 5015 ab
3687 4962 3997 5022 intolerabi-

2407 5030 2545 5086 libus
2580 5033 2839 5090 liberetur
2879 5039 3174 5107 suppliciis.
3224 5044 3279 5099 5.
3333 5044 3627 5105 Misericors
3666 5050 3915 5110 Dominus
3951 5066 3998 5111 et

2399 5123 2591 5193 justus,
2622 5136 2670 5178 et
2700 5123 2840 5180 Deus
2866 5138 3031 5184 noster
3058 5133 3336 5188 miseretur.
3370 5134 3529 5193 Vides
3554 5144 3823 5210 quomodo
3842 5144 3996 5201 docet

2409 5218 2707 5275 auditorem
2734 5262 2749 5285 ,
2804 5231 2860 5275 ut
2898 5238 3070 5293 neque
3116 5226 3401 5299 desperet,
3433 5246 3607 5301 neque
3648 5234 3717 5288 sit
3760 5236 3991 5305 ignavior

2410 5321 2463 5364 et
2488 5313 2879 5383 negligentior?
2910 5317 3020 5372 Hoc
3046 5320 3190 5374 enim
3222 5337 3388 5392 prope
3417 5324 3565 5389 dicit,
3598 5325 3675 5381 Ne
3701 5328 3992 5399 desperes;

2408 5413 2491 5458 est
2537 5407 2680 5460 enim
2746 5407 2882 5462 Deus
2940 5412 3244 5468 misericors
3290 5432 3303 5464 :
3352 5430 3455 5471 nec
3502 5418 3585 5472 sis
3640 5422 3855 5491 segnis;
3917 5435 3996 5479 est

2408 5497 2551 5551 enim
2573 5500 2772 5567 justus.
2805 5500 2986 5571 Itaque
3017 5505 3167 5558 istius
3196 5507 3457 5563 exscindit
3487 5513 3786 5567 socordiam
3818 5532 3831 5567 :
3857 5514 4001 5571 illius

2476 5591 2493 5657 ξ
2527 5591 2601 5639 sic
2620 5597 2737 5657 nes.
2754 5600 2843 5657 ;at
2866 5595 3003 5653 editi,
3027 5597 3128 5647 sola
3144 5598 3417 5652 calamitate
3431 5600 3719 5657 miserandi.

2474 5652 2506 5728 '_
2526 5652 2669 5728 savii.
2693 5652 2854 5728 rejicit
2875 5657 2934 5728 ad
2956 5652 3228 5723 marginem
3253 5652 3736 5728 membrum

2408 5711 2984 5807 “twéftflﬂ‘iifi’iﬁfa-
3006 5796 3019 5807 .
3316 5711 3542 5807 :1:
3553 5711 3669 5807 ἶξῖ
3689 5711 3744 5807 ”.
3766 5711 3983 5807 ’.“””’ζῖ

2446 5776 2495 5857 ’.³
2527 5777 2668 5827 savil.
2697 5776 2747 5829 in
2763 5784 3019 5845 margine:
3050 5792 3147 5835 Hoc
3169 5786 3299 5837 enim
3320 5794 3391 5840 est
3414 5792 3542 5854 quod
3565 5791 3620 5844 in
3638 5793 3892 5857 Scriptura
3926 5794 4006 5850 di~
4050 5810 4053 5813 '

2410 5843 2552 5887 ritur.
