4218 6430
636 402 739 459 517
774 344 785 367 ⁸

1338 399 1396 455 S.
1434 397 1717 455 JOANNIS
1754 395 2243 456 CHRYSOSTOMI
2292 395 2611 453 ARCHIEP.
2650 391 3193 452 CONSTANTINOP.

3791 398 3901 459 318

630 519 864 591 ἀναιρεῖ,
887 515 1227 587 ἑκατέρωθεν
1245 515 1344 586 τὴν
1364 517 1637 587 σωτηρίαν
1657 517 1814 587 ήμῶν
1834 518 2211 589 πραγματευό-
2314 520 2562 574 ἐντεῦθεν
2600 518 2906 588 ἀποδημίαν
2944 514 3211 584 λύτρωσιν
3252 508 3448 577 λέγειν,
3472 508 3565 562 καὶ
3583 510 3893 563 ἀνάπαυσιν

635 627 815 682 μενος.

702 761 766 831 β’.
781 754 915 816 Εἶτα
934 761 1145 823 δεικνὺς
1164 760 1222 812 τὸ
1234 775 1371 829 προς
1384 761 1483 828 τήν
1495 760 1907 831 φιλανθρωπίαν
1922 762 2209 835 ἐπιρρεπέ-

628 870 720 908 ατε
731 871 840 925 ρον,
864 854 1057 921 ἐπάγει
1079 851 1240 905 πάλιν
1258 851 1432 919 λέγων
1452 868 1465 881 ·
1487 852 1596 905 Καὶ
1620 854 1654 906 ό
1677 852 1821 918 Θεὸς
1841 851 2010 921 ἡμῶν
2026 852 2202 908 ἐλεεῖ.

627 944 738 997 Καὶ
759 942 939 1005 καλῶς
958 935 1113 994 εἶπεν
1134 957 1147 970 °
1182 940 1235 993 '0
1258 938 1401 1006 Θεὸς
1420 938 1609 1009 ἡμῶν,
1633 940 1770 1012 πρὸς
1802 941 2207 1016 ἀντιδιαστολὴν
2240 968 2245 971 κ

622 1030 733 1083 τῶν
773 1029 930 1094 θεῶν,
952 1022 1027 1083 ὧν
1066 1028 1255 1098 πρώην
1288 1026 1554 1098 ἐμνήσθη.
1582 1027 1841 1092 Ἐκείνοις
1873 1030 1974 1100 μέν
2004 1028 2113 1100 7&9
2143 1030 2207 1083 τὸ

625 1122 854 1191 σφάζειν
876 1121 968 1175 καὶ
986 1120 1246 1189 ἀναιρεῖν,
1272 1118 1366 1172 καὶ
1397 1120 1684 1190 άκήρυκτα
1720 1120 1976 1191 πολεμεῖν
2008 1120 2166 1191 ἔργον
2186 1137 2201 1153 ·

621 1212 796 1282 τούτῳ
814 1212 871 1265 δέ
890 1210 952 1263 τὸ
971 1208 1530 1280 φιλανθρωπεύεσθαι,
1552 1212 1647 1264 καὶ
1669 1210 2085 1280 συγγινώσκειν,
2107 1212 2203 1266 καὶ

624 1303 882 1357 κινδύνων
917 1298 1247 1373 ἐξαρπάζειν
1285 1300 1567 1373 διηνεκῶς
1605 1303 1641 1355 ἀ
1676 1302 1743 1372 δὴ
1786 1302 2019 1373 μάλιστα
2062 1302 2201 1371 μετά

621 1393 729 1447 τῶν
764 1392 939 1446 ἀλλων
976 1391 1215 1446 δείκνυσι
1249 1394 1375 1455 τοὺς
1397 1394 1495 1462 μέν
1515 1392 1773 1463 δαίμονας
1792 1392 1953 1457 ὄντας
1973 1395 2067 1446 καὶ
2087 1394 2203 1447 ἀλι-

620 1485 874 1555 τηρίους,
916 1486 1006 1538 τὸν
1042 1485 1101 1538 δέ
1132 1482 1403 1554 κηδεμόνα
1444 1484 1539 1538 καὶ
1575 1484 1889 1555 προστάτην
1936 1487 2029 1538 καὶ
2067 1485 2198 1539 Θεδν

618 1576 869 1648 ἀληθινόν
883 1589 931 1631 ι.

689 1732 1033 1788 Φυλάσσων
1068 1735 1142 1787 τὰ
1182 1732 1371 1800 νήπια
1410 1735 1443 1787 ό
1483 1734 1700 1801 Κύριος
1720 1748 1735 1764 ⁸
1771 1732 2195 1801 ἐταπεινώθην,

616 1822 716 1876 καί
750 1822 949 1876 ἔσωσέ
984 1840 1079 1890 με.
1098 1822 1361 1878 Ἐνταῦθα
1384 1822 1640 1893 μέγιστον
1657 1820 1795 1886 asa;
1818 1824 2073 1894 προνοίας
2095 1824 2195 1877 αύ-

612 1911 709 1971 τοῦ
740 1913 1000 1967 ἀνακινεῖ.
1021 1912 1236 1983 Ἐπειδὴ
1257 1912 1368 1983 7&9
1387 1909 1539 1967 εἶπεν
1558 1930 1571 1942 '
1625 1912 1928 1982 Ἔλεήμων
1971 1913 2066 1969 καὶ
2110 1913 2197 1965 δι’·

614 2022 807 2070 καιος,
827 2004 925 2058 καί
947 2002 1122 2062 ἐλεεῖ,
1144 2004 1406 2074 μεγίστης
1426 2002 1590 2056 αὐτοῦ
1611 2002 2017 2075 φιλανθρωπίας
2037 2003 2196 2074 ἔργον

612 2096 874 2150 δείκνυσι.
899 2096 1057 2150 Ποῖον
1096 2094 1160 2166 δὴ
1196 2094 1381 2162 τοῦτο;
1404 2095 1478 2148 Τδ
1498 2095 1606 2148 τῶν
1623 2094 1851 2165 νηπίων.
1869 2096 2058 2165 Ἡμεῖς
2096 2095 2196 2165 μὲν

614 2188 723 2259 7&9
762 2188 855 2242 καί
889 2186 1048 2255 λόγον
1087 2186 1282 2257 ἔχομεν
1306 2187 1373 2240 τὰ
1397 2187 1494 2257 μὶν
1515 2186 1895 2255 φυλάττεσθαι,
1917 2187 1984 2240 τά
2002 2186 2058 2241 δὲ
2078 2186 2196 2239 ἐλέ-

616 2278 743 2332 σθαι
793 2277 1114 2332 παιδεύοντα
1139 2318 1153 2340 ,
1195 2279 1287 2331 καὶ
1325 2278 1395 2331 τά
1430 2278 1771 2349 ἐπερχόμενα
1808 2278 2195 2352 διακρούεσθαι

614 2370 783 2437 κακὰ,
806 2371 899 2425 καὶ
917 2372 984 2424 τά
1004 2370 1245 2440 παρόντα
1262 2369 1532 2436 διαλῦσαι,
1555 2370 1649 2425 καὶ
1674 2373 1825 2441 ἰσχὺν
1852 2370 2193 2441 κεκτήμεθα,

614 2460 713 2515 καὶ
735 2460 941 2532 -τέχνας
978 2459 1321 2531 ἐπιστάμεθα
1341 2477 1354 2490 ·
1394 2460 1461 2517 τὰ
1494 2461 1564 2514 δὲ.
1586 2460 1774 2514 παιδία
1792 2461 1995 2515 τούτων
2016 2461 2197 2533 ἔρημα

613 2554 855 2619 πάντων,
877 2554 953 2618 ὡς
974 2553 1386 2626 ἀπροστάτευτα
1401 2569 1414 2582 ο
1437 2551 1573 2605 ἀλλά
1607 2552 1696 2606 διὰ
1729 2553 1948 2606 πάντων
1967 2551 2081 2623 ἐχει
2099 2553 2194 2606 τοῦ

613 2644 752 2701 Θεοῦ
770 2646 867 2717 τὴν
891 2645 1165 2715 πρόνοιαν,
1182 2640 1250 2716 ἧς
1271 2644 1320 2697 εί
1343 2643 1418 2715 μὴ
1442 2642 1681 2713 συνεχῶς
1699 2641 1999 2713 ἀπήλαυον,
2018 2643 2195 2697 πάντα

613 2735 680 2791 ἂν
700 2735 988 2790 ἀπολώλει.
1009 2737 1120 2790 Καὶ
1138 2720 1262 2807 ⁴γάρ
1298 2736 1393 2788 καὶ
1427 2735 1549 2804 δφις
1569 2732 1635 2788 ἂν
1655 2734 1918 2804 ἠφάνισεν
1938 2738 1996 2789 ἐν
2018 2750 2195 2807 σπαρ-

613 2828 800 2896 γάνοις
839 2828 918 2882 ἔτι
955 2826 1015 2881 δν
1048 2827 1109 2880 τὸ
1153 2826 1381 2893 παιδίον,
1404 2828 1500 2880 καὶ
1538 2826 1864 2891 κατοικίδιος
1901 2826 2071 2897 δρνις,
2102 2828 2197 2880 καὶ

614 2919 785 2992 πολλά
816 2920 922 2974 τῶν
955 2919 1229 2990 ἑρπόντων
1255 2919 1419 2990 ἐτερα
1437 2918 1546 2972 τῶν
1565 2918 1704 2972 κατὰ
1722 2918 1821 2982 τὰς
1840 2919 2036 2982 οἰκίας.
2062 2919 2198 2972 Οὐδέ

602 3013 723 3091 ⁴’γὰρ
744 3013 903 3083 ἀρκεῖ
920 3011 1042 3064 οὗτε
1058 3010 1279 3082 τροφὸς,
1298 3009 1421 3062 οὔτε
1445 3011 1647 3081 μήτηρ,
1669 3009 1792 3063 οὐτε
1811 3011 1995 3081 ἐτερος
2023 3011 2197 3075 οὐδεὶς

614 3103 1031 3175 ἀπηρτισμένην
1052 3100 1453 3156 ἐπιδείκνυσθαι
1496 3102 1625 3171 περί
1663 3101 1804 3154 αὐτὰ
1826 3103 2106 3174 πρόνοιαν,
2130 3102 2197 3157 ἂν

618 3194 693 3272 μή
711 3194 810 3264 τῆς
829 3191 1034 3247 ἄνωθεν
1052 3189 1298 3261 ἀπολαύῃ
1322 3189 1515 3261 ῥοπῆς.
1538 3190 1695 3253 Τινές
1713 3190 1771 3244 δέ
1792 3202 1921 3259 φασι
1944 3193 2038 3246 καὶ
2070 3194 2196 3265 περὶ

611 3282 720 3334 τῶν
741 3279 997 3350 ἐμϐρύων
1016 3279 1111 3331 καὶ
1134 3280 1297 3349 μήπω
1336 3278 1437 3347 τῆς
1472 3278 1712 3350 γαστρὸς
1732 3279 2052 3346 ἐξελθόντων
2072 3282 2192 3334 τοῦ⁸

612 3389 705 3426 τον
737 3370 987 3441 εἰρῆσθαι
1022 3369 1113 3422 τὸν
1144 3368 1321 3438 λόγον.
1359 3362 1818 3438 Ἐταπεινώθην,
1864 3371 1962 3425 καί
2001 3372 2198 3428 ἔσωσέ

610 3481 707 3535 με.
750 3464 865 3517 Οὐκ
885 3457 1038 3515 εἶπεν
1063 3461 1209 3514 ὀὐκ
1246 3460 1430 3515 εῖασεν
1468 3464 1548 3525 εἰς
1585 3461 1861 3526 κινδύνους
1899 3466 2193 3534 ἐμπεσεῖν·

613 3554 769 3619 ἀλλά,
786 3552 941 3607 Μετὰ
957 3552 1019 3605 τὸ
1036 3554 1292 3623 ἐμπεσεῖν
1311 3551 1586 3613 διέσωσεν.
1606 3553 1822 3625 Ἐπειδὴ
1842 3554 1950 3627 7&9
1968 3552 2087 3610 εἶπε
2099 3556 2198 3628 τὴν

611 3645 840 3700 καθόλου
861 3643 1028 3699 αὐτοῦ
1050 3644 1327 3714 πρόνοιαν,
1347 3644 1443 3697 καὶ
1462 3645 1555 3699 ἐπὶ
1567 3643 1663 3699 τοῦ
1682 3646 1885 3700 οἰκείου
1903 3648 2195 3719 προσώπου

614 3739 844 3810 προάγει
877 3737 969 3791 τὸν
988 3735 1166 3805 λόγον,
1187 3736 1322 3807 ὅπερ
1343 3736 1464 3799 ἐθος
1483 3736 1631 3808 αὐτῷ
1652 3738 1761 3791 ἀπό
1780 3756 1837 3792 τε
1858 3741 1966 3795 τῶν
1985 3742 2199 3795 καθολι-

612 3829 747 3893 κῶν,
769 3828 877 3883 ἀπό
908 3845 970 3882 τε
1007 3828 1116 3881 τῶν
1158 3828 1400 3899 μερικῶν
1415 3828 1591 3906 ταῦτα
1613 3834 1885 3903 συνιστᾲν.
1909 3832 2000 3904 Μὴ
2020 3834 2198 3889 τοίνυν

614 3919 755 3990 μηδὲ
794 3919 858 3971 σὺ
895 3917 1044 3989 ζήτει
1083 3916 1175 3970 τὸν
1215 3916 1400 3980 ἀδείας
1417 3910 1655 3988 γέμοντα
1675 3917 1821 3989 βίον·
1860 3920 1920 3973 οὐ
1952 3922 2059 3993 γάρ
2082 3923 2198 3976 ἐστί

518 4016 527 4022 ‘
614 4026 697 4063 σοι
719 4008 1009 4072 λυσιτελές.
1026 4008 1087 4061 Et
1106 4007 1214 4082 7&9
1233 4010 1345 4074 τοῖς
1364 4010 1672 4080 προφήταις
1690 4012 1789 4065 οὐκ
1805 4006 1874 4083 ἦν
1896 4013 2193 4084 συμφέρον,

613 4098 795 4170 πολλῷ
837 4099 1036 4171 μᾶλλον
1056 4098 1287 4155 σοί.”οτι
1308 4100 1418 4172 7&9
1436 4101 1538 4154 οὐκ
1556 4096 1624 4172 ἦν
1645 4103 1943 4173 συμφέρον,
1965 4103 2196 4158 ἄκουσον

610 4193 667 4245 τί
686 4208 879 4262 φησιν·
930 4192 1183 4262 Ἀγαθόν
1210 4210 1332 4263 μοι,
1355 4192 1445 4246 ὅτι
1476 4193 1889 4261 ἐταπείνωσάς
1913 4213 2011 4264 με,
2036 4196 2196 4263 ὅπως

613 4282 694 4336 ἂν
723 4284 888 4353 μάθω
927 4283 999 4337 τὰ
1033 4282 1391 4353 δικαιώματά
1428 4301 1565 4337 σου.
1589 4283 1763 4352 Διπλῆ
1803 4287 1837 4357 ή
1876 4286 2196 4359 εὐχαριστία

612 4371 869 4437 ἐνταῦθα,
890 4374 971 4426 ὅτι
1005 4372 1188 4426 εἴασεν
1228 4374 1490 4443 ἐμπεσεῖν
1526 4374 1607 4436 εἰς
1650 4373 1949 4439 κινδύνους,
1984 4378 2079 4431 καὶ
2113 4379 2196 4431 ὅτι

619 4463 923 4536 ἐμπεσόντα
939 4463 1000 4516 οὐ
1018 4463 1327 4516 κατέλιπεν.
1347 4462 1655 4535 Ἀμφότερα
1673 4464 1728 4518 δέ
1748 4483 1863 4529 πως
1879 4467 2196 4537 εὐεργεσίας

613 4549 772 4619 εἶδος,
793 4555 887 4609 καὶ
921 4554 1017 4608 τοῦ
1043 4555 1293 4626 δευτέρου
1315 4554 1375 4607 τὸ
1394 4556 1657 4627 πρότερον
1676 4558 1777 4611 οὐκ
1795 4557 2193 4627 ἐλαττον,-ἀλλ’,

614 4648 665 4700 εἰ
702 4647 783 4700 δεῖ
820 4664 874 4700 τι
909 4646 1003 4700 καὶ
1042 4645 1190 4719 [506]
1230 4646 1541 4717 θαυμαστὸν
1562 4650 1755 4712 εἰπεῖν,
1780 4650 1874 4704 καὶ
1897 4651 2097 4722 μεῖζον.
2123 4654 2197 4707 T0

618 4737 717 4809 μὲν
736 4738 847 4809 7&9
867 4738 1141 4800 κινδύνους
1161 4737 1392 4801 διέλυσε,
1414 4737 1474 4791 τὸ
1491 4739 1547 4792 δὲ
1567 4740 1664 4810 τὴν
1684 4739 1861 4812 ψυχὴν
1895 4742 2196 4812 φιλοσοφω-

612 4832 777 4903 τέραν
813 4831 1124 4902 εἰργάσατο.
1143 4831 1559 4899 Ἐπίστρεψον,
1588 4832 1758 4902 ψυχή
1786 4852 1929 4903 μου,
1950 4838 2038 4901 εἰς
2080 4836 2196 4904 τὴν

611 4922 963 4978 ἀνάπαυσιν
1001 4937 1136 4987 σου,
1176 4922 1264 4976 ὅτι
1307 4924 1523 4992 Κύριος
1556 4926 1920 4993 εὐηργέτησέ
1950 4944 2044 4982 σε.
2067 4930 2196 4983 Ὀτι

612 5014 907 5083 ἐρρύσατο
957 5014 1072 5083 τὴν
1130 5014 1345 5084 ψυχήν
1398 5032 1517 5083 μου
1555 5016 1672 5069 ἀπὸ
1711 5016 1972 5073 θανάτου
1997 5063 2011 5085 ,
2052 5020 2194 5087 τοὺς

614 5106 960 5175 ὀφθαλμούς
985 5124 1103 5176 μου
1136 5106 1255 5161 ἀπὸ
1275 5106 1568 5175 δακρύων,
1589 5108 1684 5161 καί
1707 5109 1848 5171 τοὺς
1868 5110 2059 5177 πόδας
2070 5130 2192 5181 μου

612 5199 730 5254 ἀπὸ
771 5198 1191 5269 ὀλισθήματος.
1227 5198 1631 5268 Εὐαρεστήσω
1672 5200 1928 5256 ἐνώπιον
1968 5205 2193 5271 Κυρίου

612 5291 685 5345 ἐν
723 5280 882 5360 χώρᾲ
918 5288 1238 5350 ζὶὂντων.⁹0
1284 5290 1381 5362 μὲν
1413 5292 1513 5363 τῆς
1553 5292 1790 5363 ἱστορίας
1831 5293 2193 5367 λόγοςδεινὴν

613 5382 934 5454 ἀπαλλαγήν
972 5400 1124 5454 φησι,
1148 5382 1240 5437 καί
1278 5382 1462 5437 ἄνεσίν
1489 5400 1612 5437 τινα
1650 5384 1742 5437 καὶ
1772 5384 2105 5456 ἐλευθερίαν.
2131 5386 2193 5439 Εἰ

614 5472 671 5527 δέ
711 5474 793 5537 τις
834 5474 975 5529 κατά
1014 5472 1303 5543 ἀναγωγὴν
1334 5473 1493 5527 αὐτὸν
1513 5471 1755 5541 ἐκλάϐοι,
1773 5473 2055 5546 δυνήσεται
2094 5476 2192 5546 τὴν

682 5817 709 5848 ⁸
738 5819 887 5875 Sawil.
914 5822 992 5869 καὶ
1010 5820 1160 5879 δντως
1180 5822 1299 5871 Θεὸν

2306 610 2510 679 ταύτην
2530 608 2733 663 καλεῖν.
2752 603 3064 674 Ἀπαλλαγὴ
3084 605 3192 674 γάρ
3212 604 3327 655 ἐστι
3347 601 3564 654 πάντων
3584 599 3688 652 τῶν
3705 599 3892 671 ἀδοκήο

2305 720 2415 756 των
2444 702 2653 759 δεινῶν.
2674 701 2768 755 καὶ
2788 701 2888 788 ορκ
2909 698 2987 751 ἐτι
3006 698 3074 767 τῇ
3095 696 3289 766 ἀδηλίᾳ
3307 692 3487 746 λοιπὸν
3507 690 3809 788 ὑπόκειται,
3830 685 3892 743 ἐν

2306 794 2580 866 ἀσφαλείᾳ.
2596 780 2854 862 γεγονὼς,
2870 792 2898 844 0
2917 788 3056 861 μετά
3071 786 3313 859 χρηστῆς
3333 783 3636 844 καταλύσας
3652 780 3887 842 ἐλπίδος.

2305 888 2371 941 Εἰ
2407 887 2516 959 γὰρ
2549 886 2642 940 καὶ
2678 884 2736 951 ἐξ
2764 882 3041 954 ἁμαρτίας
3062 882 3092 934 0
3109 879 3335 939 θάνατος
3356 877 3747 945 εἰσενήνεκται,
3770 872 3887 925 ἀλλ’

2304 979 2455 1049 ὅμως
2489 980 2566 1041 εἰς
2596 975 2915 1047 εὐεργεσίαν
2933 971 3091 1045 ήμῶν
3112 968 3259 1039 αὐτῷ
3276 971 3305 1023 0
3323 967 3455 1030 Θεὸς
3478 966 3767 1036 ἐχρήσατο.
3790 961 3889 1016 Διά

2303 1068 2368 1139 δὴ
2405 1065 2564 1119 τοῦτο
2600 1065 2700 1118 οὐκ
2738 1062 2888 1134 αὐτῷ
2922 1062 3081 1132 μόνον
3101 1057 3366 1129 ἠρκέσθη,
3388 1055 3524 1111 ἀλλὰ
3546 1053 3750 1107 καὶτὸν
3773 1051 3889 1122 βίον

2305 1156 2597 1227 ἐπίμοχθον
2635 1154 2911 1222 ἐποίησεν,
2933 1151 3021 1204 ἵνα
3063 1149 3259 1220 μάθῃς,
3279 1147 3361 1200 δτι
3402 1145 3523 1198 οὐδὲ
3541 1143 3602 1196 τὸ
3623 1144 3889 1213 πρότερον

2305 1246 2680 1319 συνεχώρησεν
2700 1243 2787 1309 ἂν,
2810 1243 2858 1296 εἰ
2880 1241 2954 1312 μὴ
2977 1238 3181 1312 σφόδρα
3197 1238 3465 1308 χρήσιμον
3497 1231 3567 1307 ἦν
3605 1234 3758 1305 παρά
3787 1233 3889 1305 τὴν

2302 1338 2468 1393 αὐτοῦ
2491 1337 2683 1407 σοφίαν
2702 1334 2860 1388 τοῦτο
2879 1332 3186 1401 γενόμενον.
3211 1328 3311 1381 Διά
3329 1327 3393 1396 δὴ
3411 1327 3569 1381 τοῦτο
3586 1327 3757 1381 εἰπών
3771 1344 3786 1358 ·
3807 1320 3892 1399 τῌ

2301 1427 2379 1483 ἂν
2397 1426 2589 1497 ἡμέρᾳ
2618 1425 2801 1495 φάγῃ,
2824 1420 3056 1486 θανάτῳ
3078 1416 3376 1486 ἀποθανῇ,
3397 1418 3497 1470 οὐκ
3530 1415 3772 1487 ἠρκέσθη
3808 1414 3890 1487 τῷ

2300 1518 2560 1589 ἐπιτιμίῳ
2578 1535 2592 1547 ·
2634 1516 2692 1569 τὸ
2710 1516 2819 1586 γὰρ
2837 1512 3108 1583 ἐπιτίμιον
3126 1510 3284 1563 τοῦτο
3300 1503 3366 1580 ἦν
3386 1523 3401 1537 ·
3437 1508 3528 1577 Γῆ
3564 1509 3638 1572 εῖ,
3663 1509 3760 1562 καί
3797 1508 3889 1575 εἰς

2301 1609 2418 1679 γῆν
2451 1608 2796 1675 ἀπελεύσῃ·
2837 1604 2931 1660 νῦν
2968 1604 3026 1657 δέ
3063 1602 3157 1656 καὶ
3194 1601 3380 1671 ἐτερον
3418 1599 3656 1653 δείκνυσι
3676 1599 3882 1667 λέγων’

2312 1701 2407 1753 Ἐν
2444 1698 2641 1768 ίδρῶτι
2676 1697 2784 1751 τοῦ
2820 1693 3145 1765 προσώπου
3198 1707 3313 1747 σου
3363 1690 3525 1761 φάγῃ
3564 1692 3671 1744 τὸν
3702 1690 3888 1759 ἄρτον

2298 1807 2437 1846 σου.
2455 1791 2736 1855 Ἀκάνθας
2772 1789 2870 1842 καί
2914 1788 3225 1855 τριϐόλους
3243 1782 3524 1841 ἀνατελεῖ
3537 1799 3635 1837 σοι
3652 1798 3665 1811 °
3688 1784 3759 1837 ἐν
3774 1783 3887 1838 λύ-

2299 1905 2439 1955 παις
2474 1888 2634 1957 φάγῃ
2673 1885 2884 1951 αὑτήν.
2909 1885 3019 1939 Καὶ
3037 1887 3103 1955 τῇ
3125 1884 3345 1952 γυναικὶ
3372 1878 3492 1936 εἷπε
3514 1899 3527 1912 ο
3551 1883 3885 1948 Πληθύνων

2297 1978 2587 2047 πληθυνῶ
2606 1977 2711 2043 τὰς
2730 1977 2931 2042 λύπας
2953 1992 3091 2036 σου,
3115 1976 3214 2029 καί
3246 1974 3353 2029 τὸν
3384 1975 3725 2043 στεναγμόν
3743 1988 3880 2027 σου.

2311 2070 2366 2121 Ἐ
2370 2086 2408 2121 ν
2424 2069 2647 2131 λύπαις
2669 2065 2813 2133 τέξῃ
2834 2065 3035 2119 τέκνα.
3059 2064 3134 2117 υύ
3155 2063 3262 2135 7&9
3288 2063 3469 2116 ἱκανὸν
3487 2060 3554 2134 ἦν
3574 2063 3752 2116 ἐκεῖνο
3783 2062 3885 2115 αύο

2295 2160 2422 2223 τοὺς
2446 2155 2799 2230 σωφρονίσαι.
2818 2153 3053 2217 Πολλοὺς
3071 2152 3202 2221 γοῦν
3220 2153 3437 2225 ὁρῶμεν
3452 2152 3625 2223 ταύτῃ
3650 2151 3886 2223 μάλιστα

2296 2250 2611 2323 γινομένους
2634 2248 2894 2318 βελτίους.
2914 2247 2971 2300 ’0
2993 2247 3101 2317 γὰρ
3121 2245 3350 2308 θάνατος
3366 2244 3692 2315 ἀναισθησία
3708 2261 3886 2316 παραι

2297 2346 2534 2404 δίδωσιν,
2556 2340 2779 2395 ἐπειδὰν
2818 2338 3019 2412 ἐπέλθῃ
3049 2356 3060 2368 ·
3096 2337 3269 2391 ταῦτα
3304 2337 3358 2390 δέ
3397 2334 3606 2399 ζῶντας
3640 2335 3888 2405 βελτίους

2298 2435 2611 2507 ἐργάζεται.
2633 2432 2774 2488 Εἰδέ
2795 2430 3023 2502 φοϐερὸν
3043 2429 3103 2483 τὸ
3122 2430 3355 2501 πρᾶγμα
3382 2421 3706 2489 εἶναιδοκεῖ,
3732 2428 3886 2499 παρά

2296 2526 2394 2597 τὴν
2427 2521 2709 2578 ἀσθένειαν
2745 2519 2855 2574 τῶν
2891 2517 3035 2573 οὕτω
3071 2517 3450 2587 διακειμένων.
3473 2517 3593 2570 Ὀτι
3630 2518 3740 2588 γὰρ
3781 2516 3885 2585 τῆς

2297 2616 2580 2679 ἀσθενείας
2601 2610 2670 2687 ἦν
2689 2617 2718 2667 0
2738 2612 2924 2682 φόϐος,
2947 2612 3177 2667 ἄκουσον
3197 2609 3435 2677 Παύλου,
3458 2610 3550 2663 καὶ
3586 2610 3882 2680 εὐχομένου

2298 2706 2477 2771 τοῦτο,
2498 2706 2594 2760 καὶ
2632 2704 2933 2777 χαίροντος,
2963 2703 3038 2766 ὡς
3075 2703 3203 2755 ὅταν
3238 2700 3401 2772 λέγῃ”
3441 2699 3514 2754 Τὸ
3553 2700 3884 2766 ἀναλῦσαι,

2300 2801 2398 2856 καί
2439 2800 2561 2855 σὺν
2594 2796 2827 2867 Χριστῷ
2865 2791 3039 2858 εἶναι,
3061 2793 3269 2859 πολλῷ
3299 2792 3543 2861 μᾶλλον
3578 2793 3880 2862 κρεῖττονο

2296 2892 2393 2946 καὶ
2415 2890 2575 2945 πάλιν
2595 2905 2608 2920 ⁸
2647 2889 2841 2957 Χαίρω
2875 2886 2975 2941 καὶ
3011 2886 3319 2956 συγχαίρω
3338 2883 3529 2939 πᾶσιν
3545 2885 3688 2955 ὑμῖν
3703 2901 3715 2913 ·
3740 2885 3805 2938 τὸ
3829 2885 3884 2938 δ’

2296 2982 2444 3037 αὐτὸ
2467 2980 2566 3034 καί
2584 2979 2755 3050 ὑμεῖς
2775 2978 3013 3047 χαίρετε
3030 2977 3129 3030 καί
3170 2977 3527 3045 συγχαίρετέ
3551 2995 3653 3047 μοι
3677 2998 3691 3009 ·
3717 2980 3807 3031 ἐπὶ
3825 2978 3886 3032 δὲ

2296 3077 2408 3138 τοῖς
2425 3072 2688 3136 ἐναντίοις
2707 3072 2997 3139 ἀλγοῦντος
3018 3088 3032 3102 ·
3058 3072 3141 3125 οὐ
3155 3071 3348 3139 μόνον
3366 3070 3495 3140 γὰρ.
3517 3071 3701 3139 φησὶν.
3723 3073 3884 3125 ἀλλὰ

2297 3166 2397 3221 καὶ
2433 3168 2600 3219 αὐτοὶ
2621 3164 2690 3217 ἐν
2708 3162 2942 3227 ἑαυτοῖς
2962 3159 3343 3229 στενάζομεν,
3366 3161 3677 3213 υἱοθεσίαν
3695 3162 3882 3215 ἀπεκ-

2298 3258 2624 3327 δεχόμενοι,
2668 3254 2781 3322 τὴν
2800 3255 3222 3321 ἀπολύτρωσιν
3254 3252 3360 3307 τοῦ
3382 3252 3656 3321 σώματος
3678 3251 3845 3320 ἡμῶν
3863 3270 3879 3285 ο

2299 3351 2394 3405 καὶ
2415 3350 2596 3403 πάλιν·
2622 3350 2686 3402 οι
2706 3348 2878 3412 ὄντες
2895 3346 2965 3400 ἐν
2979 3344 3059 3412 τῷ
3077 3344 3291 3414 σκήνει
3310 3340 3883 3415 τούτῳ,στενάζομεν

2291 3440 2679 3509 βαρούμενοι.

2374 3595 2436 3666 γ’.
2452 3592 2605 3658 Εἶδες
2620 3595 2784 3648 πόσον
2804 3592 2919 3645 ἐστὶ
2940 3590 3227 3661 φιλοσοφία
3249 3590 3409 3644 καλόν
3430 3607 3444 3655 ;
3480 3590 3549 3643 Ἀ
3572 3597 3688 3659 τοῖς
3704 3592 3883 3655 ἄλλοις

2298 3689 2425 3757 ἄξια
2454 3686 2705 3759 δακρύων
2734 3682 2874 3739 εἶναι
2897 3684 3063 3748 δοκεῖ,
3091 3681 3264 3736 ταῦτα
3293 3681 3469 3753 τούτῳ
3491 3682 3657 3753 εὐχῆς
3680 3700 3694 3713 ·
3725 3682 3818 3737 καὶ
3846 3683 3882 3738 ἃ

2296 3782 2409 3843 τοῖς
2430 3778 2607 3842 ἄλλοις
2627 3777 2753 3843 ἀξια
2782 3776 3119 3848 εὐφροσύνης
3145 3775 3240 3829 καί
3266 3774 3478 3844 ἡδονῆς,
3510 3774 3681 3828 ταῦτα
3708 3774 3883 3846 τούτῳ

2300 3869 2641 3941 στεναγμῶν.
2680 3870 2749 3922 Ἦ
2780 3869 2880 3922 οὐκ
2912 3868 3037 3934 ἀξια
3069 3867 3099 3907 ιι
3135 3867 3456 3937 στεναγμῶν
3498 3867 3559 3919 τὺ
3592 3868 3681 3920 ἐπ’
3719 3866 3881 3921 ἀλλο-

2295 3964 2454 4036 τρίας
2494 3957 2651 4027 εἶναι,
2676 3962 2770 4015 καὶ
2811 3959 3096 4032 πόρρωθεν
3122 3959 3225 4031 τῆς
3265 3959 3541 4031 ἡμετέρας
3568 3959 3882 4031 ἀπῳκίσθαι

2295 4055 2583 4127 πατρίδοςς
2607 4054 2679 4107 Ἦ
2708 4055 2808 4107 οὐκ
2836 4054 2984 4119 ἀξιον
3014 4052 3353 4125 εὐφροσύνης
3383 4052 3445 4106 τὸ
3476 4052 3686 4124 ταχέως
3712 4070 3879 4108 κατα-

2295 4148 2523 4220 δραμεῖν
2546 4146 2639 4200 ἐπὶ
2659 4146 2750 4201 τὸν
2770 4146 2943 4201 εῦδιον
2970 4145 3185 4217 λιμένα,
3204 4146 3299 4199 καὶ
3324 4146 3619 4199 ἀπολαϐεῖν
3643 4146 3742 4215 τὴν
3766 4146 3880 4201 άνω

2298 4240 2473 4304 πόλιν,
2503 4238 2629 4294 ἔνθα
2659 4239 2870 4310 ἀπέδρα
2897 4237 3080 4309 ὀδύνη,
3104 4238 3198 4291 καὶ
3226 4237 3393 4307 λύπη,
3420 4238 3515 4290 καί
3542 4238 3874 4307 στεναγμός;

2296 4331 2407 4385 Καὶ
2448 4332 2500 4385 τί
2534 4330 2670 4401 πρὸς
2716 4330 2837 4400 ἐμὲ,
2869 4330 3025 4401 φησί,
3074 4330 3166 4383 τὸν
3201 4328 3559 4401 ἀμαρτωλόνς
3601 4328 3764 4399 Ὁρᾷς
3794 4330 3879 4383 ὅτι

2296 4422 2394 4489 οὐχ
2421 4422 2450 4472 0
2482 4418 2711 4481 θάνατός
2741 4421 2887 4472 ἐστιν
2921 4420 2948 4471 0
2974 4418 3142 4471 ποιῶν
3169 4418 3266 4487 τὴν
3295 4418 3494 4487 λύπην,
3529 4418 3662 4471 ἀλλά
3686 4418 3762 4471 τὸ.
3780 4436 3875 4473 πο-

2296 4510 2462 4581 νηρὸν
2499 4509 2773 4574 συνειδός;
2814 4507 3027 4562 Παῦσαι
3078 4504 3171 4563 οὖν
3215 4509 3310 4562 τοῦ
3348 4506 3487 4562 εἷναι
3529 4510 3872 4581 ἁμαρτωλὸς,

2298 4601 2393 4654 καὶ
2425 4600 2577 4670 ἔσται
2610 4617 2691 4653 σοι
2720 4598 2967 4663 ποθεινὸς
2994 4600 3023 4652 0
3051 4599 3298 4663 θάνατος.
3339 4598 3490 4665 Τοὺς
3527 4600 3877 4670 ὀφθαλμούς

2299 4689 2451 4763 [507]
2480 4709 2600 4760 μου
2638 4689 2759 4745 ἀπὸ
2793 4689 3089 4760 δακρύων.
3124 4690 3363 4753 Εἰκότως
3391 4689 3565 4753 οὕτως
3598 4685 3778 4743 εἶπεν·
3815 4692 3876 4745 οὐ

2296 4782 2404 4851 γάρ
2438 4783 2584 4833 ἐστιν
2610 4782 2729 4833 ἐκεῖ
2755 4778 2923 4851 λύπη,
2954 4780 3076 4833 οὐδὲ
3107 4778 3334 4852 ἀθυμία,
3363 4780 3483 4834 οὐδὲ
3507 4780 3725 4852 θρῆνος.
3764 4781 3875 4834 Καὶ

2296 4873 2438 4939 τοὺς
2459 4872 2649 4939 πόδας
2666 4890 2785 4942 μου
2808 4871 2924 4926 ἀπὸ
2943 4872 3366 4942 ὀλισθήματος.
3384 4870 3555 4925 Τοῦτο
3569 4871 3663 4925 τοῦ
3681 4872 3883 4943 προτέ-

2300 4983 2393 5036 ρου
2417 4965 2619 5036 μεῖζον.
2650 4965 2810 5031 Πῶς;
2842 4966 3044 5019 Ὅτιού
3070 4965 3229 5035 μόνον
3248 4964 3421 5035 λύπης
3443 4965 3609 5035 ἐσμὲν
3631 4963 3858 5036 ἀπηλλα-

2293 5060 2503 5131 γμένοι,
2536 5059 2672 5113 ἀλλὰ
2692 5059 2786 5111 καὶ
2813 5057 2907 5111 τοῦ
2940 5057 3387 5120 ὑποσκελίζεσθαι
3412 5058 3505 5110 καὶ
3534 5056 3881 5111 ἐπιϐουλεύε-

2296 5151 2436 5203 σθαι.
2470 5150 2591 5202 Ἐπὶ
2622 5149 2725 5219 τῆς
2766 5149 2972 5221 πέτρας
3002 5148 3199 5219 ἕστηκε
3238 5148 3345 5219 7&9
3376 5149 3406 5199 0
3449 5147 3697 5202 ἀπελθὼν
3740 5147 3878 5217 μετὰ

2295 5240 2736 5311 κατορθωμάτων
2756 5256 2769 5270 ·
2802 5240 2895 5294 τοῦ
2931 5240 3146 5309 λιμένος
3180 5239 3509 5307 ἐπείληπται
3529 5253 3544 5268 °
3575 5237 3752 5291 πάντα
3779 5238 3875 5290 άν-

2294 5333 2493 5405 ῄρηται
2525 5334 2594 5386 τὰ
2635 5333 2934 5404 κωλύματα
2962 5333 3148 5386 λοιπόν
3167 5349 3181 5362 ·
3213 5328 3448 5401 οὐδαμοῦ
3482 5329 3732 5401 θόρυϐος,
3755 5331 3877 5384 οὐδὲ

2292 5426 2533 5496 ταραχή·
2567 5424 2683 5478 ἀλλ’
2705 5428 2764 5479 ἐν
2793 5425 3144 5497 εὐδοκιμήσει
3169 5434 3191 5461 ε
3218 5422 3455 5493 διηνεκεῖ
3480 5422 3627 5492 μένει
3652 5425 3681 5475 ὁ
3704 5422 3878 5486 οὕτως

2354 5695 2385 5734 ιδ
2407 5696 2557 5746 Savil.
2586 5698 2635 5747 in
2660 5701 2883 5761 margine
2904 5699 2933 5755 ἢ
2960 5698 3048 5747 οὐκ
3072 5697 3218 5754 ἄξιον.
3248 5696 3467 5759 Utraque
3509 5684 3657 5745 lcclib
3672 5699 3879 5757 quadrat

2293 5760 2655 5871 ’ἀτῖῗξῗέἱλλν
2674 5822 2723 5872 ἐν
2748 5822 3040 5870 καταστάσει
3077 5821 3244 5871 Ulram
3268 5822 3409 5871 malis
3429 5819 3562 5882 elige
3590 5821 3874 5870 lectionem.
