4218 6458
370 401 475 467 5t?

365 557 546 607 autem
586 548 727 605 tollit
767 546 1199 620 desperationem
1225 586 1242 614 ,
1279 534 1506 603 salutem
1537 548 1692 603 nobis
1728 547 1978 617 utrinque

368 654 684 711 procurans.

434 729 491 787 2.
522 731 726 788 Deinde
755 730 1044 786 ostendens
1067 730 1235 787 Deum
1264 745 1385 787 esse
1415 745 1742 801 propensum
1770 730 1837 784 ad
1863 729 1977 786 cle-

365 825 623 878 mentiam
646 863 663 888 ,
694 820 969 893 subjungit
992 824 1193 890 dicens,
1228 822 1295 876 Et
1325 822 1463 876 Deus
1492 832 1662 875 noster
1688 822 1971 877 miseretur.

364 916 533 971 Recte
556 922 737 968 autem
763 912 917 980 dixit,
944 913 1082 968 Deus
1110 925 1280 969 noster
1304 930 1324 967 :
1354 922 1412 967 ut
1436 928 1559 968 eum
1589 912 1879 983 distinguat
1904 912 1976 969 ab

363 1010 431 1062 iis
459 1007 600 1075 diis,
627 1022 855 1078 quorum
886 1007 1045 1076 paulo
1069 1016 1195 1062 ante
1216 1006 1480 1061 meminit.
1512 1005 1651 1062 Sunt
1679 1005 1823 1061 enim
1850 1003 1973 1060 illo-

360 1112 484 1159 rum
517 1106 696 1167 partes
713 1097 981 1162 occidere,
1005 1096 1072 1153 de
1099 1098 1276 1153 medio
1297 1097 1509 1164 tollere,
1533 1106 1589 1152 et
1616 1096 1753 1153 bella
1777 1096 1975 1166 impla-

358 1188 555 1255 cabilia
594 1202 820 1265 gerere;
850 1187 1009 1258 hujus
1047 1197 1225 1244 autem
1250 1229 1266 1254 ,
1295 1190 1371 1244 uti
1409 1188 1694 1245 clementia
1719 1229 1736 1256 ,
1762 1187 1973 1244 condo-

359 1292 517 1343 nare,
545 1286 599 1333 et
619 1277 832 1333 assidue
851 1294 882 1332 a
913 1278 1165 1349 periculis
1184 1279 1395 1349 eripere
1417 1296 1431 1332 :
1455 1295 1575 1349 qua:
1602 1279 1821 1350 quidem
1845 1295 1970 1335 cum

356 1368 484 1424 aliis
511 1368 743 1431 maxime
773 1370 1065 1424 ostendunt
1104 1369 1225 1424 illos
1251 1384 1375 1429 esse
1401 1369 1677 1425 daemones
1701 1378 1756 1426 et
1780 1370 1971 1425 exitio-

356 1475 474 1530 sos,
508 1460 650 1515 hunc
670 1470 848 1517 autem
874 1475 1057 1516 curam
1084 1475 1272 1531 gerere
1284 1470 1348 1539 et
1370 1462 1675 1531 providere,
1700 1471 1755 1518 et
1783 1477 1971 1518 verum

356 1566 481 1611 esse
512 1553 701 1608 Deum.

432 1642 705 1715 Infantum
746 1662 808 1699 ac
854 1662 1127 1719 puerorum
1164 1656 1334 1701 custos
1371 1644 1533 1701 Deus.
1561 1647 1825 1702 Securitas
1854 1648 1972 1703 vitae

354 1753 461 1798 non
491 1745 565 1793 cst
587 1741 877 1809 querenda.
903 1737 1047 1792 Mori
1068 1738 1296 1793 liberatio
1324 1749 1371 1792 et
1397 1740 1610 1807 requies.
1641 1738 1756 1794 Vita
1774 1757 1867 1795 cur
1886 1743 1968 1796 la-

355 1832 578 1887 boriosa.
596 1831 733 1886 -ηϐ.
776 1823 1077 1893 Custodiens
1103 1831 1339 1900 parvulos
1360 1830 1608 1895 Dominus
1631 1849 1649 1886 ε
1671 1833 1970 1889 humiliatus
2051 1893 2055 1898 ,

354 1941 491 1990 sum,
516 1933 563 1978 et
586 1924 812 1980 liberavit
842 1942 941 1979 me.
988 1924 1084 1979 llic
1114 1933 1293 1979 movet
1336 1924 1627 1979 maximum
1652 1926 1969 1995 genus-ejus

354 2015 731 2086 providentiae.
754 2016 1013 2085 Quoniam
1041 2016 1183 2071 enim
1208 2015 1363 2083 dixit,
1391 2015 1752 2071 Misericorset
1769 2019 1964 2087 justus,

352 2118 402 2166 et
430 2107 729 2175 miseretur,
760 2106 876 2177 ejus
914 2107 1164 2165 maximae
1195 2107 1499 2162 clementia:
1536 2123 1672 2177 Opus
1710 2108 1968 2181 deinceps

351 2198 612 2257 intendit.
640 2197 965 2268 Quodnam?
993 2197 1047 2254 ld
1074 2197 1325 2254 videlicet
1357 2215 1464 2277 quo
1498 2202 1667 2255 utitur
1702 2200 1757 2256 in
1788 2196 1966 2257 infan-

352 2299 436 2346 tes
455 2304 521 2345 ac
562 2304 810 2360 pueros):
852 2304 959 2345 non
1007 2290 1149 2346 enim
1194 2289 1458 2347 habemus
1498 2292 1764 2355 rationem
1795 2334 1812 2361 ,
1842 2309 1967 2365 qua

348 2397 455 2443 nos
492 2382 649 2439 docet
692 2382 810 2439 haec
838 2383 1041 2447 vitare.
1071 2382 1156 2438 illa
1180 2383 1380 2455 eligere
1404 2425 1420 2452 ,
1456 2394 1510 2440 et
1538 2386 1678 2451 mala
1712 2401 1835 2456 quae
1864 2401 1965 2444 nos

351 2474 618 2538 invadunt
646 2476 961 2547 propulsare
983 2517 1000 2547 ,
1028 2483 1084 2531 et
1111 2491 1232 2548 qua:
1262 2476 1457 2531 adsunt
1484 2487 1740 2534 excutere
1764 2496 1777 2531 :
1811 2487 1866 2534 et
1886 2479 1966 2535 vi-

344 2568 503 2628 ribus
526 2568 769 2629 valemus
790 2610 806 2637 ,
846 2578 901 2627 et
937 2578 1085 2629 artes
1120 2569 1360 2643 scimus;
1410 2569 1644 2627 infantes
1672 2582 1854 2634 autem
1897 2588 1963 2639 ac

345 2661 501 2736 pueri
532 2702 550 2731 ,
595 2660 788 2733 quibus
826 2660 944 2719 haec
989 2660 1170 2718 omnia
1218 2660 1476 2718 deliciunt
1503 2704 1520 2729 ,
1570 2672 1695 2719 sunt
1738 2663 1963 2733 perinde

342 2770 412 2812 ac
448 2758 496 2811 si
530 2771 639 2812 non
684 2755 944 2810 haberent
968 2754 1059 2826 qui
1087 2768 1184 2817 eos
1212 2765 1423 2826 regeret
1454 2772 1468 2808 :
1501 2757 1599 2811 sed
1627 2756 1680 2811 in
1711 2757 1962 2821 omnibus

344 2846 552 2906 habent
579 2848 674 2904 Dei
706 2846 1095 2921 providentiam
1119 2889 1137 2916 ,
1167 2863 1275 2919 qua
1314 2846 1419 2923 nisi
1469 2848 1683 2904 assidue
1713 2850 1959 2905 frueren-

344 2946 454 3006 tur,
485 2952 677 2995 omnes
702 2937 1009 3010 periissem.
1049 2936 1181 2993 Nam
1212 2947 1266 2993 et
1304 2953 1530 3008 serpens
1557 2940 1847 3009 perimeret
1880 2941 1962 2995 in-

347 3028 548 3097 fantem
592 3029 889 3085 involutum
926 3028 1108 3086 fasciis
1128 3071 1144 3102 ,
1174 3039 1229 3085 et
1268 3031 1382 3085 avis
1408 3045 1529 3100 qua:
1558 3030 1706 3101 degit
1735 3032 1790 3086 in
1822 3030 1957 3087 aedi-

346 3122 446 3179 bus
476 3122 573 3197 (a),
603 3132 660 3179 et
700 3122 870 3179 multa
913 3122 1017 3178 alia
1046 3137 1167 3193 qua:
1207 3131 1403 3193 repunt
1430 3137 1494 3177 ac
1525 3132 1747 3199 serpunt
1775 3123 1827 3177 iu
1858 3123 1959 3180 do-

346 3216 544 3274 suibus.
574 3214 759 3287 Neque
779 3215 924 3270 enim
949 3215 1149 3279 nutrix,
1183 3230 1283 3271 nec
1308 3223 1501 3283 mater,
1532 3231 1634 3285 nec
1660 3217 1799 3272 ullus
1819 3216 1957 3274 alius

344 3306 545 3372 sufﬁcit
573 3307 641 3363 ad
670 3320 859 3363 eorum
889 3305 1179 3377 perfectam
1210 3307 1499 3379 gerendam
1531 3307 1944 3379 providentiam,

346 3399 449 3456 nisi
474 3413 715 3471 superno
736 3397 994 3468 juventur
1019 3397 1247 3460 auxilio.
1278 3397 1531 3461 Nonnulli
1562 3410 1740 3463 autem
1769 3399 1958 3465 dicunt

346 3492 451 3550 hoc
469 3493 673 3549 dictum
701 3506 826 3553 esse
848 3489 921 3548 de
950 3489 1171 3550 fmtibus
1203 3492 1447 3554 nondum
1478 3492 1532 3550 in
1561 3493 1736 3549 lucem
1772 3494 1951 3557 editis.

345 3585 664 3645 IIuntiliatus
691 3600 838 3651 sum,
862 3593 911 3640 et
940 3584 1169 3640 liberavit
1199 3601 1297 3639 me.
1325 3584 1443 3641 Non
1475 3584 1645 3653 dixit,
1676 3585 1797 3643 Non
1825 3602 1955 3658 per-

343 3680 489 3740 misit
510 3688 568 3736 ut
591 3678 885 3741 inciderem
916 3678 971 3735 in
997 3677 1237 3750 pericula
1264 3696 1279 3734 :
1309 3677 1429 3746 sed,
1449 3678 1740 3750 Postquam
1764 3679 1949 3751 incidi,

341 3774 597 3843 servavit.
633 3770 901 3841 Quoniam
941 3773 1087 3827 enim
1114 3768 1252 3827 dixit
1279 3770 1588 3841 generalem
1623 3770 1741 3843 ejus
1771 3772 1950 3842 provi-

341 3837 600 3932 dentiam,
723 3879 877 3921 suam
916 3878 1133 3935 quoque
1161 3837 1447 3935 personam
1478 3837 1718 3920 extendit
1746 3837 1952 3923 oratio.-

342 3974 464 4017 nem
484 4000 502 4024 .
528 3959 671 4017 sicut
696 3972 769 4016 ex
797 3957 1139 4030 generalibus
1163 3965 1219 4014 et
1243 3972 1311 4014 ex
1332 3957 1694 4029 singularibus
1720 3957 1861 4015 solet
1887 3972 1953 4015 ea

340 4052 681 4109 confirmare.
711 4048 791 4106 Ne
818 4063 949 4121 ergo
976 4063 1189 4121 queras
1218 4049 1381 4104 vitam
1412 4050 1559 4109 omni
1591 4065 1657 4111 ex
1685 4060 1839 4121 parte
1866 4065 1953 4107 se-

341 4159 566 4212 curam;
598 4158 707 4199 non
732 4151 815 4199 est
844 4142 989 4198 enim
1022 4142 1117 4199 tibi
1155 4140 1516 4197 conducibile.
1559 4141 1617 4197 Si
1647 4142 1794 4198 enim
1840 4156 1950 4198 non

340 4248 455 4295 erat
478 4234 819 4295 conducibile
838 4234 1134 4307 prophetis,
1154 4234 1326 4290 multo
1350 4233 1521 4306 magis
1538 4249 1638 4290 nec
1656 4234 1770 4290 tibi.
1793 4234 1951 4304 Quod

342 4340 517 4387 autem
539 4345 646 4386 non
667 4336 812 4386 esset
839 4327 1196 4395 conducibile,
1222 4327 1348 4383 audi
1372 4327 1501 4399 quid
1531 4326 1676 4383 dicat
1703 4344 1722 4383 :
1745 4326 1951 4384 Bonum

342 4423 493 4489 ntilu',
521 4422 644 4493 quia
672 4420 954 4476 humiliasti
986 4436 1086 4486 me,
1111 4429 1170 4474 ut
1195 4420 1386 4475 discam
1408 4421 1806 4492 justiﬁcationes
1833 4429 1951 4477 tuas

342 4516 514 4589 (Psal.
550 4515 675 4573 118.
706 4515 819 4586 71).
849 4513 1052 4583 Duplex
1083 4512 1170 4569 hic
1195 4523 1277 4569 est
1300 4513 1592 4584 gratiarum
1619 4514 1779 4580 actio,
1805 4513 1949 4585 quod

341 4622 394 4670 et
422 4612 477 4669 in
512 4610 749 4683 pericula
775 4609 1013 4664 incidere
1040 4606 1368 4678 permiserit,
1398 4615 1455 4673 et
1482 4607 1625 4679 quod
1651 4623 1775 4670 cum
1800 4608 1948 4664 ceci-

343 4705 526 4767 disset,
555 4702 776 4757 minime
804 4699 1170 4769 dereliquerit.
1204 4699 1299 4754 Est
1326 4707 1507 4755 autem
1535 4710 1823 4770 utrumque
1847 4700 1949 4755 ali-

342 4796 609 4869 quomodo
638 4811 808 4867 genus
852 4794 1096 4852 benelicii
1121 4834 1135 4857 ,
1178 4809 1280 4849 nec
1318 4805 1403 4849 est
1447 4795 1595 4865 prius
1634 4796 1812 4850 minus
1854 4811 1946 4851 se-

342 4892 550 4955 cundo,
589 4891 698 4946 imo
727 4906 858 4946 vero
883 4931 899 4957 ,
934 4890 978 4945 si
1010 4888 1254 4943 mirabile
1282 4888 1483 4958 aliquid
1511 4888 1798 4944 dicendum
1823 4898 1941 4954 est,

341 4987 499 5041 etiam
544 4983 736 5054 majus.
788 4982 900 5037 lloc
940 4982 1084 5038 enim
1124 4981 1375 5036 liberavit
1410 4995 1440 5035 a
1486 4980 1769 5050 periculis,
1813 4981 1945 5037 illud

342 5092 466 5134 vero
507 5076 741 5131 animam
786 5073 910 5129 fecit
955 5074 1125 5144 magis
1164 5074 1484 5142 sapientem.
1510 5074 1564 5128 7.
1604 5073 1942 5142 Convertere,

342 5148 507 5227 anima
534 5187 645 5224 mea
665 5211 681 5236 ,
717 5170 770 5223 in
804 5169 1027 5239 requiem
1069 5179 1227 5234 tuam,
1258 5168 1380 5239 quia
1428 5168 1674 5224 Dominus
1703 5168 1946 5242 benefecit

344 5265 447 5318 tibi.
479 5264 535 5319 8.
575 5261 710 5331 Quia
752 5262 937 5330 eripuit
976 5261 1202 5314 animam
1245 5275 1409 5314 meam
1449 5261 1512 5315 tle
1544 5271 1738 5327 morte,
1770 5264 1945 5319 oculos

342 5372 474 5411 meos
496 5372 530 5409 a
555 5356 816 5427 lacrgmis,
845 5354 996 5425 pedes
1022 5370 1158 5409 meos
1182 5371 1214 5407 a
1234 5356 1403 5425 lapsu.
1435 5355 1490 5411 9.
1530 5356 1746 5411 Placebo
1770 5374 1945 5414 coram

341 5446 557 5503 Domino
582 5448 635 5503 in
655 5449 858 5519 regione
876 5449 1122 5502 virorum.
1149 5447 1394 5504 Historia:
1419 5450 1634 5520 quidem
1657 5454 1794 5507 ratio
1814 5452 1945 5509 dicit

398 5602 469 5666 (a)
502 5607 603 5653 Non
622 5602 838 5667 absurde
861 5602 988 5655 forte
1025 5608 1275 5667 quaratur
1294 5615 1521 5667 quaenam
1544 5604 1625 5654 illa
1646 5608 1751 5657 avis
1770 5608 1943 5659 dome-

489 5664 833 5737 quqinfautes
854 5664 1148 5730 perimeret,
1173 5664 1642 5737 nisitieustenellae
1665 5672 1795 5720 aetati
1824 5684 1939 5733 pro-

341 5726 570 5802 διιξξαει-
590 5726 701 5779 νοι
938 5738 1066 5802 am
1085 5740 1208 5802 quae.
1233 5726 1477 5802 βίοιαυὲες
1494 5726 1939 5802 interpretatum

339 5786 570 5911 ﬁlim
584 5802 809 5855 persaepe
830 5786 1175 5856 signiﬁcatita
1196 5789 1276 5841 hic
1299 5789 1392 5842 alia
1416 5790 1544 5845 forte
1568 5786 1675 5845 svis
1697 5786 1941 5847 valentior

1440 406 1804 473 EXPOSlTlO
1842 404 1908 461 IN
1950 404 2278 467 PSALMUM
2318 412 2507 470 CXIV.

3600 418 3706 479 518

2090 525 2405 594 chlarant
2422 529 2710 599 quamdam
2729 531 3123 602 liberationem,
3151 536 3391 609 requiem
3412 549 3466 594 et
3488 538 3706 597 liberta.

2089 624 2229 670 tem.
2252 617 2310 673 Si
2339 620 2460 689 quis
2490 629 2670 676 autem
2700 638 2821 678 eam
2851 627 3123 697 acceperit
3149 630 3476 701 anagogice,
3507 641 3709 697 poterit

2084 721 2367 763 excessum
2398 722 2466 764 ex
2507 710 2609 766 hac
2634 713 2739 767 vita
2782 730 2979 771 vocare
3022 716 3398 775 liberationem
3427 763 3441 782 ,
3472 736 3706 791 eamque

2082 798 2358 866 appellare
2388 800 2651 871 requiem.
2700 804 2794 859 Est
2825 805 2970 861 enim
3001 808 3069 863 ab
3096 810 3347 866 omnibus
3378 812 3537 869 malis
3566 812 3705 869 libe-

2083 888 2223 942 ratio
2246 931 2261 953 ,
2290 904 2393 946 nec
2418 902 2502 949 est
2527 895 2761 965 amplius
2801 898 3166 956 incertitudini
3196 902 3495 973 obnoxius,
3528 909 3704 981 utqui

2081 978 2152 1034 sit
2180 982 2526 1051 securitatem
2557 998 2959 1060 consequutus,
2989 992 3081 1062 qui
3110 1008 3234 1048 cum
3273 995 3413 1052 boita
3449 1012 3546 1068 spe
3577 978 3705 1057 hinc

2081 1074 2334 1128 excessit.
2362 1074 2480 1131 Etsi
2516 1078 2660 1133 enim
2704 1095 2854 1136 mors
2882 1081 3092 1139 invecta
3130 1097 3214 1141 est
3239 1102 3306 1142 ex
3339 1102 3597 1159 peccato,
3637 1108 3704 1164 ea

2083 1169 2263 1219 tamen
2295 1164 2439 1222 Deus
2463 1182 2594 1223 usus
2615 1180 2698 1225 est
2726 1171 2793 1226 ad
2828 1183 3071 1234 nostrum
3102 1176 3446 1235 beneficium.
3483 1183 3548 1238 Et
3579 1184 3702 1241 ideo

2080 1269 2189 1309 non
2213 1252 2315 1311 fuit
2333 1271 2397 1314 ea
2412 1259 2527 1315 sola
2553 1271 2863 1337 contentus,
2886 1266 2981 1322 sed
2999 1268 3160 1323 etiam
3184 1271 3345 1327 vitam
3369 1275 3603 1331 reddidit
3620 1278 3703 1333 la-

2079 1345 2351 1405 boriosam
2374 1392 2392 1419 ,
2419 1362 2477 1408 ut
2503 1355 2644 1410 scias
2671 1370 2797 1411 eum
2834 1373 2936 1414 nee
2966 1361 3118 1429 prius
3146 1365 3362 1434 quidem
3393 1372 3696 1437 permissu-

2076 1456 2199 1496 rum
2225 1442 2394 1501 fuisse
2422 1485 2439 1512 ,
2473 1447 2576 1503 nisi
2605 1447 2726 1519 ejus
2762 1452 3026 1521 sapientia
3065 1455 3117 1509 id
3147 1456 3306 1513 valde
3333 1461 3463 1516 utile
3494 1462 3697 1519 factum

2077 1546 2241 1590 esset.
2274 1535 2344 1591 Et
2372 1537 2496 1594 ideo
2515 1555 2637 1595 cum
2658 1541 2914 1613 dixisset,
2946 1546 3062 1612 Quo
3087 1548 3171 1603 die
3195 1553 3473 1608 comederis
3493 1597 3507 1619 ,
3538 1568 3703 1613 morte

2076 1627 2309 1683 morieris
2326 1627 2480 1701 (Gen.
2502 1629 2557 1685 2.
2580 1634 2672 1704 l7)
2696 1650 2713 1690 :
2742 1650 2851 1692 non
2871 1636 2975 1692 fuit
2997 1653 3157 1709 paena
3180 1652 3515 1715 contentus;
3538 1664 3697 1717 pmna

2063 1719 2221 1775 ‘enim
2236 1730 2373 1788 erat,
2403 1722 2560 1779 Terra
2576 1735 2711 1793 es,et
2735 1728 2788 1782 in
2814 1738 3001 1783 terram
3026 1736 3289 1795 reverteris
3313 1735 3477 1807 (Ibid.
3499 1740 3553 1795 5.
3576 1742 3693 1811 19);

2075 1824 2221 1867 nunc
2246 1821 2429 1869 autem
2456 1816 2604 1872 aliud
2633 1834 2848 1890 quoque
2879 1821 3065 1893 adjicit
3089 1867 3104 1891 ,
3148 1826 3335 1885 dicens
3366 1846 3379 1883 :
3411 1830 3479 1886 In
3508 1834 3699 1891 sudore

2073 1901 2245 1957 uultus
2270 1906 2345 1959 tui
2365 1910 2578 1966 vesceris
2601 1927 2736 1982 pane
2764 1921 2873 1969 tuo.
2903 1913 3098 1985 Spinas
3121 1928 3167 1973 et
3186 1920 3401 1977 tribulos
3428 1928 3693 1995 germina-

2075 1993 2146 2048 tm
2164 1995 2253 2049 tibi
2279 2013 2299 2052 .-
2323 2000 2378 2052 in
2404 2000 2663 2058 laboribus
2682 2006 2914 2062 comedes
2937 2024 3001 2064 ea:
3018 2025 3078 2065 sa
3112 2010 3275 2085 (Ibid.
3308 2026 3355 2068 et
3381 1993 3544 2073 v.18.
3575 2020 3692 2091 l7).

2076 2087 2146 2142 Et
2182 2090 2395 2147 mulieri
2435 2092 2615 2149 dixit:
2646 2094 3004 2168 Multiplicans
3046 2103 3396 2175 multiplicabo
3427 2087 3693 2168 teruntnas

2073 2188 2207 2248 tuas,
2237 2192 2284 2237 et
2308 2185 2549 2273 gemitum
2579 2196 2745 2244 tuum.
2778 2188 2846 2245 In
2872 2191 3132 2249 doloribus
3164 2196 3331 2264 paries
3359 2198 3497 2268 ﬁlios
3522 2200 3690 2273 (Ibid.

2071 2290 2120 2367 tt.
2153 2275 2284 2348 16).
2327 2269 2513 2351 Neque
2549 2282 2695 2338 enim
2728 2283 2861 2340 illud
2887 2288 3020 2342 satis
3053 2297 3173 2343 erat
3200 2288 3267 2344 ad
3299 2305 3395 2346 eos
3424 2269 3693 2367 castigan-

2070 2366 2195 2424 dos.
2222 2368 2418 2427 Multos
2451 2373 2634 2447 itaque
2670 2376 2919 2434 videmus
2944 2393 3007 2436 ea
3046 2383 3259 2440 ratione
3302 2385 3533 2443 evadere
3571 2366 3693 2448 me-

2071 2459 2258 2518 liores.
2282 2463 2426 2521 Mors
2446 2466 2590 2523 enim
2613 2467 2704 2525 ubi
2730 2470 3033 2543 advenerit,
3063 2474 3267 2533 alienat
3294 2494 3325 2534 a
3345 2493 3511 2537 sensu
3537 2482 3693 2542 :htre

2068 2563 2251 2610 autem
2292 2556 2445 2612 vivos
2473 2558 2728 2617 meliores
2756 2561 3019 2619 efficiunt.
3058 2564 3213 2634 Quod
3255 2569 3301 2624 si
3346 2571 3561 2628 videtur
3604 2591 3695 2631 res

2068 2659 2192 2702 esse
2219 2648 2519 2716 terribilis,
2560 2650 2614 2708 id
2656 2652 2715 2709 tit
2740 2670 2807 2710 ex
2844 2656 3216 2717 imbecillitate
3246 2676 3435 2719 eorum
3475 2666 3566 2736 qui
3613 2667 3694 2724 sic

2067 2737 2243 2795 aﬂ‘ecti
2269 2750 2416 2796 sunt.
2445 2742 2602 2812 Quod
2629 2746 2775 2801 enim
2820 2746 2908 2803 hic
2942 2760 3121 2807 metus
3158 2753 3229 2807 sit
3261 2753 3651 2815 imbecillitatis
3673 2800 3691 2827 ,

2065 2831 2190 2887 audi
2221 2832 2448 2890 Paulum
2477 2852 2598 2892 eam
2628 2848 2906 2909 Optantem
2930 2884 2946 2905 .
2987 2852 3043 2899 et
3080 2841 3152 2902 de
3190 2860 3255 2902 ea
3282 2846 3559 2906 ltutantem
3579 2893 3595 2912 .
3635 2862 3694 2908 ut

2065 2923 2283 2992 quando
2309 2925 2479 2982 dicit:
2510 2928 2750 2997 Resolai,
2789 2941 2837 2987 et
2864 2949 2974 2989 esse
2998 2952 3115 2991 cum
3155 2937 3359 2994 Christo
3378 2981 3393 3007 ,
3424 2951 3499 2996 est
3526 2944 3691 2999 multo

2064 3014 2247 3071 melius
2272 3015 2547 3090 (Philipp.
2582 3022 2636 3077 1.
2665 3021 2777 3096 25)
2804 3041 2819 3092 ;
2851 3036 2908 3082 et
2937 3042 3148 3097 rursus,
3178 3027 3352 3086 Ltetor
3381 3042 3432 3088 et
3458 3035 3690 3092 colla'tor

2062 3123 2180 3162 cum
2209 3109 2351 3166 vobis
2379 3113 2645 3182 omnibus;
2672 3116 2848 3174 itidem
2876 3136 2965 3175 vos
3003 3137 3202 3194 quoque
3228 3125 3473 3180 laetemini
3500 3138 3547 3183 et
3576 3130 3690 3185 col-

2064 3204 2305 3261 ltetemini
2347 3223 2546 3264 mecum
2585 3209 2763 3283 (Ibid.
2820 3214 2877 3269 2.
2928 3214 3017 3270 17.
3080 3216 3240 3289 18);
3292 3219 3361 3277 de
3399 3223 3689 3281 contrariis

2062 3308 2243 3355 autem
2270 3300 2545 3359 dolentem
2580 3321 2595 3358 :
2631 3303 2757 3361 Non
2785 3307 2954 3361 solum
2987 3308 3121 3363 enim
3142 3353 3158 3377 ,
3204 3312 3415 3384 inquit,
3455 3317 3546 3370 sed
3586 3318 3689 3388 ipsi

2062 3393 2215 3463 etiam
2242 3394 2298 3449 in
2323 3396 2467 3451 nobis
2494 3396 2622 3468 ipsis
2650 3398 3027 3471 ingemiscimus
3047 3445 3065 3469 ,
3096 3403 3326 3471 ﬁliorum
3356 3407 3685 3477 adoptionem

2062 3493 2432 3553 exspectantes,
2465 3480 2816 3544 liberationem
2838 3493 3069 3563 corporis
3097 3497 3261 3549 nostri
3282 3496 3459 3569 (Rom.
3484 3498 3538 3554 8.
3556 3499 3683 3573 25);

2061 3585 2117 3631 et
2141 3591 2351 3643 rursus,
2380 3578 2483 3647 Qui
2511 3596 2686 3636 sumus
2714 3583 2766 3635 in
2796 3582 2893 3636 hoc
2920 3584 3279 3653 tabernaculo,
3303 3588 3686 3660 ingemiscimus

2058 3670 2259 3740 gravati
2288 3670 2365 3743 (2.
2392 3668 2513 3728 Cor.
2541 3672 2597 3729 5.
2627 3673 2723 3746 4).

2134 3762 2187 3817 3.
2211 3761 2418 3829 Quanta
2442 3782 2523 3821 res
2547 3777 2620 3822 est
2652 3768 2978 3841 philosophia
2997 3772 3299 3829 christiana.
3333 3774 3499 3832 Dolor
3523 3796 3625 3834 non
3651 3798 3684 3836 tt

2059 3871 2221 3912 morte
2240 3897 2258 3926 ,
2291 3859 2383 3915 sed
2410 3875 2443 3914 a
2470 3862 2610 3916 mala
2634 3864 2963 3921 conscientia.
2987 3892 3063 3907 π-
3090 3867 3284 3924 Vidisti
3315 3884 3577 3941 quantum
3609 3876 3682 3931 sit

2058 3949 2262 4007 bonum
2291 3950 2631 4023 philosophia
2653 3953 2678 4008 ‘l
2698 3953 2830 4024 Quae
2851 3955 2973 4012 aliis
2997 3958 3252 4015 videntur
3276 3976 3398 4018 esse
3419 3962 3577 4035 digna
3602 3966 3681 4021 la-

2058 4043 2260 4115 crymis
2284 4085 2301 4110 ,
2344 4059 2410 4101 ea
2448 4042 2576 4101 huic
2610 4046 2861 4104 videntur
2899 4063 3021 4106 esse
3049 4052 3284 4122 optanda
3319 4071 3332 4108 :
3361 4063 3418 4110 et
3455 4066 3680 4127 propter

2057 4153 2179 4209 qua:
2203 4139 2297 4194 alii
2324 4154 2385 4196 se
2408 4139 2533 4212 jure
2562 4150 2753 4211 putant
2788 4141 2961 4199 laetari
3000 4154 3057 4200 et
3093 4145 3376 4218 voluptate
3413 4146 3598 4217 allici,
3632 4151 3678 4206 is

2057 4241 2283 4301 propter
2301 4247 2365 4288 ea
2386 4232 2661 4289 existimat
2675 4248 2797 4290 esse
2818 4236 3015 4292 merito
3042 4237 3530 4308 ingemiscendum.
3566 4245 3681 4299 An-

2057 4340 2167 4381 non
2212 4334 2297 4382 est
2339 4329 2534 4385 merito
2576 4328 3038 4399 ingemiscendum
3064 4372 3080 4399 ,
3111 4331 3255 4403 quod
3300 4334 3474 4391 simus
3502 4334 3557 4390 in
3590 4352 3680 4392 re-

2056 4421 2216 4492 gione
2254 4421 2430 4479 aliena
2454 4462 2471 4488 ,
2511 4430 2565 4479 et
2607 4423 2661 4478 in
2702 4432 2901 4480 terram
2943 4427 3132 4497 procul
3174 4443 3206 4484 a
3245 4430 3416 4497 patria
3444 4430 3678 4501 positam

2056 4517 2371 4573 amandati?
2406 4518 2602 4575 Annon
2644 4528 2730 4575 est
2764 4519 3004 4576 maxime
3051 4521 3384 4591 laetandum,
3431 4525 3575 4594 quod
3623 4526 3677 4581 in

2055 4609 2403 4682 tranquillum
2444 4621 2658 4682 portum
2700 4626 2823 4677 cum
2866 4612 3102 4681 maxima
3145 4614 3427 4671 celeritate
3455 4631 3676 4672 cursum

2057 4714 2339 4762 teneamus
2363 4747 2378 4769 .
2416 4714 2472 4762 et
2500 4720 2791 4777 supernam
2814 4706 3090 4762 civitatem
3116 4707 3445 4778 recipiamus
3466 4706 3493 4777 ,λ
3512 4725 3544 4765 a
3570 4726 3675 4781 qua

2054 4796 2263 4869 aufugit
2306 4797 2483 4864 dolor,
2518 4796 2770 4854 molestia
2794 4838 2809 4862 ,
2840 4807 2895 4853 et
2937 4798 3216 4869 gemitus?
3247 4798 3316 4855 Et
3344 4801 3471 4871 quid
3514 4817 3638 4857 mea
3666 4845 3681 4865 ,

2055 4889 2303 4962 inquies,
2346 4888 2515 4945 refert
2539 4930 2554 4954 ,
2582 4889 2693 4960 qui.
2719 4905 2839 4944 sum
2880 4892 3172 4960 peccator?
3203 4889 3368 4948 Vides
3402 4908 3510 4950 non
3551 4909 3675 4953 esse

2053 4992 2284 5039 mortem
2325 5000 2447 5055 qua:
2481 4983 2727 5040 dolorem
2756 4983 2983 5052 afferat,
3016 4985 3112 5042 sed
3145 4986 3341 5045 malam
3380 4990 3671 5046 conscien-

2055 5076 2234 5131 tiam?
2276 5076 2472 5133 Desine
2510 5092 2641 5149 ergo
2683 5092 2911 5149 peccare
2934 5121 2949 5145 ,
2993 5088 3049 5133 et
3087 5080 3192 5135 erit
3235 5079 3332 5141 tibi
3368 5082 3673 5152 expetenda

2054 5185 2223 5225 mors.
2256 5167 2447 5224 Oculos
2485 5185 2624 5223 meos
2660 5186 2693 5223 a
2730 5169 2998 5242 lacrymis.
3028 5169 3218 5227 Merito
3256 5172 3329 5227 ita
3359 5172 3495 5229 dixit
3524 5193 3538 5230 :
3568 5189 3677 5232 non

2053 5273 2135 5318 est
2162 5262 2305 5317 enim
2326 5262 2435 5319 illic
2452 5262 2630 5329 dolor,
2652 5262 2893 5331 tristitia,
2922 5278 3025 5319 nec
3049 5263 3247 5319 luctus.
3272 5264 3341 5320 Et
3364 5268 3517 5337 pedes
3539 5285 3677 5325 meos

2053 5372 2087 5410 a
2102 5355 2273 5427 lapsu.
2296 5354 2410 5413 Hoc
2424 5364 2509 5410 est
2528 5354 2705 5426 majus
2723 5356 2925 5423 priore.
2948 5350 3270 5426 Quomodo?
3291 5357 3444 5427 Quod
3472 5374 3581 5414 non
3605 5361 3677 5416 si.

2052 5462 2173 5504 mus
2196 5447 2372 5506 solum
2399 5445 2612 5503 liberati
2645 5461 2679 5501 a
2705 5446 2895 5503 dolore
2918 5490 2934 5514 ,
2964 5448 3057 5503 sed
3092 5449 3255 5504 etiam
3292 5464 3321 5503 a
3353 5450 3673 5520 supplanta-

2052 5542 2199 5598 tione
2225 5550 2282 5597 ct
2300 5540 2369 5597 ab
2394 5539 2625 5596 insidiis.
2653 5538 2771 5597 Stat
2792 5541 2938 5597 enim
2969 5557 3133 5612 super
3156 5549 3395 5615 petram,
3423 5541 3517 5614 qui
3544 5557 3671 5601 cum

2051 5642 2201 5694 recte
2236 5634 2393 5691 factis
2430 5632 2698 5691 recessit:
2730 5643 2945 5704 portum
2987 5633 3351 5705 apprehendit
3385 5654 3399 5691 :
3444 5636 3674 5707 impedi.

2050 5738 2230 5787 menta
2273 5727 2457 5786 omnia
2500 5725 2555 5781 in
2603 5736 2878 5798 posterum
2926 5726 3137 5783 sublata
3187 5737 3352 5795 sunt;
3401 5734 3671 5802 nusquam

2052 5822 2205 5881 turba
2224 5864 2241 5893 ,
2276 5836 2376 5879 nec
2408 5820 2668 5878 tumultus
2703 5836 2716 5875 :
2745 5820 2801 5875 in
2831 5819 3125 5893 tranquillo
3153 5828 3297 5877 statu
3330 5831 3511 5878 manet
3542 5836 3670 5896 pcr-
