4154 6434
562 418 670 477 3l9

557 554 722 617 petuo
747 541 795 596 is
818 538 911 608 qui
940 537 1016 591 sic
1044 529 1354 589 excesserit.
1393 524 1615 579 Placebo
1641 537 1813 577 coram
1841 515 2063 617 Domino
2088 512 2145 567 in

550 608 757 701 regione
780 632 1023 685 visorum.
1051 626 1202 682 Alius
1221 663 1237 689 ,
1268 622 1397 675 Ante
1424 618 1718 672 Dominum.
1749 613 1899 668 Alius
1917 653 1932 677 ,
1962 608 2144 663 Inmu-

546 722 755 777 bulubo.
784 720 897 777 Hoc
918 720 1081 775 etiam
1104 715 1301 770 Paulus
1327 710 1559 766 ostendit
1586 707 1772 763 dicens
1803 723 1816 757 :
1853 701 1918 757 Et
1944 718 2037 756 nos
2062 716 2146 753 ra-

552 818 757 887 piemur
780 813 833 867 in
858 810 1070 865 nubibus
1095 809 1144 861 in
1173 820 1435 860 occursum
1465 800 1669 855 Domini
1696 799 1749 849 in
1777 811 1963 857 aerem,
1998 802 2044 846 et
2071 790 2144 844 ita

552 882 751 973 semper
782 918 897 955 cum
935 900 1156 953 Domino
1192 896 1376 950 erimus
1407 894 1493 961 (l.
1528 889 1704 942 Thess.
1734 888 1787 941 4.
1822 884 1889 938 16
1911 891 1948 951 ).
1979 882 2144 936 Recte

552 1006 732 1051 autem
769 993 937 1057 dixit,
969 989 1035 1044 In
1064 989 1264 1059 regione
1299 983 1580 1038 viventium.
1617 979 1705 1031 illa
1737 977 1878 1030 enim
1909 982 1989 1029 est
2018 986 2143 1025 vera

554 1088 699 1153 vita,
727 1101 758 1140 a
790 1093 960 1140 morte
990 1082 1154 1135 libera
1177 1121 1189 1144 ,
1230 1092 1349 1146 quae
1392 1074 1550 1128 habet
1597 1071 1733 1124 bona
1773 1080 1901 1135 pura
1940 1072 1997 1119 et
2036 1077 2140 1116 non

554 1182 743 1237 mixta.
777 1174 993 1243 Quando
1026 1174 1168 1229 enim
1192 1212 1205 1235 ,
1236 1168 1405 1237 ittquit
1425 1206 1440 1229 ,
1468 1162 1703 1217 deiecerit
1727 1173 1921 1212 omnem
1950 1154 2140 1223 princi-

555 1281 730 1342 patum
750 1308 765 1332 ,
797 1275 841 1320 et
872 1280 1065 1318 omnem
1096 1268 1389 1331 potestatem
1420 1272 1479 1309 ac
1508 1256 1735 1306 uirtutem
1758 1291 1772 1315 ,
1802 1250 2007 1301 uitiosus
2038 1243 2139 1301 ini-

552 1339 718 1416 initus
743 1358 986 1412 delabitur
1011 1371 1145 1407 mors
1177 1352 1264 1421 (ι.
1297 1350 1415 1405 Cor.
1447 1347 1532 1402 is.
1560 1344 1650 1398 at.
1678 1342 1748 1396 se
1766 1341 1809 1412 ).
1845 1339 1936 1393 llis
1960 1346 2137 1393 autem

552 1452 781 1516 deletis,
824 1449 955 1503 nihil
997 1454 1238 1502 remanet
1283 1444 1433 1510 triste
1474 1453 1575 1494 nec
1603 1434 1953 1507 injucundum
1981 1474 1996 1498 ,
2030 1444 2137 1484 non

550 1560 711 1611 cura,
746 1560 850 1599 non
879 1539 1197 1605 sollicitudo,
1223 1554 1328 1593 non
1354 1536 1539 1590 labor:
1571 1540 1722 1587 erunt
1758 1532 1934 1598 itaque
1960 1525 2138 1580 omnia

523 1636 755 1707 .la-titia,
778 1634 954 1689 omnia
984 1647 1103 1700 pax,
1130 1629 1306 1684 omnia
1335 1626 1528 1681 caritas
1558 1626 1596 1687 ',
1625 1621 1805 1677 omnia
1837 1616 2137 1687 tranquilli-

554 1739 656 1793 tas,
683 1728 859 1782 omnia
886 1724 1171 1780 delectatio
1193 1764 1205 1785 ,
1235 1721 1411 1775 omnia
1440 1734 1564 1771 vera
1604 1725 1661 1769 et
1698 1715 1903 1767 sincera
1925 1752 1939 1776 ,
1968 1708 2142 1764 solida

553 1829 607 1875 et
631 1818 857 1873 stabilia.
886 1815 1074 1870 Nullus
1100 1822 1181 1867 est
1209 1812 1349 1865 enim
1379 1810 1487 1863 illic
1510 1804 1773 1874 ejusmodi
1802 1803 2001 1870 lapsus,
2030 1814 2135 1853 non

552 1910 659 1971 ira,
689 1923 795 1961 non
824 1906 1034 1959 tristitia
1060 1944 1075 1969 ,
1104 1918 1209 1957 non
1240 1915 1389 1953 amor
1418 1898 1683 1965 pecuniae,
1718 1907 1821 1947 non
1850 1904 2134 1958 corpOrum

548 1997 892 2059 desiderium,
916 2010 1021 2047 non
1048 2001 1349 2061 paupertas,
1383 2004 1485 2041 nun
1517 1986 1732 2045 divitirc,
1762 1998 1865 2035 non
1897 1978 2131 2041 infamia,

548 2104 657 2145 non
696 2086 895 2157 aliquid
934 2084 1075 2138 aliud
1117 2080 1398 2151 ejusmodi.
1443 2079 1589 2131 lianc
1628 2089 1805 2142 itaque
1851 2086 1948 2125 nos
1973 2071 2130 2123 vitam

547 2178 910 2235 desideremus
936 2185 990 2231 et
1013 2189 1201 2229 omnes
1230 2170 1466 2225 actiones
1495 2176 1703 2223 nostras
1726 2181 1792 2221 eo
1816 2164 2130 2233 dirigamus.

549 2270 841 2341 Propterea
866 2272 1005 2323 enim
1035 2268 1282 2337 jubemur
1308 2264 1467 2318 etiam
1494 2262 1671 2316 dicere
1703 2261 1754 2312 in
1786 2256 2090 2326 precatione
2114 2293 2129 2318 ,

545 2362 790 2418 Adseniat
804 2377 1012 2432 regnum
1032 2371 1171 2412 tuum
1194 2356 1402 2426 (Matth.
1424 2361 1476 2410 ti.
1504 2355 1615 2424 l0),
1638 2362 1695 2407 ut
1718 2353 1785 2407 ad
1812 2352 1959 2404 illum
1989 2350 2129 2403 diem

545 2468 759 2525 semper
787 2453 1150 2523 respiciamus.
1186 2449 1284 2518 Qui
1312 2448 1455 2505 enim
1488 2446 1579 2502 illo
1604 2461 1785 2500 amore
1816 2451 2047 2503 tenetur,
2080 2449 2133 2495 et

545 2542 758 2601 illorum
787 2544 1048 2599 bonorum
1078 2557 1171 2611 spe
1198 2542 1375 2605 alitur,
1412 2539 1571 2593 nullis
1600 2537 1754 2591 malis
1782 2533 2131 2605 prmseutibus

544 2635 820 2701 obruitur,
863 2632 1023 2688 nullis
1065 2632 1223 2701 hujus
1263 2630 1446 2685 smculi
1484 2626 1737 2681 utrumuis
1772 2625 2128 2695 deprimitur:

544 2722 640 2781 sed
686 2720 1130 2793 quemadmodum
1176 2720 1265 2788 qui
1315 2717 1379 2773 ad
1426 2716 1623 2786 regiam
1671 2715 1856 2769 urbem
1901 2722 2123 2768 conten-

541 2811 695 2877 dunt,
725 2811 871 2865 nullo
901 2809 1040 2880 quod
1072 2810 1125 2863 in
1155 2808 1344 2862 itinere
1370 2822 1428 2862 se
1455 2805 1643 2862 oll'erat
1671 2806 1987 2868 retinentur,
2019 2816 2127 2857 non

544 2904 709 2976 pratis
732 2946 747 2970 ,
777 2918 881 2958 non
920 2902 1087 2956 hortis
1110 2943 1126 2965 ,
1167 2915 1273 2955 non
1309 2899 1532 2953 vallibus
1554 2940 1569 2964 ,
1606 2914 1711 2953 non
1739 2896 1968 2952 desertis
1989 2936 2005 2962 ,
2032 2894 2127 2949 sed

542 3005 890 3064 utrorumque
918 2993 1115 3048 nullam
1144 2994 1405 3046 rationem
1443 2990 1698 3044 ducentes
1716 3029 1730 3054 ,
1755 2988 1821 3042 ad
1849 3002 2009 3041 unum
2034 3000 2126 3041 so-

540 3086 650 3145 lum
680 3087 993 3155 respiciunt,
1023 3093 1212 3153 nempe
1240 3082 1305 3137 ad
1326 3083 1551 3151 patrium
1576 3096 1696 3151 qua:
1719 3089 1800 3134 est
1826 3093 1921 3134 eos
1948 3091 2128 3133 susce-

540 3190 739 3251 ptura:
780 3179 851 3233 ita
892 3178 1051 3231 etiam
1091 3177 1180 3245 qui
1219 3174 1455 3244 quotidie
1497 3174 1641 3228 illam
1682 3172 1780 3226 sibi
1832 3170 2034 3241 efﬁngit
2069 3176 2127 3226 et

535 3270 791 3343 exprimit
809 3269 1077 3324 civitatem
1102 3308 1117 3331 ,
1152 3278 1207 3322 et
1226 3266 1344 3337 ejus
1369 3264 1513 3320 fovet
1536 3265 1733 3335 alitque
1758 3262 2081 3319 desiderium
2102 3301 2123 3329 ,

538 3361 670 3418 nihil
707 3376 893 3417 eorum
918 3375 1038 3430 qua:
1067 3368 1191 3413 sunt
1214 3358 1413 3429 gravia,
1443 3371 1605 3428 grave
1629 3355 1991 3420 existimabit,
2025 3368 2127 3410 nec

537 3469 725 3511 eorum
752 3468 869 3521 qua:
897 3459 1021 3506 sunt
1045 3449 1277 3521 jucunda
1302 3460 1355 3504 et
1384 3450 1629 3515 illustria,
1656 3447 1951 3518 jucundum
1976 3456 2030 3504 et
2054 3447 2123 3502 il-

535 3544 725 3602 lustre.
750 3542 884 3613 Quid
912 3554 1089 3598 autcm
1114 3541 1253 3606 dico,
1285 3558 1390 3596 non
1420 3541 1787 3596 existimabit?
1822 3540 1932 3595 imo
1958 3556 2019 3595 ea
2053 3555 2123 3596 ne

536 3636 737 3693 videbit
762 3636 977 3707 quidem
1003 3678 1018 3700 ,
1055 3645 1114 3690 ut
1141 3636 1230 3706 qui
1260 3635 1391 3689 alios
1421 3634 1609 3689 habeat
1645 3635 1826 3691 oculos
1847 3678 1862 3701 ,
1906 3646 1959 3689 et
1988 3637 2122 3692 tales

538 3728 723 3799 quales
751 3727 989 3797 praecipit
1024 3726 1220 3782 Paulus
1246 3726 1430 3781 dicens
1472 3744 1486 3779 :
1526 3724 1649 3781 Non
1690 3727 2123 3782 considerantibus

536 3820 677 3876 nobis
710 3835 824 3893 qua!
858 3820 1110 3884 uidentur,
1150 3820 1239 3874 sed
1274 3835 1387 3893 qua:
1425 3836 1525 3873 non
1566 3818 1828 3887 videntur;
1856 3836 1968 3888 qua:
1989 3822 2121 3875 enim

536 3914 799 3981 sidentur,
832 3915 1129 3982 temporalia
1166 3924 1321 3969 sunt:
1357 3930 1472 3980 quae
1511 3921 1678 3984 autem
1700 3929 1814 3966 non
1858 3913 2119 3980 videntur,

535 4018 722 4065 eterna
743 4006 837 4077 (2.
862 4006 979 4061 Cor.
1008 4007 1061 4061 4.
1087 4007 1210 4077 l8).
1246 4006 1429 4060 Vidisti
1458 4006 1726 4075 quomodo
1748 4006 1884 4059 viam
1914 4007 2013 4061 alia
2041 4007 2121 4061 di-

534 4100 714 4156 ctione
751 4097 1087 4153 ostenderit?
1129 4098 1221 4152 Illa
1265 4112 1393 4167 ergo
1435 4099 1839 4167 amplectamur,
1876 4100 2119 4154 utetiam

534 4204 906 4260 assequamur,
930 4197 984 4245 et
1004 4189 1109 4244 vita
1140 4188 1207 4243 ab
1232 4190 1375 4244 omni
1404 4190 1617 4245 interitu
1643 4191 1816 4245 aliena
1844 4190 2116 4249 fruamur:

535 4296 696 4351 quam
717 4280 874 4335 detur
899 4279 1146 4335 omnibus
1173 4279 1325 4335 nobis
1363 4282 1616 4350 consequi
1641 4324 1656 4347 ,
1687 4284 1853 4352 gratia
1883 4293 1935 4337 et
1965 4284 2119 4339 beni-

536 4373 735 4443 gnitate
761 4371 973 4428 Domini
1000 4370 1167 4426 nostri
1188 4370 1311 4425 Jesu
1327 4370 1547 4438 Christi,
1572 4376 1653 4426 cui
1680 4374 1845 4442 gloria
1864 4385 1917 4430 et
1944 4384 2122 4444 poten-

540 4462 631 4519 ἀει,
666 4476 808 4515 nunc
837 4469 889 4515 et
918 4475 1152 4530 semper,
1180 4469 1234 4514 et
1259 4460 1313 4513 in
1339 4462 1531 4515 saecula
1559 4463 1897 4518 saeculorum.
1928 4467 2118 4547 Anien.

1020 4629 1090 4687 lN
1126 4629 1450 4688 PSALMUM
1484 4630 1647 4689 CXV.

544 4744 597 4800 l.
627 4741 834 4801 Credidi
859 4753 1063 4815 propter
1088 4744 1226 4814 quod
1248 4744 1482 4813 loquutus
1507 4761 1622 4800 sum
1649 4764 1671 4801 :
1696 4763 1788 4817 ego
1822 4755 1992 4803 autem
2025 4748 2123 4803 Itu-

1066 4836 1288 4890 miliatus
1312 4852 1422 4890 sum
1441 4835 1610 4890 nimis.

618 4947 671 5001 l.
708 4946 873 5016 Hujus
902 4946 1029 5002 dicti
1068 4948 1257 5003 beatus
1297 4947 1488 5004 Paulus
1517 4951 1840 5008 mentionem
1879 4951 2123 5026 faciens,

545 5037 720 5094 dicit:
761 5038 1016 5094 Habentes
1058 5050 1227 5094 autem
1270 5040 1499 5095 eumdem
1547 5042 1799 5111 Spiritum
1841 5046 1962 5113 ﬁdei
1997 5048 2128 5103 sicut

546 5132 790 5200 sCriptum
823 5143 893 5186 est
920 5147 939 5186 :
966 5129 1172 5188 Credidi
1210 5141 1416 5203 propter
1458 5134 1591 5203 quod
1628 5135 1861 5207 loquutus
1898 5156 2008 5194 sum
2036 5156 2057 5195 :
2080 5150 2127 5196 et

548 5238 641 5278 stos
669 5223 935 5287 credimus,
964 5232 1171 5294 propter
1195 5224 1330 5293 quod
1353 5234 1400 5280 et
1424 5226 1677 5299 loquimur
1696 5228 1784 5300 (2.
1808 5227 1927 5286 Cor.
1951 5233 2005 5287 4.
2036 5233 2122 5289 l5.

553 5311 677 5384 14).
710 5312 937 5369 Necesse
964 5323 1042 5369 est
1071 5329 1200 5385 ergo
1235 5316 1462 5385 primum
1505 5318 1716 5386 dicere,
1754 5323 2021 5392 quomodo
2061 5339 2127 5379 eo

551 5418 678 5457 usus
700 5412 785 5459 est
809 5407 1102 5477 Apostolus
1121 5450 1136 5475 ,
1159 5414 1214 5461 et
1241 5406 1308 5463 de
1335 5424 1567 5478 quonam
1595 5424 1772 5469 sermo
1800 5423 1942 5470 esset
1966 5415 2033 5471 ab
2060 5432 2127 5472 eo

551 5493 843 5551 institutus.
872 5497 946 5550 tta
973 5497 1114 5553 enim
1143 5512 1208 5553 eo
1236 5514 1622 5569 cognoscemus
1643 5541 1659 5569 ,
1697 5504 1822 5575 quid
1860 5507 1958 5562 sibi
2000 5507 2128 5563 velit

552 5583 831 5655 propheta.

625 5672 875 5730 Famula
900 5675 1114 5733 docendi
1147 5679 1355 5751 optima.
1381 5710 1455 5721 —
1481 5682 1692 5755 Alioqui
1722 5701 1850 5744 vero
1896 5688 2011 5745 haec
2046 5699 2129 5746 est

617 5827 721 5901 tutu
745 5826 861 5901 ﬁdit.
899 5828 1062 5901 litorei.
1101 5832 1195 5901 hoc
1213 5832 1376 5901 deest,
1398 5836 1560 5901 onutia
1575 5837 1772 5891 caritas.
1805 5841 1896 5893 sed
1921 5841 2128 5896 habetur

552 5886 609 5941 in
630 5891 746 5944 uss.
760 5895 812 5940 et
834 5890 1055 5959 ἰιιεεινΰ.,
1074 5900 1224 5963 atque
1245 5896 1313 5950 ita
1334 5886 1456 5967 legit
1478 5886 1732 5954 net-retiis".

1304 407 1361 465 8.
1400 402 1677 464 JOANNIS
1715 393 2194 457 ClliiYSOS’l'Olll
2235 392 2556 448 ιςειελιιειι.
2589 390 3125 451 CONSTANTINOP.

3733 388 3874 446 περ

2253 507 2452 578 optima
2482 507 2709 562 docendi
2748 504 2907 572 ratio,
2954 520 3058 560 non
3102 502 3360 559 orationis
3387 501 3579 557 seriem
3624 503 3849 555 exscin-

2249 598 2401 664 dere,
2434 615 2533 655 ncc
2557 608 2706 669 parte
2732 607 2954 667 accepta
2981 599 3035 652 in
3062 595 3444 661 ea/immorari,
3489 593 3584 648 sed
3626 594 3693 647 ab
3729 593 3870 646 alto-

2248 690 2447 745 ducere
2466 690 2743 745 exordium
2774 688 3115 743 narrationis.
3148 688 3221 743 De
3249 701 3479 756 quonam
3509 699 3637 753 ergo
3669 685 3850 740 disse-

2250 796 2374 834 rens
2404 781 2598 835 Paulus
2628 780 2868 834 meminit
2899 778 3231 847 hujns‘roeis
3258 776 3622 845 prOpIieticm?
3655 775 3728 831 De
3756 792 3853 829 re-

2248 870 2602 935 surrectione,
2630 882 2683 924 et
2709 869 3006 923 futurorum
3036 868 3294 921 bonorum
3321 868 3684 939 perceptione,
3718 882 3848 935 qua:

2248 976 2461 1015 onmem
2491 963 2773 1026 rationem,
2802 971 3143 1029 mentemque
3182 968 3235 1013 et
3263 959 3639 1027 cogitationem
3668 973 3840 1029 supc-

2248 1064 2387 1108 rant.
2417 1055 2676 1120 Quoniam
2704 1068 2837 1122 ergo
2862 1052 2976 1107 haec
3021 1067 3235 1106 omnem
3269 1049 3591 1120 superabant
3634 1049 3845 1104 oratio-

2246 1158 2390 1209 nem,
2421 1159 2518 1198 nec
2539 1158 2600 1196 ea
2623 1142 2892 1209 explicare
2919 1150 3144 1211 poterat,
3169 1141 3272 1195 lide
3296 1150 3472 1194 autem
3495 1139 3560 1193 ad
3582 1153 3644 1194 ea
3670 1140 3857 1195 susci-I

2245 1236 2440 1306 pienda
2488 1250 2623 1305 opus
2667 1243 2751 1290 est
2783 1253 2795 1287 :
2828 1249 2895 1289 ne
2940 1234 3348 1289 conturbaretur
3370 1232 3605 1299 Judazus,
3660 1241 3711 1286 et
3738 1246 3847 1287 ceu

2243 1341 2379 1381 vana
2404 1341 2499 1396 spe
2524 1323 2736 1379 inﬂatus
2760 1339 2820 1380 se
2843 1322 3007 1379 fuisse
3026 1323 3309 1393 deceptum
3328 1323 3680 1386 existimaret,
3713 1336 3844 1390 pro.

2243 1418 2460 1489 phctico
2484 1416 2627 1472 dit-to
2672 1415 2890 1485 corrigit
2931 1415 3049 1485 ejus
3076 1413 3510 1483 imprudentiam,
3544 1427 3855 1481 propenso--

2244 1510 2369 1564 dum
2396 1508 2579 1563 dicens
2606 1525 2617 1560 :
2642 1506 2756 1574 Non
2782 1520 2893 1559 rem
2916 1505 3145 1575 aliquam
3170 1519 3360 1557 novam
3383 1504 3619 1573 requiro,
3652 1501 3843 1568 ﬁdem.

2242 1600 2336 1657 sed
2370 1610 2521 1653 vetus
2567 1599 2783 1651 bonum.
2839 1596 3047 1651 Etenim
3090 1596 3168 1651 sic
3210 1593 3421 1664 quidem
3452 1593 3683 1657 Paulus;
3714 1605 3872 1662 pror

2243 1690 2436 1761 pheta‘
2486 1698 2685 1751 autem,
2742 1702 2863 1743 cum
2904 1688 3267 1755 ipsequoque
3308 1691 3450 1739 esset
3481 1683 3838 1753 pnndieturus

2243 1784 2381 1839 b0na
2412 1782 2656 1853 quzcdam
2685 1791 2943 1835 eventura
2973 1778 3194 1844 JUdil‘iS,
3221 1793 3339 1847 qua:
3377 1768 3700 1847 superabant
3737 1776 3846 1831 bu-

2242 1892 2457 1930 manum
2489 1889 2665 1928 rerum
2695 1872 2960 1937 ordinem,
2992 1886 3063 1925 ne
3104 1871 3223 1940 quis
3246 1879 3431 1939 posset
3458 1870 3537 1923 eis
3565 1868 3723 1924 [idem
3750 1866 3845 1923 de-

2239 1984 2449 2039 rogare,
2482 1968 2551 2021 ita
2581 1967 2847 2037 Psalmttm
2868 1964 3103 2033 incepit,
3124 1963 3310 2018 dicens
3341 1980 3354 2017 :
3381 1960 3604 2027 Credidi,
3632 1972 3852 2031 propter

2237 2061 2371 2129 quod
2395 2068 2441 2112 et
2470 2060 2706 2127 loquutus
2743 2054 3166 2124 sum.'Quoniam
3198 2054 3339 2107 enim
3389 2053 3655 2121 perierant
3683 2052 3863 2109 Jeror

2238 2152 2469 2221 solyma,
2501 2148 2865 2217 templumque
2909 2145 3084 2200 fuerat
3114 2158 3360 2201 eversum
3398 2152 3453 2199 et
3488 2140 3749 2210 dirutum,
3781 2154 3841 2201 ct

2237 2260 2426 2299 omnes
2474 2243 2673 2311 captivi
2713 2250 2770 2296 et
2796 2239 2961 2294 vincti
2993 2239 3206 2293 abducti
3257 2237 3465 2292 fuerant
3510 2238 3563 2291 in
3601 2237 3835 2293 alienam

2236 2335 2531 2404 regionem,
2564 2332 2773 2386 barbari
2802 2339 2977 2385 autem
3002 2342 3101 2399 pro
3128 2329 3232 2382 illis
3259 2320 3459 2383 terram
3487 2343 3679 2383 eorum
3703 2344 3835 2398 pos-

2236 2426 2502 2491 sidebant,
2533 2434 2587 2478 et
2614 2424 2796 2478 vineas
2821 2422 3083 2492 plantat-e,
3113 2419 3307 2476 domos
3324 2420 3613 2487 mdillcare,
3639 2431 3691 2474 et
3718 2435 3837 2473 uta-

2236 2518 2487 2573 trimonia
2537 2515 2857 2570 contrahere
2895 2513 3030 2583 jussi
3073 2514 3283 2567 inerant
3324 2510 3486 2566 :hmc
3537 2509 3837 2567 adercbant

2232 2591 2435 2663 Judris
2472 2605 2923 2676 desperationem,
2970 2610 3026 2658 et
3052 2601 3307 2671 deinceps
3347 2602 3488 2671 apud
3532 2616 3591 2658 se
3628 2604 3838 2675 cogitas

2231 2697 2361 2753 bant
2390 2712 2404 2750 :
2435 2694 2494 2753 Si
2543 2710 2666 2752 cum
2714 2692 3035 2748 haberemus
3077 2692 3377 2759 civitatem,
3418 2707 3590 2758 arma,
3646 2695 3829 2761 arces,

2232 2789 2472 2860 pecunia:
2499 2787 2706 2857 ecpiam
2740 2794 2962 2851 tantam,
3010 2784 3288 2854 templum,
3317 2784 3508 2850 altare,
3538 2786 3742 2841 cultum
3774 2796 3832 2843 et

2232 2879 2585 2941 ceretnonias,
2618 2886 2778 2946 atque
2802 2875 2962 2931 aliam
2993 2888 3209 2931 ouinem
3236 2874 3510 2947 religionis
3539 2877 3849 2933 institutio--

2233 2985 2381 3035 nem,
2408 2968 2588 3023 traditi
2624 2977 2682 3022 et
2712 2969 2764 3021 in
2794 2966 3106 3023 servitutem
3133 2976 3292 3037 atque
3330 2957 3691 3037 captivitatem
3729 2970 3831 3026 ab-

2230 3059 2375 3115 ducti
2415 3073 2644 3112 sumus:
2673 3071 2814 3111 nunc
2856 3072 2979 3111 cum
3014 3058 3067 3111 in
3092 3056 3264 3111 aliena
3304 3058 3523 3127 regione
3546 3059 3830 3130 degamus,

2229 3159 2283 3206 et
2312 3150 2560 3205 omnibus
2598 3148 2835 3219 spoliati,
2878 3145 3007 3201 nudi
3044 3156 3097 3203 et
3146 3148 3286 3203 servi
3330 3149 3519 3215 simus,
3557 3151 3847 3221 quomodo-

2229 3244 2524 3315 poterimus
2559 3252 2797 3296 nostram
2827 3240 3068 3319 recipere
3106 3239 3331 3311 patriam
3350 3240 3376 3294 ἵ
3407 3241 3669 3307 Quoniam
3696 3258 3833 3315 ergo

2229 3338 2385 3393 multi
2434 3351 2501 3392 ex
2547 3334 2987 3391 imbecillioribus
3032 3332 3150 3389 hare
3183 3342 3498 3405 reputantes
3526 3336 3827 3396 conturba-

2228 3428 2441 3491 bantur,
2488 3434 2543 3482 et
2584 3441 2690 3479 non
2736 3423 3082 3479 attendebant
3124 3422 3418 3495 prophetis,
3447 3424 3536 3495 qui
3566 3425 3839 3494 pra-dice-

2226 3520 2354 3576 bant
2400 3518 2674 3574 reditum:
2708 3524 2995 3586 propterea
3042 3514 3122 3570 sic
3161 3514 3315 3582 dixit,
3370 3529 3436 3571 ex
3481 3517 3843 3574 eo'dmnibus-

2226 3610 2513 3667 ostendens
2542 3624 2677 3679 Opus
2712 3623 2833 3663 esse
2863 3606 2965 3662 llde
2996 3607 3061 3661 ad
3092 3622 3176 3675 ea,
3206 3622 3330 3677 quae
3357 3606 3611 3663 dicuntur
3635 3624 3663 3663 a
3690 3609 3825 3666 Deo.

2226 3702 2337 3759 Eos
2372 3712 2549 3756 autem
2604 3700 2691 3754 alii
2745 3714 2959 3769 quoque
3007 3699 3165 3754 aliter
3203 3686 3570 3769 alloquuntur,
3629 3716 3824 3771 quem—-

2226 3792 2512 3848 admodum
2544 3790 2704 3845 lsaias
2748 3791 2827 3846 sic
2854 3790 3040 3845 dicens
3068 3807 3081 3843 :
3118 3788 3372 3861 Respicite
3392 3792 3460 3845 ad
3487 3793 3705 3847 solidum
3730 3810 3827 3865 pe-

2226 3892 2357 3938 tram
2391 3900 2454 3938 ea:
2474 3900 2574 3955 qua
2604 3883 2758 3937 excisi
2782 3882 2900 3936 estis
2934 3880 3033 3953 (α),
3061 3891 3107 3935 et
3128 3882 3198 3935 ad
3222 3884 3411 3953 fossam
3441 3883 3605 3950 lacus,
3638 3901 3701 3939 ea:
3720 3902 3824 3956 quo

2224 3977 2400 4044 εποεςὶ
2425 3978 2542 4029 estis
2571 3973 2722 4047 (lsai.
2750 3975 2835 4028 51.
2864 3974 2940 4045 1).
2972 3974 3037 4028 Et
3062 3988 3279 4030 rursus:
3297 3976 3547 4046 Respicite
3568 3978 3636 4030 ad
3659 3978 3829 4033 Abra-

2224 4070 2345 4123 ham
2372 4078 2567 4137 patrem
2606 4076 2843 4133 uestrum,
2901 4077 2947 4120 et
2994 4065 3063 4118 ad
3098 4065 3313 4121 Sorram
3340 4082 3456 4138 qua:
3495 4084 3584 4121 vos
3623 4070 3822 4137 peperit

2223 4163 2360 4235 quod
2385 4177 2516 4215 unus
2557 4168 2684 4224 erat,
2725 4167 2772 4213 et
2799 4159 2969 4212 uocaui
2996 4159 3185 4225 ipsum,
3214 4166 3262 4213 et
3284 4158 3596 4228 sanctiﬁcovi
3623 4161 3831 4231 ipsum,

2225 4264 2274 4307 et
2300 4251 2631 4323 ntuitiplicavi
2674 4250 2842 4321 ipsum
2882 4248 3045 4319 (Ibid.
3075 4266 3126 4304 υ.
3152 4249 3232 4318 2).
3258 4247 3413 4318 Quod
3441 4258 3619 4306 autem
3662 4252 3817 4319 dicit,

2225 4354 2309 4400 est
2333 4342 2595 4413 ejusmodi
2623 4340 2851 4397 :Nonne
2876 4349 2994 4396 erat
3012 4340 3286 4399 Abraham
3316 4341 3611 4399 barbarus?
3636 4359 3821 4403 nonne

2225 4435 2439 4492 carebat
2454 4434 2659 4499 liberis,
2677 4442 2733 4490 et
2746 4432 2856 4503 jam
2877 4442 3034 4487 aetate
3055 4432 3428 4503 processerat?
3456 4450 3633 4491 nonne
3655 4437 3821 4493 habe-

2224 4525 2317 4582 bat
2347 4538 2588 4589 uxorem,
2615 4538 2734 4593 qua:
2758 4531 2813 4577 ct
2835 4530 3061 4595 propter
3079 4531 3313 4589 aetatem,
3346 4531 3403 4580 et
3428 4536 3643 4596 propter
3662 4536 3833 4583 natu--

2224 4632 2340 4676 ram
2354 4626 2469 4673 erat
2482 4616 2603 4672 ﬁliis
2622 4616 2966 4686 procreandis
2983 4615 3218 4671 inutilis?
3232 4631 3409 4672 annon
3427 4628 3581 4674 erant
3596 4635 3684 4677 res
3697 4622 3825 4687 ejus

2223 4712 2443 4768 omnino
2457 4708 2781 4779 desperans?
2794 4707 2929 4775 Quid
2942 4707 3097 4777 ergo?
3106 4721 3285 4763 annon
3300 4724 3367 4763 ex
3382 4726 3487 4766 uno
3503 4712 3620 4768 sine
3636 4711 3819 4770 liberis

2224 4812 2280 4861 et
2296 4809 2557 4875 provecta:
2575 4800 2750 4857 artatis
2770 4799 2983 4869 impleri
3003 4800 3185 4854 orbem
3197 4801 3386 4856 term?
3404 4801 3540 4871 Quid
3551 4820 3678 4877 ergo
3692 4821 3818 4862 con-

2224 4894 2552 4952 turbsminii
2574 4890 2634 4947 Si
2660 4891 2804 4947 enim
2827 4905 2892 4946 ex
2924 4905 3032 4945 uno
3052 4890 3201 4960 potui
3227 4891 3454 4962 implere
3481 4895 3668 4951 orbem
3687 4890 3821 4954 ter-

2223 5004 2300 5046 rte
2319 5005 2333 5043 :
2351 4986 2518 5043 multo
2537 4984 2706 5055 magis
2730 4999 2795 5039 ex
2818 4982 2973 5039 vobis
2995 4983 3179 5054 paucis
3202 4984 3437 5056 implebo
3454 4965 3812 5063 Jerosolyma.

2289 5103 2307 5136 ι
2343 5099 2486 5152 savil.
2510 5101 2561 5150 in
2581 5098 2801 5161 margine
2821 5096 3091 5161 pleniorem
3114 5097 3259 5149 atl‘ert
3278 5097 3546 5151 lectionem
3569 5104 3673 5154 sic:
3702 5113 3819 5157 Pro-

2688 5158 2793 5234 ’11ιά
2814 5158 3231 5234 ἀίεεῖΜΡὲρίηΞτ
3250 5162 3352 5233 ,δον
3377 5163 3465 5234 8),ε
3499 5180 3531 5234 ι,
3560 5172 3750 5234 ’δαῖτα
3771 5177 3820 5234 st

2221 5222 2679 5337 mmi:
2700 5222 3124 5333 tgimmifestastt
3142 5222 3314 5285 mihi,»
3330 5222 3419 5288 qui
3429 5231 3564 5275 tanta
3582 5227 3819 5291 sapientia

2222 5302 2535 5358 W.""‘r
2559 5302 2698 5358 σέίῖην.
2714 5302 2809 5358 “9"
2829 5346 2839 5358 .

2226 5608 2349 5647 vera
2369 5608 2706 5659 germanoque
2732 5608 2882 5645 lectio
2908 5608 3002 5667 est.
3017 5611 3111 5667 tax
3128 5608 3299 5648 autem
3325 5608 3533 5651 Hebrus
3548 5608 3826 5663 verterant,

2226 5660 2285 5717 ἢν
2312 5658 2833 5732 υατομήᾳατελᾳιιζιῃξ
2860 5656 3134 5732 ρει-παιδιῇ.
3164 5659 3349 5732 Verum
3378 5662 3460 5712 hic
3493 5661 3680 5732 passivi
3704 5677 3829 5714 sen-

2228 5719 2625 5798 sus‘reqiiititur.
2649 5719 3009 5798 §imititerque
3027 5720 3170 5798 infr_a,
3193 5723 3289 5798 ubi
3316 5719 3637 5798 septuaginta
3662 5724 3828 5776 inter-

2229 5780 3164 5906 ?Jiiﬁ.i‘é’fr'§§o§ioﬁi§“§giﬁipli
3186 5780 3827 5906 ἓξῗῖχῖοῗζὲἐ,ζ⁴ἑ⁰ῗιῗι’ἐ⁸ε⁴⁷ἦοῖ’ὲέ

2430 5881 2443 5901 .
2468 5846 2848 5915 Chrysostomus
2875 5846 3019 5910 legit,
3034 5846 3164 5905 ἑξόὗ
3186 5846 3525 5913 amoma
3543 5863 3641 5913 quo
3658 5846 3827 5915 crassi

2230 5910 2366 5977 estis,
2388 5927 2539 5976 quem
2562 5913 2893 5981 signiﬁcatum
2919 5916 3135 5985 requirit
3154 5910 3249 5973 vos
3276 5910 3510 5989 Hebraea,
