4218 6456
271 434 361 491 ιξι

276 550 334 607 Et
356 547 476 603 ideo
503 542 642 601 dicit
669 559 683 596 :
716 534 973 609 Respicite
994 530 1062 586 ad
1088 526 1305 585 solidam
1334 532 1550 593 petram.
1578 531 1643 571 ea:
1659 528 1760 584 qua
1787 525 1875 564 cr-

275 639 359 695 risi
383 637 526 703 estis,
551 631 827 691 Abraham
845 629 916 683 ita
940 635 1143 680 vocans
1172 638 1187 675 :
1215 625 1262 672 et
1287 617 1478 689 fossam
1498 610 1663 703 lacus,
1694 620 1759 703 ea:
1779 616 1879 673 quo

275 730 441 798 (ποιεί
470 695 594 782 estis
616 765 632 789 ,
683 723 903 778 Sarram
951 716 1023 771 ita
1071 711 1357 773 nominans
1386 703 1483 776 (a).
1510 695 1878 769 Quemadmo-

275 789 403 878 dum
435 818 587 876 enim
620 816 773 870 lacus
799 824 992 882 aquam
1034 821 1133 877 per
1174 817 1235 859 se
1266 813 1371 855 non
1403 796 1586 861 habet,
1626 789 1724 849 sed
1759 800 1880 842 eam

277 913 505 982 suscipit
534 924 603 964 ex
632 906 878 974 supernis
920 898 1113 972 pluviis
1142 913 1155 949 :
1185 895 1257 949 ita
1280 891 1442 947 etiam
1472 886 1558 942 illa
1583 899 1707 940 cum
1738 886 1884 936 esset

277 975 482 1075 privata
508 999 769 1056 facultate
812 990 1093 1068 gignendi,
1114 1004 1143 1041 a
1170 984 1420 1075 supernis
1457 977 1669 1049 accepit
1692 975 1835 1075 illam
1864 988 1879 1033 ς

276 1064 330 1153 et
358 1064 999 1164 quemadmodum‘pctra
1046 1090 1336 1148 numquam
1367 1074 1600 1127 fructum
1638 1065 1782 1132 tulit,
1811 1064 1887 1118 ita

280 1158 393 1241 nec-
409 1183 556 1238 ferre
581 1187 792 1251 poterat
817 1172 1090 1230 Abraham
1116 1187 1132 1224 :
1160 1182 1260 1237 ego
1283 1176 1460 1222 tamen
1488 1176 1585 1218 vos
1613 1158 1761 1214 illinc
1785 1171 1884 1212 ex-

279 1275 475 1346 culpsi,
508 1284 564 1330 et
583 1248 659 1327 ex
689 1284 798 1325 uno
839 1274 918 1323 tot
943 1273 999 1322 et
1040 1270 1218 1319 tantas
1246 1259 1495 1332 regiones
1544 1250 1784 1324 implevi.
1819 1248 1889 1304 Et

284 1370 409 1424 ideo
438 1363 781 1424 Ezechielem
804 1374 1014 1432 quoque
1038 1357 1090 1411 in
1119 1367 1371 1423 campum
1400 1348 1599 1413 educit,
1626 1353 1680 1401 et
1705 1351 1893 1398 osten-

281 1457 362 1513 dit
383 1458 435 1513 ei
463 1454 737 1512 cumulum
764 1450 988 1516 ossium,
1019 1455 1075 1504 et
1117 1443 1450 1516 prophetans
1498 1451 1621 1493 ossa
1663 1434 1885 1501 excitat,

283 1547 579 1604 ostendens
599 1546 699 1611 eis,
732 1553 787 1599 et
816 1541 1002 1597 dicens
1027 1557 1041 1592 :
1074 1536 1137 1593 Si
1161 1549 1371 1608 possunt
1390 1530 1612 1586 excitare
1635 1535 1888 1590 mortuos,

286 1640 639 1712 multomagis
664 1653 772 1701 vos,
800 1635 885 1704 qui
923 1632 1108 1697 vivitis,
1135 1628 1374 1684 reducere
1400 1622 1631 1712 (Ezech.
1650 1620 1739 1675 37.
1776 1619 1889 1687 l5).

287 1733 366 1789 llli
393 1711 609 1805 quidem
640 1730 719 1785 sic
747 1746 761 1782 :
795 1727 882 1783 hic
908 1734 1087 1780 autem
1116 1718 1375 1792 prOpheta
1407 1711 1720 1787 quomodo?

364 1845 519 1901 Fidei
562 1842 831 1900 necessitas
855 1841 911 1894 in
940 1830 1379 1911 promissionibus.
1422 1827 1631 1884 Rationi
1658 1824 1897 1880 Itumanat

292 1957 393 1995 non
422 1937 745 1994 innitendum
772 1935 824 1989 in
861 1932 1015 1988 rebus
1057 1927 1262 1984 divinis.
1315 1953 1387 1967 --
1432 1919 1661 1987 Credidi,
1687 1926 1921 1990 propter

286 2032 427 2097 quod
477 2029 715 2100 loquutus
759 2032 891 2081 sunt.
951 2023 1065 2080 Hoc
1113 2026 1237 2075 est:
1268 2014 1401 2072 Fide
1444 2028 1580 2084 opus
1608 2019 1692 2066 est
1737 2008 1804 2062 ad
1834 2021 1899 2063 ea

288 2137 412 2189 ante
438 2120 865 2190 promittuntur:
896 2130 996 2184 ego
1034 2111 1181 2169 enim
1226 2123 1289 2165 ea
1328 2105 1592 2190 cogitans,
1615 2112 1671 2159 et
1714 2101 1900 2157 animo

290 2187 605 2277 revolvens,
640 2208 744 2265 lide
790 2206 1095 2264 introducta
1139 2216 1357 2259 omnem
1405 2187 1593 2267 expuli
1612 2191 1899 2265 perturba-

294 2304 520 2360 tionem.
555 2301 667 2357 lloc
695 2314 825 2371 ergo
853 2298 986 2355 dicit
1015 2288 1238 2360 Paulus,
1290 2291 1343 2345 in
1374 2288 1459 2345 bis
1501 2277 1811 2349 sensilibus,
1848 2290 1903 2337 ct

294 2410 418 2467 qua:
448 2394 698 2449 videntur
726 2391 906 2457 bonis,
955 2387 1063 2444 ﬁde
1092 2400 1228 2457 opus
1253 2397 1393 2440 esse.
1425 2379 1583 2449 Quod
1608 2378 1655 2434 si
1683 2377 1737 2431 in
1773 2389 1903 2461 sen-

294 2454 508 2553 silibus,
541 2484 709 2539 multo
729 2454 901 2554 magis
920 2480 971 2535 in
1003 2454 1389 2551 spiri‘tualibus.
1413 2472 1469 2530 Si
1487 2470 1630 2528 enim
1658 2478 1721 2524 ut
1749 2454 1904 2523 suam

295 2578 573 2634 civitatem
607 2590 668 2630 se
701 2580 1114 2644 recuperaturos
1141 2568 1510 2629 admitterent,
1539 2563 1620 2619 eis
1646 2561 1742 2616 fuit
1768 2572 1905 2629 opus

299 2669 407 2725 ﬁde
437 2685 451 2721 :
483 2666 657 2722 multo
695 2665 866 2736 magis
902 2662 1078 2731 nobis,
1125 2660 1219 2732 qui
1266 2658 1461 2715 cadum
1504 2664 1904 2726 exepectamus.

296 2759 530 2831 Quando
553 2771 684 2829 ergo
709 2765 791 2814 est
825 2753 1027 2826 aliquid
1055 2767 1329 2822 magnum,
1356 2760 1413 2807 et
1440 2747 1586 2820 quod
1621 2745 1907 2817 cogitatio-

299 2870 425 2912 nem
453 2864 510 2910 et
533 2852 797 2907 rationem
837 2855 1082 2919 superat,
1111 2853 1324 2917 oportet
1361 2858 1481 2900 eam
1521 2855 1824 2906 assumere,
1853 2848 1911 2894 et

302 2962 413 3003 non
440 2945 678 3001 humano
708 2942 899 2999 ordine
920 2956 1008 2997 res
1026 2938 1359 2996 examinare.
1386 2934 1740 2992 Admirabilia
1763 2932 1910 2990 enim

304 3040 401 3096 Dei
426 3053 592 3110 opera
618 3045 747 3093 sunt
772 3037 838 3091 iis
866 3033 1119 3090 omnibus
1146 3030 1445 3102 superiora.
1475 3026 1703 3098 Oportet
1731 3025 1913 3095 itaque

302 3147 401 3189 ora
448 3129 750 3187 rationibus
798 3128 1144 3185 ebstruentes
1183 3123 1252 3179 ad
1301 3121 1463 3177 ﬁdem
1516 3132 1824 3185 accurrere,
1858 3126 1915 3174 et

307 3224 480 3279 Deum
507 3221 678 3293 gloria
707 3218 948 3276 afﬁcere.
980 3216 1082 3286 Qui
1109 3215 1255 3272 enim
1282 3213 1494 3269 ratione
1517 3209 1797 3267 contendit
1818 3210 1916 3265 res

305 3314 376 3371 ad
406 3315 556 3370 illum
580 3320 887 3383 spectantes
915 3308 1181 3374 invenire,
1207 3318 1551 3377 nequaquam
1586 3317 1711 3359 eum
1738 3300 1915 3373 gloria

307 3406 499 3472 allicit,
528 3404 703 3475 utqui
740 3402 1007 3458 ratiocinii
1034 3399 1116 3456 sui
1143 3398 1435 3454 humilitati
1462 3396 1594 3454 velit
1619 3395 1916 3452 ineffabilia

309 3498 430 3569 ejus
454 3494 775 3553 teconomite
798 3493 1022 3549 consilia
1041 3490 1335 3562 subjicere.

378 3613 434 3668 2.
482 3610 608 3665 ideo
629 3608 695 3664 de
719 3605 992 3663 Abraham
1019 3618 1234 3677 quoque
1262 3604 1492 3676 loquens
1534 3601 1755 3671 Paulus,
1780 3616 1919 3673 quo-

314 3706 459 3761 niam
492 3717 600 3757 non
629 3700 734 3756 hoc
764 3698 926 3767 fecit,
955 3698 1051 3754 sed
1079 3707 1217 3754 suas‘
1249 3697 1488 3752 rationes
1514 3695 1922 3767 reprehendens

312 3793 555 3865 respexit
572 3791 638 3846 ad
662 3790 957 3862 potentiam
979 3788 1099 3867 ejus
1119 3787 1319 3859 quiest
1338 3786 1627 3859 pollicitus,
1655 3796 1710 3841 et
1734 3795 1921 3843 osten-

310 3888 450 3945 dens
478 3899 602 3940 eum
622 3882 722 3938 hac
744 3882 955 3937 ratione
983 3881 1155 3937 Deum
1185 3879 1417 3934 maxima
1448 3878 1618 3950 gloria
1648 3877 1917 3944 adeoisse,

310 3980 443 4037 dicit
472 3977 579 4033 ειη
609 3976 943 4048 promissione
970 3976 1105 4029 enim
1131 3971 1231 4029 Dei
1262 3988 1364 4028 non
1394 3972 1648 4027 haesitavit
1674 3969 1919 4025 incredu-

313 4075 481 4140 litate,
509 4071 599 4126 sed
623 4068 825 4126 validus
865 4072 1035 4140 factus
1062 4076 1137 4122 est
1162 4068 1295 4137 fide,
1328 4065 1459 4119 dans
1483 4065 1703 4137 gloriam
1726 4064 1856 4129 Deo,
1874 4071 1923 4119 et

315 4176 451 4221 certo
475 4179 776 4230 persuasus,
800 4162 968 4232 ipsum
994 4160 1135 4232 quod
1161 4158 1419 4230 pollicitus
1445 4167 1551 4224 est,
1593 4173 1742 4230 posse
1770 4158 1924 4213 etiam

317 4262 489 4330 facere
516 4255 691 4327 (Rom.
728 4255 780 4310 ι.
800 4252 891 4309 20.
913 4250 1189 4324 2|).Quid
1217 4258 1378 4323 pOrro
1405 4260 1510 4317 est,
1537 4238 1791 4306 [labentes
1831 4268 1928 4306 au-

318 4362 419 4406 tem
446 4349 676 4403 eumdem
706 4346 962 4417 Spiritum
976 4346 1120 4414 ﬁdei,
1139 4347 1267 4399 sicut
1291 4345 1535 4414 scriptum
1560 4353 1674 4399 est:
1695 4344 1925 4409 Credidi,

320 4451 530 4514 propter
574 4441 709 4511 quod
758 4440 991 4511 loquutus
1034 4452 1187 4493 sum:
1218 4447 1265 4492 et
1302 4454 1395 4493 nos
1432 4438 1688 4492 credimus
1716 4447 1930 4509 propter

319 4535 459 4607 quod
483 4544 529 4588 et
560 4534 816 4605 loquimur
845 4530 922 4605 (2.
952 4530 1073 4586 Cor.
1100 4531 1156 4587 4.
1178 4531 1311 4600 13)?

395 4646 625 4716 Spiritus
652 4644 789 4699 idem
813 4644 1074 4713 utriusque
1103 4641 1416 4696 Testamenti
1442 4642 1702 4698 conditor.
1734 4641 1917 4697 Gratia

322 4739 389 4793 ad
408 4736 562 4806 fidem
577 4736 957 4790 necessaria.-—
983 4734 1081 4789 llic
1111 4733 1269 4789 nobis
1306 4747 1558 4803 magnum
1581 4732 1787 4788 revelat
1809 4747 1931 4804 my-

324 4831 570 4885 sterium.
593 4827 876 4894 Quodnam
902 4824 1007 4881 hoc
1026 4825 1049 4880 ’ἒ
1070 4823 1323 4895 Ejusdem
1346 4838 1467 4879 esse
1482 4822 1713 4894 Spiritus
1736 4841 1935 4881 novum

326 4929 386 4977 et
420 4919 584 4973 Vetus
619 4917 1024 4973 Testamentum
1055 4933 1071 4971 :
1118 4925 1175 4971 et
1218 4913 1467 4971 eumdem
1518 4914 1779 4986 Spiritum
1802 4956 1818 4979 ,
1844 4918 1935 4987 qui

327 5020 406 5066 est
456 5012 509 5065 in
541 5023 607 5065 eo
653 5009 929 5079 loquutus,
953 5007 1039 5063 hic
1079 5021 1294 5078 quoque
1340 5007 1621 5077 loquntum
1667 5021 1832 5073 esse,
1873 5022 1937 5064 ae

330 5100 487 5157 iidem
533 5115 655 5156 esse
699 5099 938 5154 omnium
985 5099 1318 5169 magistram,
1350 5112 1455 5153 nec
1487 5100 1692 5169 absque
1719 5113 1783 5153 ea
1837 5113 1938 5154 nos

328 5192 601 5264 quidpiam
649 5205 827 5262 posse.
881 5187 946 5245 Et
990 5207 1081 5245 nos
1136 5191 1315 5256 enim,
1376 5190 1588 5260 inquit,
1642 5190 1936 5255 credimus,

330 5293 375 5339 et
426 5282 542 5339 ideo
584 5282 860 5353 loquimur.
910 5281 969 5337 Si
1024 5293 1145 5337 eam
1191 5267 1337 5336 enim
1381 5280 1703 5346 sustuleris,
1762 5296 1830 5337 ne
1876 5296 1939 5336 os

330 5377 547 5448 quidem
596 5378 807 5447 aperire
857 5391 1167 5449 possumus.
1195 5377 1372 5446 Quare
1410 5386 1591 5433 autem
1641 5391 1748 5432 non
1781 5376 1937 5441 dixit,

330 5473 605 5530 [labentes
648 5481 827 5529 autem
873 5474 1119 5529 eamdem
1174 5471 1512 5540 ﬁdem,sed,
1537 5470 1795 5528 Habentes
1840 5488 1939 5526 au-

391 5628 467 5701 (a)
851 5626 1035 5701 sterilis
1044 5631 1175 5701 erat,
1190 5625 1448 5701 referente
1464 5627 1722 5701 Scriptura.
1748 5632 1941 5701 Atque-

1041 5688 1196 5740 fuisse
1218 5688 1462 5763 sterilem,
1485 5696 1537 5738 et
1565 5688 1664 5738 non
1686 5688 1942 5763 φλέξιδζεὶ-

538 5749 770 5826 facilitate
1091 5763 1237 5826 quam
1280 5750 1492 5826 luvies"!
1506 5749 1944 5826 ς-(ιυειηαρςῑιίάἐπι

330 5812 442 5924 Et:
454 5820 589 5924 ξπ
611 5812 823 5864 mortem
842 5820 988 5864 atate
1011 5812 1239 5878 grandior
1257 5812 1349 5865 sei
1372 5812 1500 5865 lilios
1520 5812 1739 5875 suscepit
1762 5812 1829 5864 ex
1851 5820 1942 5865 Ce-

1347 395 1706 461 EXPOSlTlO
1745 389 1808 448 ΙΝ
1847 384 2171 446 PSAlJlUM
2207 382 2366 441 CXV.

3497 368 3606 427 δὲ

1986 514 2084 559 tem
2134 502 2368 559 eumdem
2415 497 2671 569 Spiritum
2697 493 2868 567 ﬁdei!
2898 494 2965 551 Et
3013 508 3077 549 ea
3108 507 3231 564 quae
3278 490 3421 545 dicta
3478 501 3604 544 sunt

1984 596 2315 669 signiﬁcans,
2354 606 2409 650 et
2461 589 2758 647 ostendens
2802 601 2942 659 opus
2992 601 3116 642 esse
3171 581 3607 654 suppeditatione

1985 689 2220 759 Spiritus
2250 686 2318 741 ad
2356 680 2832 741 conscendcndum
2881 677 2949 734 ad
2980 676 3321 732 altitudinem
3365 672 3524 741 ﬁdei,
3554 682 3612 730 et

1985 776 2417 850 vilipendendam
2449 776 2721 831 rationum
2766 770 3219 827 imbecillitatem.
3249 765 3320 820 Et
3341 764 3465 820 ideo
3494 765 3613 835 ipse

1987 888 2203 945 quoque
2234 871 2361 927 alibi
2389 869 2521 925 dicit
2552 885 2567 923 :
2601 866 2888 936 Unicuique
2914 872 3085 919 autem
3108 858 3457 933 manifestatio
3481 855 3615 928 Spi-

1988 967 2117 1021 ritus
2142 964 2297 1017 dntur
2317 963 2387 1016 ad
2406 962 2698 1017 utilitatem.
2725 957 2831 1012 Alii
2862 955 3000 1012 enim
3038 970 3129 1025 per
3154 952 3418 1022 Spiritum
3457 948 3619 1002 datur

1988 1074 2155 1114 sermo
2175 1053 2554 1125 sapientitemlii
2576 1061 2747 1106 autem
2757 1063 2925 1104 sermo
2945 1045 3197 1106 scientia,
3216 1042 3311 1097 alii
3327 1057 3443 1095 vero
3462 1040 3618 1109 ﬁdes,

1990 1149 2083 1204 alii
2103 1159 2271 1203 autent
2294 1147 2431 1201 dona
2458 1144 2786 1205 sanationum
2813 1140 2889 1212 (2.
2920 1137 3042 1193 Cor.
3065 1136 3156 1191 l2.
3187 1134 3312 1206 7-9)
3332 1172 3348 1188 .
3367 1132 3477 1189 Sed
3507 1132 3620 1186 lor-

1995 1251 2139 1299 tasse
2165 1240 2367 1296 dixerit
2393 1237 2683 1309 quispiam,
2710 1233 2855 1305 quod
2885 1231 3050 1288 etiam
3078 1243 3272 1284 verum
3301 1235 3408 1294 est,
3438 1225 3620 1295 ipsum

1994 1336 2157 1391 aliam
2199 1333 2381 1389 dicere
2425 1330 2609 1395 ﬁdem,
2632 1342 2732 1400 per
2761 1339 2924 1397 quam
2943 1323 3146 1377 ﬁebant
3180 1317 3462 1374 miracula.
3491 1314 3622 1372 Scio

1995 1442 2097 1500 ego
2125 1440 2341 1497 quoque
2370 1424 2533 1479 aliam
2561 1418 2896 1483 essetidem,
2929 1415 3000 1471 de
3039 1429 3145 1485 qua
3190 1409 3425 1483 apostoli
3473 1407 3625 1463 diee-

1995 1520 2150 1587 bant,
2174 1518 2359 1590 Adjicc
2388 1515 2536 1571 nobis
2566 1512 2723 1585 ﬁdem
2755 1509 2908 1584 (Luc.
2935 1509 3026 1564 l7.
3056 1507 3112 1577 5)
3141 1524 3155 1561 :
3180 1515 3238 1560 et
3264 1504 3425 1558 aliam
3460 1501 3621 1567 hanc,

1998 1627 2095 1682 per
2142 1623 2305 1681 quam
2351 1621 2544 1664 sumus
2584 1618 2779 1659 omnes
2808 1599 3034 1665 ﬁdeles,
3068 1598 3221 1669 signa
3252 1594 3474 1667 quidem
3518 1608 3631 1648 non

2000 1702 2291 1766 facientes,
2325 1697 2423 1754 sed
2470 1696 2733 1751 habentes
2771 1691 3139 1763 cognitionem
3184 1687 3400 1757 pietatis
3432 1702 3449 1738 :
3478 1684 3630 1755 atqui

2000 1796 2090 1851 hic
2142 1806 2359 1865 quoque
2388 1798 2489 1847 est.
2507 1788 2665 1844 nobis
2691 1802 2830 1856 opus
2859 1783 3061 1838 auxilio
3102 1779 3365 1852 Spiritus.
3410 1775 3628 1833 Etenim

2001 1887 2071 1943 de
2100 1883 2333 1956 quadam
2360 1880 2550 1938 scribit
2570 1879 2766 1943 Lucas,
2799 1874 3015 1947 Aperuit
3041 1888 3131 1926 cor
3150 1872 3263 1943 ejus
3280 1913 3296 1936 ,
3320 1880 3377 1924 ut
3401 1868 3631 1925 attende-

2002 1988 2077 2034 ret
2100 1994 2183 2043 ea,
2208 1990 2327 2045 qua:
2354 1972 2652 2028 dicebantur
2669 1986 2702 2024 a
2727 1965 2901 2023 Paulo
2929 1965 3074 2037 (Act.
3098 1963 3188 2019 l6.
3224 1963 3338 2033 14).
3374 1961 3440 2016 Et
3468 1958 3631 2015 Chri-

2005 2081 2119 2140 stus
2145 2088 2159 2126 :
2194 2067 2364 2125 Nemo
2392 2066 2528 2122 venit
2553 2063 2623 2118 ad
2643 2079 2745 2131 me,
2767 2061 2869 2117 nisi
2899 2059 3061 2117 Pater
3074 2057 3289 2111 traxerit
3309 2072 3425 2110 eum
3443 2052 3631 2127 (Joan.

2005 2166 2060 2223 6.
2092 2165 2207 2234 44).
2237 2162 2296 2219 Si
2327 2163 2432 2217 hoc
2477 2173 2610 2232 ergo
2655 2157 2752 2224 Dei
2804 2162 2911 2222 est,
2934 2150 3210 2224 quomodo
3257 2158 3488 2221 peccant
3536 2147 3629 2220 qui

2007 2274 2117 2314 non
2147 2255 2417 2323 credunt,
2450 2268 2573 2309 cum
2608 2265 2710 2307 nec
2736 2248 2974 2321 Spiritus
3000 2260 3161 2317 opem
3186 2242 3356 2309 lerat,
3382 2256 3484 2299 nec
3526 2240 3634 2296 Pa-

2010 2360 2092 2406 ter
2119 2348 2315 2415 trahat,
2334 2360 2437 2419 nec
2458 2345 2511 2400 in
2539 2343 2680 2399 viam
2701 2339 2938 2398 deducat
2955 2336 3167 2395 Filius?
3190 2336 3267 2392 De
3287 2335 3469 2406 seipso
3488 2334 3636 2389 enim

2008 2442 2139 2498 dicit
2166 2459 2179 2495 :
2212 2440 2331 2512 Ego
2354 2454 2469 2495 sum
2496 2437 2578 2492 via
2609 2436 2628 2507 (
2656 2434 2818 2491 Joan.
2849 2434 2940 2489 14-.
2966 2430 3003 2488 6
3030 2432 3072 2504 ).
3121 2429 3239 2486 Hoc
3278 2436 3461 2485 autem
3505 2427 3640 2483 dicit

2011 2533 2308 2591 ostendens
2353 2547 2414 2588 se
2455 2544 2592 2601 opus
2620 2542 2744 2585 esse
2792 2526 2860 2582 ad
2910 2526 3015 2581 hoc
3062 2530 3125 2579 ut
3183 2521 3523 2579 adducantur
3569 2521 3640 2576 ad

2013 2628 2254 2684 Patrem.
2274 2624 2331 2683 Si
2362 2640 2493 2696 ergo
2517 2623 2679 2680 Pater
2704 2620 2892 2689 trahit,
2924 2619 3092 2675 Filius
3121 2617 3375 2683 deducit,
3403 2615 3643 2688 Spiritus

2014 2719 2302 2785 illuminat,
2331 2716 2458 2785 quid
2498 2722 2726 2787 peccant
2753 2712 2845 2784 qui
2877 2726 3054 2782 neque
3082 2708 3244 2765 tracti
3271 2716 3430 2774 sunt,
3459 2718 3639 2777 neque

2014 2810 2266 2878 deducti,
2297 2825 2398 2865 nec
2438 2807 2771 2863 illutninati?
2803 2802 3069 2873 Quoniam
3107 2816 3216 2858 non
3260 2799 3507 2870 prmbent
3550 2811 3643 2853 se.

2016 2904 2165 2974 ipsos
2191 2902 2408 2973 dignos,
2432 2909 2492 2954 ut
2514 2913 2635 2954 eam
2661 2896 2963 2966 suscipiant
3005 2882 3481 2950 illutninationem.
3509 2888 3647 2945 Vide

2018 3009 2150 3066 ergo
2206 2994 2310 3049 hoc
2360 2990 2610 3047 evenisse
2655 2987 2948 3045 Cornelio:
2981 3000 3162 3056 neque
3215 2983 3363 3045 enim
3407 2981 3513 3039 hoc
3554 2981 3648 3038 ille

2017 3084 2162 3155 apud
2186 3100 2247 3141 se
2274 3083 2515 3149 invenit,
2543 3080 2640 3138 sed
2667 3095 2793 3136 eum
2824 3079 2970 3135 Deus
2991 3076 3227 3143 vocavit,
3250 3075 3506 3147 quoniam
3531 3073 3649 3144 ipse

1988 3178 1993 3185 “
2020 3192 2411 3250 praeoccupans
2431 3218 2446 3244 ,
2476 3175 2716 3244 seipsum
2746 3172 2970 3244 dignum
3002 3167 3240 3226 reddidit
3264 3167 3405 3241 (Act.
3435 3166 3552 3237 10).
3581 3164 3651 3221 Et

2022 3272 2145 3327 ideo
2171 3269 2372 3325 Paulus
2398 3282 2617 3339 quoque
2654 3264 2722 3319 de
2765 3262 2871 3319 llde
2907 3262 3209 3327 disserens,
3239 3260 3415 3315 dixit:
3445 3257 3516 3313 Et
3554 3259 3650 3312 hoe

2024 3380 2125 3418 non
2145 3379 2210 3419 ea:
2236 3361 2393 3426 vobis,
2427 3359 2527 3414 Dei
2553 3367 2627 3412 est
2645 3357 2839 3411 donum
2869 3353 3092 3427 (Ephes.
3122 3352 3180 3407 2.
3211 3352 3292 3424 8).
3323 3349 3436 3408 Nec
3467 3358 3651 3405 tamen

2024 3466 2077 3512 te
2102 3455 2359 3526 relinquit
2385 3466 2614 3508 vacuum
2647 3449 2808 3506 bonis
2834 3445 3157 3503 actionibus.
3204 3444 3320 3499 Etsi
3349 3444 3497 3499 enim
3531 3443 3653 3513 ejns

2024 3558 2108 3605 est
2138 3546 2356 3603 trahere
2376 3553 2431 3599 et
2452 3542 2715 3598 inducere
2749 3557 2763 3593 :
2795 3539 3035 3594 animam
3057 3547 3237 3592 tamen
3265 3534 3495 3605 requirit
3523 3550 3650 3605 qua:

2027 3652 2233 3694 morem
2265 3643 2441 3707 gerat,
2466 3642 2520 3689 et
2548 3632 2706 3688 facile
2736 3637 2925 3701 pareat
2957 3646 2971 3683 :
3001 3637 3057 3683 et
3085 3634 3216 3682 tunc
3241 3640 3399 3680 suum
3425 3623 3655 3679 adhibet

2026 3729 2306 3785 auxﬂhun.

2111 3819 2284 3874 Virtus
2303 3827 2350 3875 et
2372 3818 2513 3872 salus
2534 3823 2711 3871 nostra
2740 3811 3029 3869 necessitati
3058 3826 3163 3865 non
3186 3810 3475 3881 subjacent.
3524 3807 3658 3862 Fide

2029 3915 2196 3987 magis
2225 3929 2354 3985 Opus
2384 3916 2569 3965 habent
2598 3907 2881 3964 Christiani
2909 3920 3066 3977 quam
3090 3900 3656 3970 olimJudtei.—-Quo-

2028 4009 2172 4064 circa
2198 4007 2322 4061 alibi
2342 4019 2559 4077 quoque
2578 4000 2922 4057 dicitPaulus
2948 4016 2961 4053 :
2989 3998 3290 4054 Secundum
3321 3996 3650 4067 propositum

2030 4107 2217 4155 vocatis
2235 4094 2596 4170 (liom.8.28).
2615 4093 2801 4163 Neque
2824 4091 2971 4146 enim
2985 4090 3173 4153 virtus,
3192 4103 3295 4144 nec
3310 4087 3456 4142 salus
3472 4096 3614 4141 llOSll
3628 4100 3658 4141 a

2034 4196 2344 4253 necessitati
2361 4188 2763 4262 subjacet.Nam
2784 4188 2887 4243 etsi
2910 4184 3145 4240 maxima
3174 4198 3319 4254 pars,
3337 4192 3498 4252 atque
3514 4182 3656 4235 adeo

2036 4287 2150 4343 lere
2166 4293 2334 4341 totum
2354 4284 2472 4355 ejus
2490 4285 2581 4350 sit,
2600 4281 2855 4351 exiguum
2877 4276 3007 4349 quid
3034 4285 3214 4331 tamen
3239 4274 3395 4329 nobis
3415 4272 3655 4343 reliquit,

2037 4389 2096 4443 ut
2123 4378 2316 4435 dandas
2358 4390 2575 4432 coronae
2612 4373 2861 4443 speciosa
2903 4370 2974 4424 sit
3000 4368 3237 4423 occasio.
3288 4366 3353 4420 Et
3385 4364 3507 4419 ideo
3534 4378 3659 4418 eum

2038 4473 2267 4529 dixisset
2310 4469 2509 4525 Paulus
2542 4486 2555 4521 :
2593 4465 2854 4519 Habentes
2898 4471 3070 4515 autem
3110 4460 3345 4514 eumdem
3399 4456 3661 4527 Spiritum

2040 4567 2161 4637 ﬁdei
2183 4564 2259 4635 (2.
2294 4562 2414 4618 Cor.
2447 4562 2502 4617 4.
2538 4560 2651 4629 l5),
2677 4558 2781 4612 hoc
2804 4565 2923 4622 est,
2955 4554 3046 4624 qui
3077 4553 3239 4608 etiam
3290 4551 3548 4622 loquutus
3577 4562 3663 4603 est

2040 4658 2096 4713 in
2119 4654 2318 4719 Veteri,
2351 4652 2632 4723 suhjttnxit
2663 4668 2677 4705 :
2711 4647 2781 4703 Et
2809 4664 2905 4702 nos
2944 4647 3204 4701 credimus
3226 4685 3242 4710 ,
3278 4652 3487 4713 propter
3523 4642 3666 4710 quod

2043 4762 2089 4806 et
2111 4750 2390 4818 loquimur.
2431 4744 2598 4801 Multo
2618 4743 2767 4799 enim
2794 4740 2964 4812 magis
2993 4738 3078 4794 hic
3109 4737 3215 4794 ﬁde
3239 4751 3375 4808 opus
3403 4738 3669 4792 habemus

2043 4857 2204 4913 quam
2264 4839 2392 4902 illic,
2424 4847 2479 4891 et
2525 4842 2747 4907 propter
2799 4839 3047 4887 naturam
3094 4830 3514 4899 promissorum,
3545 4845 3668 4898 qua:

2044 4935 2146 4990 sub
2171 4933 2342 4987 visum
2373 4946 2477 4985 non
2510 4928 2745 4992 cadunt,
2777 4925 2873 4981 sed
2900 4925 3014 4981 sola
3044 4932 3226 4976 mente
3258 4922 3657 4991 percipiuntur;

2044 5035 2101 5081 et
2142 5032 2365 5095 propter
2403 5021 2649 5075 ordinem
2697 5027 3026 5086 temporum.
3083 5013 3202 5068 Non
3257 5013 3405 5067 enim
3457 5012 3512 5066 in
3562 5013 3669 5065 vita

2050 5116 2337 5189 praesenti,
2364 5114 2458 5170 sed
2494 5116 2545 5166 in
2581 5111 2765 5165 futuro
2795 5119 2954 5163 erunt
2986 5108 3231 5177 praemia.
3261 5105 3376 5160 lmo
3399 5119 3528 5159 vero
3555 5114 3673 5158 erat

2047 5211 2210 5264 etiam
2242 5221 2377 5277 opus
2399 5206 2503 5260 lide
2530 5218 2628 5273 pro
2651 5200 3013 5272 praesentibus
3045 5217 3055 5251 :
3084 5197 3288 5252 etenim
3317 5212 3379 5252 ea
3412 5197 3525 5266 ipsa
3549 5210 3671 5264 qum

2049 5302 2317 5355 dabantur
2347 5298 2472 5363 ﬁde,
2503 5296 2607 5351 lide
2629 5309 2767 5365 opus
2796 5291 3086 5357 habebant,
3119 5289 3286 5345 etiam
3307 5288 3436 5343 dum
3463 5286 3674 5342 daban-

2052 5406 2162 5457 tur,
2195 5407 2392 5464 nempe
2429 5400 2484 5446 et
2512 5388 2898 5462 mysteriorum
2948 5386 3261 5439 communio
3284 5424 3297 5445 ,
3323 5391 3379 5437 et
3418 5380 3672 5449 baptismi

2050 5490 2275 5545 donum.
2301 5486 2378 5541 lta
2410 5499 2628 5539 omnem
2653 5482 2924 5538 rationem
2951 5478 3247 5549 superabat
3267 5478 3350 5531 vis
3372 5476 3665 5530 bonorum.

2052 5582 2110 5640 Si
2136 5584 2317 5654 itaque
2346 5581 2400 5635 in
2423 5577 2774 5635 crassissimis
2800 5562 2909 5632 illis
2950 5584 3007 5632 et
3033 5572 3381 5631 sensibilibus
3412 5572 3517 5627 ﬁde
3549 5580 3672 5627 erat

2053 5690 2209 5747 opus,
2244 5675 2416 5730 multo
2442 5671 2615 5743 magis
2639 5670 2751 5728 hic.
2778 5668 2888 5727 Sed
2931 5668 3229 5740 apostolica
3270 5666 3493 5737 quidem
3543 5679 3674 5719 seu-

2057 5767 2224 5824 tentia
2237 5766 2655 5822 convenientem
2676 5763 2886 5834 accepit
2903 5760 3406 5831 interpretationem
3424 5777 3437 5813 :
3457 5766 3674 5827 tempus

2063 5871 2145 5920 est
2171 5873 2387 5930 autem,
2416 5869 2474 5916 ut
2500 5858 2787 5917 redeamus
2832 5856 2899 5913 ad
2941 5855 3315 5929 prophetiam,
3348 5863 3398 5910 et
3428 5850 3675 5909 dicamus
