4218 6422
645 521 772 593 quid
800 520 927 575 dicit
975 520 1061 575 hic
1099 519 1305 575 beatus.
1344 513 1486 583 Quid
1516 529 1646 584 ergo
1664 511 1829 567 dicit?
1852 506 2075 567 Credidi,
2109 518 2231 573 pro-

643 621 753 681 pter
775 612 913 680 quod
931 599 1167 682 (metu.
1189 620 1322 662 sunt.“
1345 606 1509 678 Atqui
1528 600 1663 659 nihil
1692 612 1813 658 erat
1834 602 2011 656 adhuc
2038 601 2229 668 loquu-

645 713 730 756 tus
750 745 765 768 ,
796 702 890 757 sed
919 701 1053 757 dicit
1074 701 1125 755 id
1154 700 1295 769 quod
1336 708 1521 754 meme
1558 699 1669 767 iam
1697 711 1812 751 ase
1840 695 2041 749 dictum
2090 702 2228 747 erat.

644 793 778 865 Quid
802 804 884 848 est
910 800 1085 847 autem
1108 791 1251 860 quod
1280 791 1391 860 jam
1413 790 1611 845 dictum
1633 788 1842 842 fuerat?
1868 788 2022 850 Cum,
2038 785 2224 852 inquit,

644 888 785 942 illam
807 885 1167 940 calamitatem
1202 893 1257 939 et
1282 882 1558 939 Judaicam
1582 881 1729 937 illam
1762 878 2073 950 tragtndiam
2111 877 2231 931 ani-

641 993 728 1033 mo
751 981 1059 1047 agitassem.
1092 976 1350 1045 illumque
1377 974 1651 1030 interitum
1685 981 1741 1027 et
1764 972 2029 1028 excidium
2056 981 2231 1027 citre-

641 1084 890 1137 mamque
920 1068 1250 1133 vastitatem,
1280 1080 1386 1121 non
1414 1065 1696 1134 desperavi
1730 1062 1846 1119 fore
1869 1104 1883 1128 ,
1914 1072 1971 1117 ut
1996 1077 2085 1117 res
2109 1078 2229 1115 ntu-

643 1170 848 1215 taretur
871 1162 927 1213 in
959 1159 1189 1214 melius:
1217 1160 1326 1213 imo
1372 1170 1502 1211 vero
1546 1166 1604 1210 et
1638 1155 1891 1225 speravi,
1919 1163 1975 1233 et
2015 1168 2231 1207 annun-

640 1256 787 1319 tiavi,
816 1262 872 1311 et
901 1254 1153 1322 loquutus
1176 1248 1477 1307 namNam
1518 1258 1582 1305 et:
1616 1250 1670 1303 in
1703 1248 1971 1316 prioribus
1999 1247 2230 1301 Psalmis

638 1347 804 1401 multa
829 1346 895 1401 de
913 1347 997 1400 ius
1018 1345 1248 1401 disserui
1274 1343 1575 1415 ploquutus
1601 1357 1719 1397 sum
1741 1351 1920 1395 autem
1943 1349 1999 1396 ct
2022 1352 2232 1393 annun-

643 1439 768 1493 tiavi
797 1455 827 1492 a
846 1437 961 1493 ﬁde
986 1437 1253 1493 eruditus.
1320 1460 1323 1461 ν

711 1531 766 1585 5.
785 1530 957 1586 Ἀιίηε
985 1538 1187 1595 autem,
1215 1526 1306 1597 qui
1333 1541 1439 1581 non
1470 1536 1553 1581 est
1584 1526 1737 1581 ab‘ea
1767 1521 1925 1577 valde
1947 1523 2189 1577 eruditus
2209 1560 2225 1585 ,

643 1620 768 1675 vide
800 1620 1071 1689 quomodo
1096 1619 1363 1674 claudicet
1389 1629 1445 1673 et
1470 1617 1833 1688 perturbetur.
1856 1616 1990 1670 Nam
2021 1615 2121 1669 etsi
2144 1613 2228 1667 di-

641 1716 714 1771 cit
760 1716 911 1770 illum
964 1715 1235 1768 Psalmum
1292 1711 1479 1780 David,
1514 1726 1620 1766 non
1662 1719 1841 1764 tamen
1894 1724 1960 1763 ex
1999 1720 2228 1779 persona

640 1808 877 1879 prapria,
902 1806 996 1859 sed
1030 1820 1255 1880 narrans
1284 1818 1471 1858 eorum
1494 1844 1507 1867 ,
1553 1802 1643 1875 qui
1689 1802 2023 1865 claudicant,
2066 1799 2227 1852 animi

640 1900 1093 1972 perturbationes,
1127 1900 1207 1953 sic
1233 1898 1368 1951 dixit
1391 1915 1403 1950 :
1436 1897 1601 1961 Quam
1627 1896 1788 1948 bonus
1810 1890 2146 1947 Deus‘lsrael
2170 1892 2231 1946 iis

638 1994 721 2062 qni
746 2002 861 2046 sunt
888 2000 1020 2045 recto
1041 1990 1211 2043 corde.
1243 1987 1347 2042 Mei
1392 1998 1561 2041 autem
1585 1986 1714 2057 pene
1748 1986 1871 2039 moti
1909 1995 2026 2051 sunt
2055 1986 2226 2054 pedes,

644 2100 768 2143 pene
791 2082 937 2149 eﬂ'usi
964 2090 1078 2135 sunt
1103 2096 1305 2152 gressus
1333 2079 1431 2133 mei
1460 2077 1631 2149 (Psal.
1658 2076 1849 2147 73.2):
1870 2090 1977 2131 non
2005 2076 2232 2146 loquens

639 2176 706 2231 de
729 2174 953 2244 pedibus
976 2181 1030 2228 et
1052 2174 1343 2244 gressibus,
1362 2171 1456 2227 sed
1483 2171 1551 2226 de
1574 2169 2065 2226 ratiocinationibus
2084 2169 2234 2223 clau-

640 2265 961 2319 dicantibns.
1004 2262 1231 2319 Causam
1279 2272 1456 2318 autem
1499 2261 1773 2331 subjnuxit
1821 2261 2052 2316 dicens:
2088 2258 2229 2339 Quo-

641 2355 776 2408 niam
798 2354 956 2409 actori
984 2365 1193 2424 propter
1220 2353 1419 2423 iniquos
1436 2351 1595 2426 (Ibid.
1625 2368 1673 2406 υ.
1704 2353 1783 2423 5),
1810 2352 1912 2408 hoc
1932 2340 2019 2409 est
2044 2351 2233 2407 videns

641 2446 894 2501 florentes
918 2445 1195 2511 barbaros,
1225 2444 1463 2513 deiectos
1492 2425 1670 2499 auiem
1695 2454 1751 2500 et
1780 2444 2228 2503 fractosJudteos.

643 2537 707 2591 Et
733 2535 1001 2607 quodnam
1026 2550 1193 2605 genus
1220 2536 1348 2590 dicit
1373 2535 1812 2592 elaudicationis?
1836 2533 1911 2589 Et
1927 2535 2074 2590 dixi:
2099 2534 2235 2589 Fru-

618 2639 747 2685 stra
772 2645 889 2699 ergo
904 2629 1185 2699 justiﬁcavi
1212 2644 1299 2681 cor
1325 2644 1512 2693 meum,
1548 2636 1594 2683 et
1620 2616 1904 2682 lavi—inter
1944 2626 2232 2683 innocentes

643 2722 822 2772 manus
852 2734 989 2773 meas
1014 2718 1116 2789 (Ib.
1146 2733 1193 2772 υ.
1230 2716 1341 2789 15).
1368 2717 1433 2771 Et
1462 2718 1711 2787 quidnam
1738 2718 1910 2788 ipsum
1936 2719 2225 2789 impulerit,

641 2815 702 2864 ut
730 2811 844 2883 lianc
887 2809 1111 2874 diceret,
1140 2808 1271 2864 dicit
1302 2826 1316 2861 :
1348 2808 1597 2875 Quoniam
1620 2826 1734 2865 ecce
1770 2811 1824 2865 lii
1866 2821 2150 2880 peccatores
2184 2820 2232 2867 et

640 2901 877 2969 ﬂorentes
919 2905 973 2952 tn
1014 2901 1255 2953 statutum
1282 2898 1601 2953 obtinuerunt
1628 2901 1827 2955 divitias
1850 2900 2008 2973 (Ibid.
2037 2918 2083 2957 ν.
2119 2901 2231 2971 12).

645 2992 848 3048 Deinde
874 2993 994 3048 vide
1016 2992 1284 3063 quomodo
1307 2995 1544 3062 seipsum
1563 3009 1748 3049 rursus
1771 2996 1996 3065 colligit.
2017 2995 2079 3050 Si
2099 2996 2236 3049 dice-

646 3082 781 3150 bam,
810 3084 1027 3137 narrabo
1051 3086 1124 3138 sic
1153 3099 1171 3137 :
1196 3083 1309 3137 Hoc
1336 3085 1478 3138 labor
1501 3094 1598 3153 est,
1628 3085 1819 3155 inquit,
1853 3096 1969 3140 ante
1994 3102 2073 3140 me
2091 3128 2105 3151 ,
2137 3086 2232 3140 do-

648 3188 739 3226 nec
759 3174 1012 3244 ingressus
1041 3174 1224 3245 fuerim
1256 3175 1321 3227 in
1345 3176 1690 3228 sanetuarium
1718 3174 1834 3240 Dei,
1863 3185 1913 3230 et
1952 3175 2233 3246 intelligant

643 3265 698 3317 its
718 3272 942 3317 extrema
970 3265 1191 3333 ipsorum
1213 3262 1374 3333 (Ibid.
1400 3281 1446 3317 υ.
1474 3265 1680 3336 15-17).
1698 3264 1855 3333 Quod
1878 3276 2054 3322 autem
2083 3269 2231 3336 dicit,

646 3358 754 3409 est’
783 3354 1045 3423 ejusmodi
1078 3373 1101 3407 :'
1125 3355 1402 3421 Vexabar,
1453 3352 1749 3427 affligebar'
1774 3358 1826 3413 in
1872 3360 2232 3415 ratiocinatio-

649 3440 827 3501 nibus.
844 3445 976 3499 Tale
1000 3447 1124 3515 quid
1162 3447 1304 3501 enim
1346 3456 1429 3504 est
1455 3450 1809 3505 ratiocinatio.
1844 3452 2043 3507 Deinde
2084 3453 2231 3523 cogi-

645 3536 751 3591 tavi
785 3551 870 3591 me
899 3536 1071 3592 facere
1092 3552 1205 3592 rem
1228 3539 1568 3596 laboriosam.
1587 3539 1662 3597 De
1684 3542 1748 3597 iis
1767 3542 1913 3599 enim
1937 3545 2230 3615 inquirens,

649 3627 780 3682 nihil
812 3637 997 3697 potero
1012 3629 1143 3683 certi
1176 3630 1617 3696 scire,doneeme
1630 3635 1681 3689 in
1708 3636 1929 3704 patriam
1948 3652 2228 3707 recepero.

716 3739 819 3794 Res
848 3740 968 3809 ﬁdei
996 3758 1095 3796 non
1124 3743 1496 3799 committendas
1529 3748 1766 3803 humanis
1789 3752 2089 3817 rationibus.
2140 3754 2237 3809 Fi-

644 3832 733 3885 des
757 3846 903 3887 sacra
932 3848 1141 3888 ancora.
1162 3865 1234 3875 —
1259 3834 1421 3889 Vides
1446 3846 1699 3906 quantum
1726 3840 1797 3894 sit
1826 3843 2119 3911 periculum
2144 3860 2233 3901 res

647 3926 771 3980 fidei
800 3928 1106 3994 permittere
1133 3927 1382 3983 humanis
1413 3919 1705 3987 rationibus
1725 3974 1738 3997 ,
1764 3941 1817 3988 et
1843 3950 1950 3989 non
1982 3915 2149 3992 fidei?
2177 3937 2233 3993 Si

647 4016 737 4071 ille
760 4016 901 4071 enim
930 4016 1118 4073 fuisset
1148 4018 1333 4074 firmus
1373 4030 1426 4074 et
1461 4035 1715 4080 constans
1738 4026 1792 4079 in
1824 4025 1927 4083 fide
1947 4069 1961 4093 ,
1984 4044 2090 4083 non
2117 4029 2235 4087 btec

646 4108 834 4162 fuisset
861 4108 1142 4177 loquutus,
1171 4126 1276 4166 non
1307 4110 1495 4167 fuisset
1524 4115 1862 4183 perturbatus
1891 4136 1905 4171 :
1934 4108 2039 4173 non
2081 4136 2232 4176 com-

648 4199 778 4253 moti
831 4208 1012 4255 essent
1063 4201 1179 4269 ejus
1224 4201 1428 4272 pedes,
1473 4219 1579 4258 non
1617 4216 1801 4262 essent
1848 4210 2232 4279 propemodum

648 4291 800 4346 effusi
841 4306 1056 4360 gressus
1094 4293 1229 4362 ejus.
1255 4291 1373 4349 Sed.
1413 4312 1517 4351 non
1558 4299 1629 4352 ita
1678 4298 1765 4353 hic
1811 4301 2104 4371 propheta,
2139 4304 2236 4359 sed

646 4398 797 4442 stans
825 4403 984 4458 supra
1027 4396 1236 4457 petram
1266 4405 1373 4444 non
1404 4392 1853 4460 conturbabatnr,
1882 4395 1976 4449 sed
2017 4411 2103 4451 res
2146 4396 2237 4455 Ju—

651 4477 888 4531 dmorum
920 4477 1107 4532 videns
1136 4480 1205 4533 ita
1229 4495 1350 4535 csse
1379 4481 1624 4545 affectas.
1658 4499 1747 4540 res
1774 4495 1952 4541 autem
1984 4488 2240 4544 barbam-

645 4584 763 4622 rum
792 4584 966 4634 secus,
986 4570 1053 4625 de
1082 4570 1253 4649 reditu
1285 4572 1426 4627 clara
1456 4589 1586 4631 voce
1614 4580 1987 4649 constantique
2009 4590 2063 4637 et
2090 4592 2233 4637 certa

649 4671 830 4715 tuente
862 4661 1165 4731 frequenter
1194 4664 1517 4733 praedicabat
1570 4671 1620 4722 in
1664 4671 1845 4727 multis
1878 4673 2103 4731 Psalmis
2136 4693 2149 4731 :
2181 4686 2235 4732 ct

645 4752 801 4804 valde
826 4752 1143 4820 confidebat,
1174 4770 1273 4811 nec
1300 4757 1438 4812 vires
1466 4758 1831 4829 barbarorum,
1858 4780 1955 4821 nec
1976 4767 2232 4823 vilitatem

646 4838 951 4895 iudaiorum
980 4844 1283 4910 attendens,
1315 4848 1409 4903 sed
1442 4848 1533 4903 Dei
1583 4854 1895 4920 potentiam,
1923 4855 2011 4927 qui
2049 4872 2112 4911 ea
2150 4867 2234 4913 est

647 4932 933 5003 pollicitus.
967 4933 1032 4988 Et
1070 4935 1190 4990 ideo
1219 4936 1374 5005 dicit,
1408 4938 1630 5004 Credidi,
1660 4956 1865 5013 propter
1888 4947 2024 5017 quod
2050 4947 2233 5017 loquu-

647 5033 725 5075 lus
754 5039 865 5076 sum
886 5040 904 5076 :
926 5040 1015 5094 ego
1044 5036 1210 5080 autem
1235 5028 1528 5086 humiliatus
1554 5049 1666 5085 sum
1692 5034 1857 5090 valde.
1885 5038 2034 5093 Alius
2058 5040 2185 5093 dicit
2214 5059 2226 5095 :

650 5112 775 5183 Egm
787 5116 955 5193 utique
984 5118 1194 5189 amictus
1230 5112 1341 5174 sunt
1370 5123 1535 5177 valde.
1568 5124 1621 5178 2.
1656 5125 1768 5195 Ego
1793 5144 1907 5182 vero
1928 5130 2037 5184 dixi
2058 5132 2112 5185 in
2140 5149 2231 5186 ea:-

645 5224 785 5261 cossu
816 5224 923 5291 meo
944 5250 957 5271 ,
990 5209 1171 5265 Omnis
1196 5212 1343 5267 homo
1366 5217 1603 5270 mendax.
1636 5220 1816 5287 Alius,
1850 5221 1915 5275 Et
1944 5225 2051 5278 dixi
2075 5228 2235 5280 animi

644 5301 855 5363 anxius,
894 5299 1070 5356 Omnis
1097 5304 1246 5356 homo
1268 5307 1525 5361 mentitur.
1567 5309 1660 5365 ilic
1685 5309 1802 5365 fidei
1831 5314 2084 5381 splendor
2111 5333 2231 5370 rur-

645 5402 737 5443 sus
766 5391 1085 5458 ostenditur,
1114 5395 1257 5464 quod
1292 5412 1360 5452 ne
1407 5400 1714 5469 magnitudo
1755 5404 1968 5471 quidem
2017 5407 2235 5463 calami-

648 5480 769 5534 tatis
788 5494 909 5536 eum
940 5485 1262 5553 praecipitem
1293 5486 1501 5543 dederit
1520 5490 1576 5545 in
1600 5491 2049 5562 desperationem.
2079 5499 2235 5569 Ejus-

648 5572 789 5628 modi
818 5575 960 5629 enim
991 5591 1078 5631 res
1107 5588 1189 5631 est
1213 5578 1342 5634 fides
1373 5599 1387 5636 :
1414 5592 1496 5636 est
1536 5583 1778 5650 qutudam
1808 5601 1960 5642 sacra
1997 5604 2192 5645 ancora
2214 5634 2229 5658 ,

645 5680 764 5734 qua:
798 5666 1030 5738 undique
1060 5680 1322 5727 sustentat
1362 5685 1595 5731 mentem
1636 5694 1754 5748 qua:
1780 5679 1830 5734 ei
1871 5681 2109 5739 adharet
2137 5702 2154 5740 :
2180 5695 2236 5741 et

647 5765 774 5813 tunc
802 5761 1034 5816 maxime
1074 5763 1372 5821 ostenditur
1409 5769 1620 5838 quando
1667 5771 1725 5825 in
1772 5776 1999 5831 maxima
2048 5792 2226 5834 rerum

1424 404 1486 461 S.
1522 396 1801 458 JOANNIS
1835 386 2312 451 CllRYSOSTOMI
2353 383 2672 441 ARCHIEP.
2713 382 3255 443 CONSTANTINOP.

3827 390 3939 446 521»

2339 496 2656 552 difﬁcultate
2699 502 2750 555 ei
2782 498 3103 568 persuadet,
3135 501 3224 571 qui
3272 499 3360 558 illa
3409 514 3492 559 est
3540 504 3832 576 prmditus,
3878 519 3936 561 ut

2337 587 2533 647 bonam
2559 606 2712 663 spem
2742 594 2936 651 habent
2954 637 2972 663 ,
3000 599 3222 669 expulsa
3254 598 3406 654 turba
3440 600 3931 665 ratiocinationutn.

2336 682 2490 749 Quod
2518 687 2634 755 ipsa
2656 703 2872 759 quoque
2896 680 3207 761 signiﬁcans
3226 733 3242 759 ,
3272 692 3401 748 dicit
3428 691 3589 763 :AEgo
3612 702 3780 747 autem
3806 694 3935 764 ιβὸ-

2335 784 2448 829 ctus
2469 793 2583 831 sunt
2609 780 2760 835 nimis
2786 796 2805 834 :
2824 778 2931 835 hoc
2955 791 3057 843 est.
3080 782 3246 838 Valde
3270 784 3486 855 quidem
3516 784 3746 841 afﬂictus
3769 800 3891 840 sum
3914 828 3930 849 ,

2336 868 2435 923 sed
2461 884 2568 924 non
2588 870 2892 941 desperavi,
2911 888 3013 928 nec
3038 875 3277 931 animum
3305 876 3499 945 abjeci.
3531 877 3736 939 Deinde
3750 888 3934 935 osten-

2335 957 2472 1014 dens
2497 974 2557 1015 se
2584 976 2689 1017 non
2718 961 2884 1018 fuisse
2908 964 3247 1020 solummodo
3274 960 3567 1035 amictum,
3599 966 3694 1022 sed
3729 970 3935 1037 gravis-

2336 1052 2472 1108 sime
2497 1052 2754 1109 amictum
2774 1095 2791 1121 ,
2822 1056 3096 1126 subiunxit
3122 1056 3311 1112 dicens
3339 1056 3493 1129 :Ego
3523 1068 3691 1113 autem
3731 1059 3843 1117 dixi
3878 1061 3934 1112 in

2335 1159 2541 1198 excessu
2565 1163 2676 1200 meo
2695 1162 2715 1200 :
2747 1146 2927 1202 Omnis
2954 1147 3106 1203 homo
3130 1149 3370 1203 mendas.

2412 1234 2665 1291 Excessus
2682 1238 2835 1306 quid.
2893 1237 3064 1293 Homo
3092 1255 3184 1295 cur
3204 1240 3406 1294 dicatur
3428 1242 3665 1296 Midas.
3690 1272 3761 1282 —-
3791 1240 3929 1305 Quid

2336 1335 2440 1393 est,
2464 1326 2531 1382 In
2558 1340 2767 1385 excessu
2794 1329 3020 1397 moerin
3050 1347 3280 1399 summa,
3310 1333 3503 1403 inquit,
3528 1331 3851 1400 calamitate.
3876 1343 3934 1388 et

2335 1418 2539 1489 ingenti
2578 1422 2841 1476 maiorum
2887 1424 3275 1493 magnitudine.
3300 1425 3469 1480 Tanta
3522 1426 3701 1492 enim,
3735 1428 3929 1497 inquit,

2333 1524 2426 1566 me
2443 1510 2634 1565 adorta
2660 1522 2743 1566 est
2767 1515 3012 1578 tentatio,
3036 1523 3097 1568 ut
3122 1530 3404 1571 excessum
3445 1525 3501 1570 et
3530 1522 3745 1586 gravem
3770 1532 3935 1588 sopo-

2334 1618 2452 1659 rem
2480 1603 2537 1658 in
2569 1619 2657 1661 me
2680 1605 2944 1675 injiceret.
2974 1607 3116 1663 Dicit
3156 1610 3308 1664 enim
3347 1608 3437 1665 hic
3465 1625 3769 1675 excessum,
3798 1611 3935 1668 alie-

2334 1694 2662 1750 nationem
2687 1711 2872 1765 sensu,
2897 1714 3017 1768 qua:
3041 1716 3108 1756 ex
3125 1701 3279 1756 malis
3300 1702 3490 1757 oritur.
3514 1703 3649 1759 Nam
3669 1703 3739 1759 de
3759 1704 3935 1760 Adam

2334 1801 2549 1857 quoque
2574 1789 2793 1858 quando
2820 1790 3192 1849 diciturDeus
3227 1794 3519 1850 immisisse
3560 1796 3612 1850 in
3662 1811 3788 1851 eum
3839 1812 3935 1854 ex-

2334 1892 2549 1935 cessum
2571 1879 2724 1953 (Gen.
2748 1881 2805 1936 ε.
2830 1880 2962 1954 21),
2996 1884 3173 1939 innuit
3215 1885 3502 1955 quamdam
3530 1903 3561 1941 a
3591 1902 3754 1942 sensu
3795 1886 3933 1945 alie-

2336 1972 2635 2027 nationem.
2670 1973 2905 2030 Ecstasis
2932 1976 3099 2042 enim,
3127 1990 3235 2033 seu
3254 1992 3513 2033 excessus
3540 1978 3754 2043 dicitur,
3782 1992 3934 2035 extra

2335 2076 2396 2118 se
2425 2077 2545 2118 esse
2571 2066 2827 2133 positum.
2851 2065 3129 2125 immissus
3157 2078 3341 2126 autem
3369 2081 3485 2126 erat
3511 2079 3633 2129 tum
3650 2086 3932 2137 excessus,

2335 2171 2406 2212 ne
2432 2158 2659 2214 sentiret
2694 2174 2817 2214 cum
2843 2159 3147 2217 auferretur
3162 2171 3311 2218 costa
3327 2202 3343 2227 ,
3379 2177 3479 2219 nec
3502 2179 3578 2231 es
3599 2178 3664 2219 ea
3691 2179 3754 2219 re
3780 2164 3936 2221 dolo-

2334 2266 2453 2307 rem
2474 2254 2738 2322 caperet:
2764 2267 2827 2309 ea
2864 2254 3077 2311 ratione
3100 2255 3241 2319 Deus
3270 2255 3544 2314 suﬂurans
3567 2270 3788 2314 sensum
3813 2274 3935 2313 mo-

2335 2345 2526 2411 lestiae,
2560 2361 2630 2402 ne
2654 2354 2881 2415 accepto
2905 2347 3094 2403 dolore
3124 2347 3327 2403 factum
3367 2350 3419 2403 id
3449 2365 3593 2420 aegre
3616 2349 3812 2418 ferret,
3834 2351 3936 2407 im-

2337 2438 2485 2492 misit
2508 2439 2559 2491 in
2590 2453 2713 2492 eum
2740 2452 3043 2495 excessum.
3074 2438 3146 2501 Et
3166 2454 3357 2496 rursus
3383 2442 3510 2497 alibi
3542 2460 3558 2497 :
3584 2441 3813 2511 Cecidit,
3846 2445 3936 2498 in-

2327 2530 2474 2599 quit,
2504 2546 2658 2601 super
2686 2531 2824 2600 ipsos
2842 2547 3075 2587 excessus
3100 2530 3237 2603 (Act.
3269 2532 3358 2588 10.
3386 2534 3497 2604 10).
3524 2534 3800 2607 Signiﬁcat
3825 2534 3937 2590 illic

2335 2638 2556 2693 gravem
2581 2625 2869 2695 quemdam
2897 2638 3147 2694 saporem
3165 2668 3182 2695 ,
3214 2634 3272 2683 et
3297 2642 3329 2681 a
3359 2629 3520 2683 sensa:
3552 2628 3931 2686 resectionem.

2336 2718 2603 2773 Excessus
2640 2731 2802 2787 porro
2855 2718 2907 2772 id
2936 2718 3133 2787 ubique
3177 2718 3461 2788 significat.
3510 2718 3595 2774 Fit
3636 2729 3815 2774 autem
3848 2721 3933 2776 vel

2340 2812 2450 2867 Deo
2496 2811 2549 2866 id
2586 2813 2835 2879 faciente,
2856 2812 2944 2867 vel
2988 2812 3251 2873 malorum
3300 2813 3673 2883 magnitudine
3716 2827 3935 2882 gravem

2338 2894 2681 2975 soporemac
2713 2914 2983 2972 torporem
3002 2902 3281 2958 afferente.
3312 2903 3461 2958 Solet
3482 2905 3629 2963 enim
3657 2905 3934 2961 calamitas

2338 3013 2460 3054 esse
2488 3013 2646 3053 causa
2678 3012 2930 3053 excessus
2956 3006 3012 3053 et
3033 2999 3266 3067 soporis.
3293 2997 3394 3053 Hic
3416 3013 3547 3069 ergo
3576 2998 3706 3054 dicit
3747 3013 3937 3056 exces-

2339 3105 2459 3149 sum
2487 3135 2502 3160 ,
2552 3091 2976 3163 magnitudinem
3020 3092 3289 3147 malorum
3336 3108 3464 3163 qua:
3514 3108 3639 3152 eum
3693 3107 3929 3163 oecupa-

2338 3193 2481 3239 runt.
2511 3185 2650 3252 Quid
2680 3193 2961 3261 estautem
2990 3185 3133 3254 quod
3160 3182 3292 3242 dicit
3312 3224 3328 3252 ,
3366 3184 3549 3241 Omnis
3595 3186 3746 3240 homo
3790 3201 3934 3240 sten-

2338 3278 2443 3332 das
2465 3278 2491 3331 .9
2518 3277 2759 3333 Nemone
2786 3293 2949 3331 verax
2970 3277 2994 3330 ’ἰ
3014 3277 3295 3345 Quomodo
3324 3292 3456 3347 ergo
3499 3277 3599 3334 Job
3636 3278 3935 3348 descriptus

2340 3380 2425 3427 est
2458 3370 2551 3425 Vir
2574 3382 2748 3437 uerax,
2786 3374 2978 3441 justus,
3007 3371 3274 3442 religiosus
3302 3369 3421 3443 (Job
3451 3373 3501 3427 l.
3524 3372 3577 3442 1)
3598 3372 3621 3425 ?
3644 3370 3779 3438 Quid
3805 3386 3936 3427 vero

2339 3462 2581 3518 dicemus
2607 3461 2673 3516 de
2701 3461 3020 3531 prophetis?
3049 3461 3109 3517 Si
3154 3461 3229 3515 illi
3267 3462 3412 3518 enim
3458 3463 3764 3529 mendaces,
3796 3471 3852 3517 et
3880 3463 3935 3517 in

2341 3553 2405 3609 iis
2422 3569 2547 3624 quae
2571 3554 2828 3608 dixerunt
2860 3551 2980 3614 falsi
3005 3561 3151 3619 sunt,
3175 3554 3357 3610 omnia
3380 3564 3631 3625 pereunt.
3648 3555 3783 3623 Quid
3808 3569 3936 3611 vero

2339 3646 2651 3701 Abraham?
2680 3646 2805 3715 quid
2831 3646 2959 3715 justi
2990 3645 3217 3701 omnes?
3242 3645 3403 3701 Vides
3428 3655 3685 3716 quantum
3714 3646 3785 3701 sit
3822 3662 3940 3702 ma-

2341 3737 2474 3803 lum,
2501 3738 2545 3791 si
2575 3736 2737 3791 dietio
2763 3738 2938 3794 aulum
2966 3737 3291 3807 accipiatur,
3326 3746 3381 3791 et
3406 3752 3512 3791 non
3542 3754 3734 3793 sensus
3757 3738 3939 3793 consi-

2341 3828 2594 3884 deretur?
2621 3827 2758 3896 Quid
2788 3838 2873 3882 est
2900 3843 3029 3898 ergo
3056 3827 3198 3899 quod
3236 3828 3388 3895 dixit,
3410 3825 3589 3883 Omnis
3618 3829 3768 3883 homo
3797 3846 3939 3883 men-

2341 3922 2491 3976 dax?
2522 3920 2579 3975 id
2598 3920 2744 3991 quod
2773 3922 2887 3990 ipse
2928 3919 3060 3974 dicit
3088 3919 3217 3974 alibi
3246 3936 3261 3974 :
3296 3918 3467 3974 Homo
3507 3920 3719 3973 vanitati
3755 3921 3937 3974 similis

2341 4017 2508 4085 factus
2534 4024 2606 4069 est
2635 4012 2815 4085 (Psal.
2844 4014 2966 4069 M5.
3012 4013 3089 4085 4).
3113 4013 3267 4081 Quod
3308 4014 3468 4067 etiam
3514 4014 3649 4069 alius
3677 4014 3934 4082 propheta

2340 4105 2513 4160 dixit:
2549 4104 2728 4159 Omnis
2774 4122 2893 4159 caro
2940 4109 3165 4175 foenum,
3218 4114 3267 4158 et
3308 4106 3474 4159 omnis
3512 4106 3677 4175 gloria
3718 4106 3937 4161 hominis

2340 4198 2485 4267 quasi
2532 4198 2629 4266 ﬂos
2666 4197 2785 4264 [mni
2808 4195 2959 4265 (lsai.
2990 4195 3078 4250 40.
3101 4196 3156 4266 6)
3185 4213 3198 4249 :
3233 4195 3337 4250 hoc
3385 4207 3486 4257 eat.
3516 4212 3604 4252 res
3652 4196 3933 4263 vilissima,

2342 4284 2747 4356 praterﬂuens,
2776 4286 2966 4339 similis
2992 4285 3230 4351 umbrae,
3263 4288 3472 4348 somnio
3494 4328 3512 4351 ,
3534 4295 3588 4345 et
3611 4287 3767 4341 alicui
3798 4287 3932 4339 ima-

2342 4391 2473 4446 gini.

2424 4467 2475 4521 ι.
2508 4466 2575 4521 Ει
2606 4476 2662 4521 ιιι
2706 4467 2846 4522 scias
2888 4482 2972 4521 me
2998 4481 3120 4521 non
3162 4466 3268 4522 levi
3297 4468 3604 4537 conjectum
3646 4467 3934 4524 adductum

2343 4558 2459 4613 haec
2499 4558 2701 4625 dicere,
2733 4559 2871 4614 alius
2912 4560 3175 4628 interpres
3212 4560 3366 4625 dixit,
3416 4558 3628 4614 Falsum
3665 4562 3764 4632 (al.
3797 4562 3936 4616 alius

2340 4638 2851 4716 autetnp-Mentitur,
2879 4650 3034 4716 alius,
3081 4650 3326 4717 Fallitur,
3378 4651 3535 4716 alius,
3583 4651 3787 4721 Deﬁcit.
3819 4653 3931 4715 line

2340 4742 2533 4797 autem
2563 4742 2789 4795 multum
2831 4742 2897 4795 ab
2942 4741 3032 4795 illo
3068 4740 3264 4798 differt.
3296 4742 3505 4796 Mentiri
3536 4746 3681 4796 enim
3707 4753 3788 4798 est
3820 4746 3930 4798 vitii

2339 4832 2480 4901 quod
2510 4832 2561 4886 in
2588 4833 2769 4887 animo
2795 4833 2957 4886 situm
2983 4842 3066 4887 est
3099 4849 3112 4884 :
3146 4832 3377 4888 deiicere
3406 4842 3608 4899 autem,
3632 4844 3687 4890 et
3716 4846 3936 4904 practer-

2340 4924 2525 4992 fluere,
2554 4934 2609 4981 et
2643 4940 2764 4981 esse
2812 4925 3103 4988 somnium,
3135 4924 3373 4979 umbram
3403 4934 3457 4978 et
3486 4923 3697 5001 florem,
3730 4916 3933 4998 signiti-

2338 5024 2423 5069 cat
2463 5026 2665 5070 natura:
2713 5016 2993 5069 vilitatem.
3037 5013 3306 5097 ide‘mdest
3349 5014 3574 5077 enimid
3604 5017 3745 5086 quod
3798 5017 3935 5091 dixit

2340 5098 2615 5169 alius,Ego
2632 5116 2745 5152 sum
2768 5108 2900 5151 terra
2919 5110 2965 5151 et
2994 5095 3523 5169 cinis'(6en.i8.27):
3553 5110 3608 5155 et
3634 5099 3933 5170 alius,Quid

2338 5189 2563 5259 superbit
2610 5204 2743 5243 terra
2786 5198 2831 5243 et
2883 5190 3009 5243 cinis
3051 5188 3237 5252 (Eccli.
3285 5190 3372 5245 10.
3415 5191 3517 5261 9)ντ
3555 5199 3610 5246 et
3645 5207 3831 5247 rursus
3876 5204 3934 5246 ut

2338 5280 2551 5351 quando
2577 5281 2706 5336 dicit
2733 5281 2818 5335 hic
2849 5280 3126 5351 propheta,
3162 5281 3297 5349 Quid
3331 5290 3405 5336 est
3431 5282 3601 5347 homo,
3644 5283 3781 5353 quod
3821 5299 3931 5336 ute-

2338 5390 2451 5427 mor
2477 5389 2528 5427 es
2557 5375 2666 5443 ejus
2694 5371 2863 5445 (Psal.
2896 5374 2948 5428 8.
2983 5371 3065 5443 5)?
3089 5374 3287 5444 ubique
3317 5382 3522 5428 natura:
3550 5373 3829 5439 vilitate‘m,
3878 5384 3933 5427 et

2338 5479 2456 5518 eam
2494 5464 2625 5519 nihil
2672 5477 2792 5518 esse
2838 5464 3167 5535 signiﬁcans.
3198 5464 3272 5519 De
3314 5464 3587 5533 segetibus
3615 5464 3759 5520 enim
3793 5462 3931 5519 dici-

2416 5665 2489 5727 (a)
2516 5665 2885 5735 Yosliebraira
2904 5673 3013 5735 est,
3035 5668 3161 5735 11:1,
3202 5682 3353 5735 quam,
3380 5670 3656 5735 auidaser
3688 5672 3940 5735 interpre-

2355 5734 2486 5795 tatur
2516 5730 2714 5793 Aquila;
2750 5731 3072 5794 διαψεύδεται,
3112 5730 3439 5793 Symmachus
3459 5730 3481 5795 ;’
3508 5730 3736 5795 ἐκλείπει,
3765 5730 3922 5785 Tbeo-

2350 5789 2502 5839 dolio.
