4218 6428
164 402 274 461 525

169 531 292 575 mus
318 533 332 571 :
362 513 651 571 Ementita:
675 522 802 569 sunt
827 520 1061 585 segetes,
1094 511 1199 570 hoc
1223 516 1327 577 est,
1357 526 1508 582 spem
1533 520 1778 567 nostram

165 606 503 676 fefellerunt,
534 621 636 663 nec
666 616 725 662 ut
751 605 1128 676 sperabamus,
1164 605 1404 662 tulerunt
1436 622 1452 661 :
1485 612 1559 670 et,
1592 604 1783 659 Annus

171 709 260 756 est
280 699 591 764 ementitus,
620 697 724 754 hoc
742 700 932 754 rursus
956 697 1342 769 signiﬁcantes.
1371 696 1635 764 Quoniam
1653 708 1784 767 ergo

172 791 339 849 homo
388 808 479 849 res
524 800 611 848 est
656 792 798 857 vilis,
848 799 1011 862 atque
1042 791 1180 847 adeo
1219 790 1374 846 nihili
1408 807 1423 857 ;
1457 791 1560 846 hac
1603 796 1785 845 autem

173 885 517 957 philosophia
567 884 808 941 solemus
864 885 940 940 uti
990 885 1227 941 maxime
1269 885 1325 941 in
1374 884 1702 961 calamitate,
1733 892 1791 939 et

170 991 333 1045 qnam
357 975 430 1029 sit
457 973 672 1031 inﬁrma
700 985 887 1031 natura
917 974 1264 1032 considerare
1294 992 1309 1034 :
1341 974 1464 1032 ideo
1494 975 1613 1046 ipse
1651 990 1788 1045 quo-

169 1083 293 1139 que‘
321 1080 445 1123 cum
490 1078 633 1123 esset
671 1068 836 1122 animi
864 1068 1077 1131 anxius,
1108 1078 1165 1122 et
1215 1066 1426 1123 videret
1453 1066 1604 1137 argui
1632 1076 1784 1122 natu-

170 1174 290 1214 ram
322 1201 338 1227 ,
386 1168 440 1215 et
465 1170 625 1232 quam
653 1161 776 1214 vilis
800 1169 947 1217 esset
973 1169 1025 1216 et
1058 1157 1213 1215 nihili
1241 1161 1388 1215 omni
1416 1174 1483 1215 ex
1514 1168 1675 1231 parte
1703 1172 1783 1215 os-

170 1253 362 1320 tendit,
398 1254 598 1319 Omnis,
635 1253 827 1325 inquit,
862 1253 1015 1308 homo
1046 1253 1271 1307 mendax
1296 1268 1316 1307 :
1344 1250 1447 1317 hoc
1473 1261 1577 1318 est,
1609 1251 1786 1308 Homo

169 1344 328 1399 nihili
374 1354 481 1402 est.
526 1345 789 1414 Quocirca
835 1345 950 1415 ipse
974 1359 1188 1416 quoque
1228 1344 1354 1399 alibi
1383 1344 1643 1400 dicebat:
1685 1342 1784 1398 Ve-

166 1434 456 1492 rumtamen
495 1438 551 1493 in
590 1439 817 1509 imagine
866 1445 1143 1507 pertransit
1186 1436 1339 1492 homo
1370 1432 1545 1509 (Psal.
1577 1434 1667 1492 38.
1701 1434 1784 1506 7).

169 1530 226 1586 3.
259 1528 398 1598 Quid
423 1530 695 1585 retribuam
734 1528 959 1585 Domino
986 1546 1082 1602 pro
1123 1524 1355 1584 omnibus
1395 1545 1512 1600 qua:
1553 1530 1787 1584 retribuit

167 1625 301 1679 mihi
327 1624 355 1679 .'
382 1621 519 1681 Vide
561 1624 837 1697 quomodo
878 1623 1115 1682 ostendit
1156 1639 1410 1696 magnum
1458 1623 1784 1681 beneﬁcium

172 1731 287 1773 non
313 1726 380 1773 ex
397 1717 462 1772 iis
481 1718 656 1774 solum
682 1734 802 1789 qua:
831 1718 970 1775 facta
996 1726 1143 1784 sunt,
1167 1718 1262 1773 sed
1280 1716 1442 1774 etiam
1466 1731 1534 1773 ex
1553 1731 1623 1774 eo
1643 1718 1787 1787 quod

168 1808 312 1865 facta
364 1810 473 1866 sint
511 1809 563 1866 in
609 1825 733 1865 eum
779 1811 871 1882 qui
913 1820 1058 1875 esset
1087 1809 1376 1882 ejusmodi,
1409 1808 1530 1866 aliis
1565 1808 1787 1881 quidem

168 1903 383 1971 verbis,
423 1903 518 1960 sed
559 1903 752 1959 eodem
796 1905 961 1960 sensu
1006 1919 1072 1961 ea
1118 1916 1365 1967 narrans,
1397 1916 1519 1973 quae
1562 1913 1687 1957 sunt
1730 1904 1785 1958 in

163 1996 411 2055 Psalmo.‘
436 1995 903 2065 Quemadmodum
934 1997 1080 2054 enim
1109 1997 1217 2053 illic
1243 1988 1455 2052 dicebat
1495 2011 1514 2054 :
1545 1995 1685 2064 Quid
1706 2005 1781 2053 est

164 2091 325 2144 homo
348 2090 483 2162 quod
513 2104 706 2144 memor
736 2107 788 2145 es
808 2090 943 2162 ejus,
972 2098 1062 2143 aut
1086 2087 1229 2158 ﬁlius
1267 2087 1509 2156 hominis,
1539 2088 1785 2160 quoniam

161 2183 343 2238 sisitas
367 2197 481 2239 eum
502 2181 681 2257 (Psal.
714 2182 768 2239 8.
803 2182 891 2255 5)?
921 2182 992 2237 ita
1026 2181 1114 2237 hic
1143 2180 1326 2237 etiam.
1644 2180 1649 2187 ’

235 2273 496 2346 Beneficia
515 2286 569 2339 ut
592 2275 950 2348 duplicentur;
971 2274 1225 2348 quomodo
1261 2289 1363 2334 vos;
1383 2315 1398 2339 ,
1435 2272 1679 2363 calicem,
1704 2275 1786 2329 in-

160 2367 442 2439 telligenda
467 2367 567 2435 sit,
596 2366 649 2422 in
677 2384 824 2422 uersu
851 2367 1096 2433 sequenti.
1120 2396 1192 2407 —
1215 2366 1368 2422 Tunc
1395 2376 1574 2421 autem
1602 2376 1784 2422 Osten-

159 2459 368 2516 duntur
385 2460 618 2532 duplicia
647 2474 771 2516 esse
801 2459 1087 2530 beneﬁcia;
1113 2460 1328 2530 quando
1354 2468 1411 2516 et
1438 2467 1635 2515 natura
1658 2476 1777 2515 ma-

158 2566 269 2622 gna
314 2563 460 2616 sunt,
504 2559 561 2608 et
583 2550 801 2624 quando
828 2549 1181 2607 conferuntur
1210 2552 1263 2606 in
1294 2564 1421 2608 eum
1463 2550 1556 2624 qui
1594 2561 1678 2607 est
1706 2552 1780 2607 ni-

160 2640 257 2698 bili
290 2644 479 2716 :quod
505 2643 723 2716 quidem
752 2643 1075 2701 beneficium
1106 2654 1161 2700 et
1193 2643 1421 2716 gratiam
1462 2646 1778 2717 ampliﬁcat.

160 2734 280 2790 lloc
320 2733 497 2805 ipsum
526 2734 712 2791 volens
754 2734 1061 2801 ostendere,
1112 2734 1242 2791 dicit
1269 2752 1286 2792 :
1318 2735 1457 2803 Quid
1498 2738 1781 2793 retribuam

158 2823 763 2897 Dominotsigniﬁcans
812 2824 988 2897 ipsum
1024 2825 1297 2882 hominem
1322 2868 1339 2894 ,
1384 2827 1478 2898 qui
1523 2838 1607 2884 est
1628 2844 1781 2884 men-

158 2914 401 2985 dacium,
440 2915 529 2988 qui
560 2900 646 2973 est
667 2916 791 2972 vilis
816 2926 979 2988 atque
1003 2916 1141 2971 adeo
1169 2915 1343 2984 nihili,
1367 2917 1588 2990 dignum
1629 2929 1776 2975 tanta

155 3009 441 3064 censuisse
463 3008 655 3080 gratia.
691 3006 801 3062 Pro
829 3006 1065 3063 omnibus
1090 3023 1206 3078 qua:
1222 3008 1459 3065 retribuit
1489 3010 1638 3065 mihi.
1661 3011 1778 3069 lloc

155 3107 245 3155 est
280 3100 419 3171 grati
442 3100 627 3165 animi,
660 3099 911 3165 circuire,
940 3109 998 3156 et
1028 3114 1125 3171 pro
1151 3102 1215 3156 iis
1243 3117 1365 3172 qua:
1386 3102 1597 3174 accepit
1620 3102 1781 3161 bene-

156 3189 299 3246 ﬁciis
334 3205 581 3262 quaerere
612 3188 942 3247 benefactori
981 3192 1216 3263 aliquam
1257 3193 1465 3251 referre
1492 3194 1725 3265 gratiam
1755 3213 1769 3252 :

153 3292 218 3338 et
242 3296 368 3336 cum
394 3297 574 3338 omnia
603 3283 929 3351 exsolverit,
959 3292 1153 3355 putare
1180 3300 1241 3341 se
1268 3284 1403 3340 nihil
1432 3285 1583 3342 dare.
1614 3287 1771 3352 Quod

153 3390 281 3431 cum
309 3389 377 3431 ex
411 3375 781 3433 retributionis
811 3376 1078 3448 principio
1107 3377 1503 3435 subindicasset
1534 3421 1548 3448 ,
1582 3397 1773 3451 proce-

153 3468 293 3523 dens
322 3466 583 3539 signiﬁcat
611 3482 673 3524 se
708 3468 762 3523 id
786 3469 1189 3524 exsoluturum.
1219 3469 1470 3526 Ostendit
1504 3474 1647 3527 enim
1676 3473 1776 3529 du-

153 3560 353 3631 plicem
384 3561 680 3631 gratiarum
705 3562 997 3628 actionem,
1042 3572 1096 3618 et
1129 3563 1274 3634 quod
1305 3579 1369 3619 ea
1394 3564 1507 3629 det,
1538 3582 1658 3637 qua:
1684 3582 1775 3638 po-

154 3663 283 3719 test,
317 3664 373 3710 et
396 3654 537 3725 quod
582 3670 704 3711 cum
734 3670 796 3711 ea
824 3654 935 3720 det,
965 3671 1027 3712 se
1056 3656 1189 3711 nihil
1230 3657 1453 3727 dignum
1481 3658 1615 3715 dare
1653 3660 1773 3715 exi-

151 3746 360 3803 stimet.
381 3745 518 3815 Quid
541 3755 775 3819 estergo
800 3747 942 3820 quod
968 3756 1052 3805 est
1074 3749 1336 3806 daturus?
1362 3751 1497 3806 Audi
1528 3768 1651 3807 cum
1679 3752 1769 3809 di-

151 3850 401 3909 centem;
432 3841 700 3913 subjungit
718 3844 861 3898 enim
892 3843 979 3899 τι.
1004 3841 1226 3899 Calicem
1243 3845 1770 3918 salutarisaccipium,

154 3942 200 3986 et
225 3949 413 3987 nomen
431 3931 637 3997 Domini
655 3934 917 4005 invocabo.
941 3934 1042 4006 Qui
1063 3936 1207 4009 quod
1228 3937 1431 3995 dictum
1450 3949 1534 3996 est
1554 3941 1775 3997 sumunt

152 4026 476 4098 anagogice,
504 4027 694 4084 dicunt
722 4044 844 4086 esse
881 4032 1321 4088 communionem
1364 4035 1769 4106 mysteriorum.

155 4117 265 4175 Nos
281 4129 460 4175 autem
477 4118 755 4177 historiam
774 4133 1084 4195 sequentes.
1106 4123 1334 4181 dicimus
1346 4142 1468 4182 eum
1484 4126 1573 4185 hic
1588 4127 1770 4186 dicere

154 4210 411 4268 libamina
454 4224 509 4268 et
537 4213 819 4279 sacriﬁcia,
845 4224 903 4271 et
924 4215 1154 4288 hymnos
1184 4218 1478 4288 gratiarum
1512 4220 1764 4275 actionis.

154 4303 327 4360 Erant
346 4304 544 4378 quippe
571 4306 870 4378 antiquitus
899 4307 1121 4365 diversa
1148 4309 1412 4367 sacriﬁcia
1436 4329 1449 4366 :
1480 4322 1600 4369 erat
1620 4314 1764 4370 enim

153 4394 481 4453 sacriﬁcium
528 4397 721 4465 laudis,
764 4414 862 4472 pro
894 4402 1153 4472 peccatis,
1187 4401 1525 4475 holocauSta,
1561 4420 1661 4475 pro
1683 4422 1770 4460 sa-

152 4485 284 4553 lute,
326 4498 384 4543 et
403 4488 645 4559 paciﬁca,
678 4499 730 4545 et
756 4491 910 4561 plura
933 4493 1060 4548 alia.
1092 4493 1208 4549 Hoc
1232 4504 1317 4551 est
1345 4510 1479 4567 ergo
1504 4496 1651 4567 quod
1680 4496 1767 4551 di-

153 4579 227 4633 cit
263 4594 280 4631 :
320 4578 439 4635 bon
485 4595 703 4651 possum
749 4582 966 4653 quidem
1011 4584 1155 4655 quod
1194 4585 1415 4656 dignum
1457 4596 1544 4645 est
1571 4590 1770 4660 persol.

153 4686 306 4740 vere,
337 4672 490 4729 solvo
525 4686 706 4730 autem
751 4676 893 4746 quod
923 4691 1163 4748 possum.
1195 4678 1431 4735 Olferam
1467 4681 1612 4736 enim
1656 4683 1768 4739 Deo

154 4765 481 4821 sacriﬁcium
525 4768 823 4838 gratiarum
874 4770 1123 4843 actionis,
1162 4780 1217 4827 ct
1245 4773 1437 4828 salutis
1464 4788 1589 4831 eum
1617 4790 1768 4831 cont-

154 4856 530 4915 monefaciam.
562 4860 619 4916 5.
654 4858 786 4916 Vota
800 4879 911 4918 mea
936 4861 1162 4919 Domina
1179 4865 1393 4921 reddam
1421 4883 1595 4923 coram
1627 4872 1768 4926 omni

156 4947 348 5020 populo
369 4949 499 5020 ejus.
536 4951 671 5007 Vota
702 4953 789 5007 hic
810 4953 940 5011 dicit
966 4956 1229 5026 promissa
1255 4968 1308 5013 et
1329 4958 1765 5027 [milicitationem

156 5042 211 5097 ln
237 5044 321 5097 his
341 5042 485 5098 enim
514 5047 769 5102 aerumnis
783 5046 850 5103 ad
875 5047 1043 5104 Deum
1069 5049 1430 5122 confugiebat,
1458 5064 1513 5109 et
1539 5070 1600 5111 se
1616 5055 1768 5111 dehi-

155 5143 329 5191 torem
360 5136 409 5192 ei
430 5138 791 5194 constituebat
819 5182 835 5206 ,
864 5140 1129 5211 pollicens
1156 5143 1199 5197 si
1226 5158 1289 5199 ea
1318 5145 1459 5202 mala
1480 5146 1763 5219 effugeret,

154 5238 215 5281 se
248 5224 369 5281 lucc
405 5228 774 5285 cxsolutnrum
802 5246 925 5289 esse
970 5233 1259 5291 sacriﬁcia.
1297 5236 1562 5307 Quoniam
1611 5242 1764 5314 ergo,

156 5319 352 5390 inquit,
378 5321 610 5379 cessavit
642 5324 943 5391 calamitas,
981 5325 1113 5382 Vota
1150 5346 1265 5384 mea
1289 5331 1504 5387 reddam
1545 5332 1765 5391 Domino

154 5426 327 5465 coram
347 5413 487 5468 omni
499 5418 692 5486 populo
706 5417 835 5485 ejus.
855 5421 910 5474 6.
934 5415 1172 5474 Pretiosa
1187 5422 1240 5475 in
1261 5433 1534 5495 eoitspeetu
1554 5424 1766 5482 Domini

154 5518 294 5556 mors
320 5515 611 5559 sanctorum
648 5523 783 5577 ejus.
812 5509 986 5575 Alius,
1021 5508 1293 5566 Honorata
1319 5530 1493 5569 eorum
1518 5514 1761 5573 Domino.

152 5594 410 5662 Quanam
451 5606 535 5650 est
570 5608 751 5653 autem
798 5599 914 5657 htrc
935 5606 1337 5674 consequentia,
1363 5616 1418 5662 et
1442 5609 1568 5679 quid
1603 5609 1766 5667 habet

151 5684 297 5756 quod
334 5703 457 5742 cum
498 5689 765 5758 prioribus
804 5696 1138 5751 conveniat?
1176 5697 1232 5754 Si
1283 5700 1405 5770 quis
1435 5700 1489 5758 id
1516 5715 1765 5762 accurate

149 5780 563 5846 examinaverit,
607 5786 897 5842 maximam
924 5787 1170 5846 inveniet
1198 5793 1594 5863 cognationem.
1626 5796 1763 5866 Quia

152 5867 297 5928 enim
340 5871 572 5943 dixerat,
619 5875 757 5944 Quid
800 5879 1077 5936 retribuam
1126 5881 1346 5941 Domino
1391 5900 1487 5957 pro
1528 5892 1761 5949 omnibus

1318 384 1685 473 EXPOSITID
1725 390 1790 448 IN
1830 392 2157 451 essenon
2195 391 2357 451 cxv.

3410 399 3520 455 5'26

1891 522 2009 579 qm
2028 507 2260 566 retribuit
2279 510 2408 566 mihi
2422 511 2448 566 .’
2474 512 2768 569 ostendens
2796 512 2916 585 ejus
2941 513 3226 581 beneﬁcia,
3256 513 3383 575 dicit
3403 536 3515 576 non

1891 600 2069 656 solum
2098 603 2287 668 vitam,
2317 601 2412 659 sed
2443 604 2607 659 etiam
2640 610 2873 662 martem
2908 616 3220 664 senatorum
3252 608 3364 665 Deo
3393 626 3517 669 esse

1891 704 2059 758 curae,
2099 707 2207 749 non
2243 708 2363 748 cam
2390 693 2564 749 solum
2610 712 2732 765 quae
2767 696 2885 768 lege
2915 708 3126 756 natura:
3151 699 3391 771 advenit,
3419 705 3517 759 sed

1892 785 2054 840 etiam
2097 801 2219 857 quae
2261 786 2380 857 ejus
2427 787 2706 845 voluntate
2745 792 3057 862 suscipitur.
3114 788 3516 855 Annon’audis

1894 879 2118 935 Paulum
2144 879 2416 937 dicentem
2448 900 2463 935 :
2497 881 2563 938 In
2592 901 2747 939 carne
2782 895 2952 941 autem
2979 889 3203 956 manare,
3235 893 3400 964 magis
3427 910 3517 948 ne-

1892 974 2170 1029 eessariun't
2190 977 2398 1047 propter
2415 990 2521 1045 vos,
2549 986 2595 1032 et
2620 994 2678 1033 eo
2697 974 2881 1047 fretus,
2912 981 3017 1035 seio
3039 982 3177 1052 quod
3207 985 3440 1051 manebo,
3467 995 3516 1039 ct

1891 1064 2197 1137 permanebo
2238 1076 2343 1120 una
2379 1066 2636 1123 vobiscum
2669 1067 2895 1142 (Philip.
2943 1073 2991 1127 ί.
3017 1071 3109 1128 24.
3134 1074 3248 1145 25).
3277 1076 3345 1131 Et
3385 1076 3514 1147 quid

1895 1156 2110 1211 miraris
2136 1155 2183 1212 si
2210 1170 2379 1225 mors,
2402 1168 2526 1214 cum
2566 1175 2668 1216 nec
2693 1163 2974 1233 generatio
3006 1166 3395 1222 nonnullorum
3417 1184 3513 1223 na-

1895 1254 2029 1302 tum
2058 1245 2175 1318 lege
2200 1258 2415 1318 peracta
2440 1250 2529 1316 sit,
2557 1250 3017 1323 quemadmodum
3045 1258 3323 1327 generatio
3348 1257 3515 1316 lsaatsi

1892 1347 1947 1393 et
1970 1339 2252 1410 generatio
2288 1340 2558 1399 Samuelis
2600 1341 2754 1416 (Gen.
2800 1360 2848 1398 c.
2875 1344 2967 1400 27.
2999 1355 3047 1401 et
3093 1346 3268 1416 c.18;
3302 1342 3352 1405 l.
3381 1343 3514 1425 Reg.

1893 1429 1948 1485 5.
1970 1430 2063 1500 20)
2089 1430 2114 1485 ‘l
2156 1432 2423 1500 Quocirca
2461 1448 2564 1492 nec
2584 1438 2763 1493 carnis
2803 1436 3021 1509 quidem
3052 1455 3146 1496 eos
3170 1453 3325 1498 vocat
3352 1442 3515 1512 ﬁlios,

1893 1520 1989 1577 sed
2037 1523 2180 1580 ﬁlios
2218 1526 2593 1595 promissionis
2632 1528 2812 1599 (Rom.
2836 1527 2890 1585 9.
2922 1530 3003 1599 8).
3032 1531 3110 1587 lta
3145 1533 3308 1589 etiam
3333 1535 3516 1593 Moses

1892 1628 2001 1669 non
2031 1624 2115 1670 est
2141 1616 2468 1688 simpliciter
2502 1628 2557 1675 et
2586 1620 2834 1677 absolute
2875 1632 3121 1680 tnortuus
3151 1620 3390 1696 (Denter.
3419 1630 3513 1686 32.

1901 1703 1991 1761 l9.
2024 1704 2141 1780 50);
2169 1708 2265 1764 sed
2293 1714 2415 1765 cum“
2438 1710 2581 1766 Deus
2596 1710 2848 1783 jussisset
2877 1730 2891 1768 :
2920 1729 3097 1787 neque
3125 1716 3394 1787 Joannes,
3418 1722 3514 1777 sed
3566 1713 3571 1717 ’

1891 1811 2015 1854 cum
2048 1799 2163 1870 ipse
2195 1803 2554 1873 permisisset.
2586 1806 2748 1877 Atqui
2778 1806 2878 1864 l'uit
2923 1825 3136 1868 merces
3165 1815 3470 1871 meretricis
3499 1834 3512 1881 ;

1892 1889 1994 1946 fuit
2025 1898 2207 1949 tamen
2246 1894 2418 1951 nihilo
2446 1896 2625 1954 secius
2654 1898 2942 1957 honorata.
2973 1901 3090 1959 Hoc
3118 1904 3297 1977 ipsum
3327 1918 3511 1964 autem

1892 1993 1975 2039 eSt
1999 1982 2343 2054 admirabile,
2366 1987 2513 2058 quod
2540 1990 2626 2045 vel
2654 1991 2733 2047 sic
2760 2004 3007 2049 mortuus
3032 1993 3334 2053 honoratus
3360 1996 3464 2055 fuit
3495 2019 3510 2063 ;

1891 2077 2157 2148 siquidem
2185 2095 2284 2150 pro
2313 2082 2540 2139 veritate
2563 2085 2724 2139 vitam
2764 2083 2939 2144 ﬁnivit
2958 2129 2974 2155 ,
3010 2097 3268 2162 tantoque
3297 2090 3515 2150 habitus

1892 2178 1978 2225 est
2005 2169 2059 2227 in
2104 2170 2332 2239 honore,
2364 2186 2422 2231 ut
2442 2176 2559 2247 ipse
2584 2179 2745 2235 etiam
2770 2181 2863 2252 qui
2884 2194 3011 2239 eum
3036 2183 3407 2254 interfecerat,
3433 2188 3514 2259 ip-

1889 2278 2010 2321 sum
2041 2265 2276 2323 timeret.
2305 2267 2462 2338 Quod
2488 2279 2670 2328 autem
2705 2276 2942 2343 timeret,
2971 2278 3097 2335 andi
3123 2279 3253 2351 quid
3283 2297 3503 2355 cvange-

1889 2355 2012 2413 lista
2034 2358 2179 2415 dicat
2224 2361 2294 2418 de
2334 2361 2549 2422 Herode
2576 2384 2589 2422 :
2612 2366 2828 2424 Dicebat
2854 2370 3012 2439 enim,
3039 2374 3181 2443 quod
3200 2375 3312 2447 ipse
3348 2394 3513 2434 resur-

1888 2451 2021 2506 rexit
2050 2467 2083 2506 a
2112 2455 2348 2522 mortuis,
2386 2465 2433 2511 et
2474 2468 2746 2530 prapterea
2767 2462 2976 2521 virtutes
3010 2479 3293 2535 aperantur
3314 2468 3369 2526 in
3396 2470 3510 2542 ipso

1890 2541 2081 2613 (Marc.
2115 2544 2168 2600 6.
2205 2545 2320 2616 id).
2347 2545 2480 2604 \‘ide
2500 2552 2775 2615 quomodo
2792 2552 2953 2610 etiam
2979 2557 3032 2611 in
3057 2554 3193 2615 Abel
3223 2571 3343 2617 erat
3362 2541 3510 2617 mers

1888 2635 2125 2703 pretiosa
2168 2646 2224 2694 ct
2266 2635 2555 2699 honorata.
2598 2642 2698 2701 Ubi
2722 2656 2795 2701 est
2824 2648 2951 2705 Abel
2987 2654 3151 2721 frater
3193 2663 3309 2711 tuus
3336 2656 3363 2710 7
3402 2656 3512 2713 Vox

1885 2729 2152 2798 sanguinis
2171 2732 2351 2802 fratris
2376 2735 2451 2789 tui
2485 2736 2673 2792 clantat
2694 2740 2764 2793 ad
2790 2758 2869 2796 nte
2899 2740 3053 2816 (Gen.
3082 2745 3138 2803 ι.
3164 2746 3217 2803 9.
3246 2746 3360 2823 10).

1958 2819 2014 2874 5.
2045 2820 2300 2894 Sepulcra
2328 2838 2616 2901 martyrum
2643 2833 2984 2892 honorabilia.
3006 2867 3081 2879 ——
3102 2838 3236 2897 Vide
3261 2819 3424 2899 etiam
3452 2846 3507 2901 in

1884 2908 2093 2969 Lazaro
2112 2957 2128 2982 ,
2159 2919 2433 2988 quomodo
2463 2931 2584 2993 post
2614 2924 2733 2997 ejus
2763 2938 2995 2986 mortem
3026 2933 3205 3006 angeli
3238 2950 3361 2991 cum
3412 2938 3510 2994 dc-

1887 3003 2160 3064 tlucebant
2185 3008 2353 3083 (Luc.
2384 3007 2472 3070 16.
2496 3013 2626 3090 22).
2659 3018 3038 3093 Contemplare
3066 3003 3229 3082 eliam
3259 3031 3508 3088 civitates

1882 3096 1952 3154 ad
1982 3109 2281 3173 martyrum
2327 3106 2578 3178 sepulcra
2621 3108 3042 3185 eonCurrentes,
3074 3120 3128 3174 et
3155 3122 3383 3192 populos
3412 3140 3507 3182 co-

1882 3197 2002 3249 rum
2044 3208 2230 3252 amore
2258 3194 2643 3271 inﬂammatos.
2690 3203 2807 3262 Hoc
2845 3217 2932 3264 est
2976 3225 3107 3283 ergo
3149 3214 3293 3285 quod
3331 3216 3502 3275 dicit:

1883 3281 2027 3338 Deus
2052 3300 2300 3357 magnam
2326 3291 2747 3351 sollicitudinem
2774 3307 2823 3354 ct
2847 3281 3201 3375 curam‘gerit'
3221 3308 3304 3364 vel
3330 3307 3506 3381 ipsius

1883 3377 2077 3432 mortis
2105 3390 2441 3438 sanctorum.
2478 3384 2664 3459 Neque
2690 3390 2834 3445 enim
2862 3377 3372 3472 quomodocumque
3401 3418 3503 3460 nec

1882 3467 2106 3525 fortuito
2127 3473 2449 3540 moriuntur,
2473 3477 2569 3534 sed
2593 3481 2812 3552 quando
2834 3484 2950 3556 ipse
2978 3488 3029 3543 id
3052 3504 3119 3545 ex
3147 3507 3261 3548 suze
3280 3467 3501 3568 dispen-
3575 3486 3578 3488 ’

1883 3561 2109 3617 sationis
2135 3567 2366 3623 consilio
2395 3572 2722 3640 permiserit.
2754 3575 2821 3631 Et
2852 3577 2974 3635 idco
3002 3580 3218 3639 dicebat
3238 3628 3254 3652 ,
3284 3561 3502 3644 Incon-

1880 3667 2055 3725 specta
2086 3655 2331 3729 Domini,
2377 3661 2483 3720 hoc
2508 3667 2697 3723 volens
2739 3672 3061 3755 ostendere,
3095 3668 3147 3731 7.
3184 3665 3229 3734 Ο
3257 3678 3498 3748 Domine,

1880 3766 1972 3823 ego
1997 3758 2172 3808 servus
2198 3764 2315 3811 tuus
2333 3797 2348 3822 ,
2390 3773 2482 3829 ego
2512 3776 2684 3818 seruus
2712 3774 2830 3827 tuus
2849 3808 2864 3832 ,
2897 3777 2945 3822 et
2976 3769 3116 3839 ﬁlius
3140 3773 3346 3830 ancillae
3374 3785 3493 3833 tum.

1878 3842 1997 3900 Non
2022 3847 2151 3903 dicit
2172 3864 2518 3909 communem
2543 3857 2881 3924 servitutem,
2915 3860 3012 3936 sed
3036 3878 3155 3919 cam
3182 3882 3302 3937 quae
3325 3869 3500 3926 oritur

1879 3945 1946 3995 ex
1978 3955 2173 4013 magno
2199 3958 2387 4001 amore
2416 3958 2472 4002 et
2500 3947 2815 4020 aﬁ‘ectione,
2849 3969 3046 4027 magno
3076 3958 3326 4017 incensus
3354 3961 3499 4020 desi-

1879 4031 2055 4104 derio,
2084 4036 2227 4107 quod
2256 4048 2339 4095 est
2367 4054 2567 4098 corona
2600 4046 2832 4101 maxima
2850 4090 2866 4113 ,
2895 4058 2947 4104 et
2976 4052 3168 4123 quovis
3193 4053 3499 4114 diademata

1878 4129 2207 4215 praclarius.
2244 4126 2507 4202 Quocirca
2539 4136 2681 4195 Deus
2707 4155 2923 4213 quoque
2949 4143 3001 4199 id
3034 4147 3210 4216 posuit
3245 4162 3347 4219 pro
3385 4166 3501 4204 ma-

1877 4219 2023 4275 xima
2051 4220 2209 4279 laude
2233 4264 2249 4289 ,
2295 4223 2483 4281 dicens
2503 4268 2519 4295 ,
2556 4227 2727 4286 Moses
2766 4238 2941 4288 servits
2970 4251 3111 4291 meus
3140 4249 3371 4294 mortuus
3400 4254 3494 4296 cst.

1875 4309 1947 4367 Et
1974 4314 2114 4385 filius
2142 4305 2348 4373 aneillte
2378 4330 2481 4375 tua:
2508 4319 2699 4395 (losue
2744 4326 2796 4381 l.
2820 4310 2914 4397 Ξ).
2947 4328 3065 4387 Hoc
3093 4343 3205 4397 εει,
3238 4333 3283 4388 Α
3312 4334 3497 4391 multis

1875 4415 2022 4463 retro
2065 4411 2312 4491 sacculis,
2353 4426 2383 4467 a
2429 4422 2675 4485 tempore
2706 4418 2971 4488 majorum
3013 4436 3257 4479 meorum
3294 4423 3495 4482 addicti

1876 4513 2064 4556 sumus
2109 4512 2216 4558 tuae
2258 4506 2523 4562 servituti.
2573 4507 2733 4576 Quod
2776 4511 2940 4568 etiam
2975 4512 3174 4569 Paulus
3219 4518 3399 4586 posuit
3443 4521 3494 4573 in

1874 4590 2165 4648 Timotheo
2192 4611 2290 4666 pro
2315 4599 2553 4655 maximo
2579 4612 2902 4657 ornamento
2922 4645 2936 4667 ,
2965 4603 3152 4661 dicens
3184 4625 3197 4661 :
3223 4606 3491 4664 Recorda-

1876 4686 2065 4741 tionem
2093 4687 2283 4744 habens
2308 4690 2431 4761 ﬁdei
2454 4708 2572 4765 qua:
2600 4704 2675 4748 est
2699 4696 2752 4749 in
2780 4706 2827 4750 te
2853 4713 2955 4752 non
2984 4699 3123 4767 ﬁcta,
3153 4716 3270 4770 qua:
3293 4702 3497 4760 habita-

1872 4778 1943 4831 vit
1973 4779 2196 4847 primum
2238 4781 2290 4835 in
2334 4782 2449 4837 avia
2492 4798 2581 4838 tua
2619 4783 2819 4854 Laide,
2863 4799 2912 4844 et
2951 4801 3116 4845 matre
3153 4802 3243 4847 tua
3272 4792 3491 4851 Euttice.

1879 4868 2191 4928 Persuasum
2220 4883 2393 4929 autent
2435 4876 2597 4932 habeo
2622 4879 2759 4949 quod
2785 4890 2832 4934 et
2870 4881 2925 4935 in
2955 4892 3033 4947 te,
3078 4894 3124 4937 et
3151 4886 3289 4955 quod
3316 4888 3380 4941 ab
3408 4889 3496 4943 in-

1876 4966 2041 5036 fantia
2080 4966 2306 5023 didicisti
2349 4985 2524 5025 sacras
2570 4970 2744 5026 literas
2771 4972 2859 5044 (Ξ.
2883 4973 3022 5030 Tim.
3048 4978 3100 5032 l.
3125 4978 3181 5033 5.
3209 4990 3255 5033 ct
3276 4980 3330 5035 3.
3363 4982 3429 5036 l5
3450 4983 3492 5051 ).

1876 5054 1944 5110 Et
1981 5072 2170 5113 rursus
2197 5057 2267 5115 de
2308 5060 2489 5132 scipso
2517 5076 2534 5115 :
2564 5060 2817 5119 Hebrwus
2854 5082 2919 5122 ea:
2952 5065 3183 5124 Hebreis
3211 5073 3226 5140 (
3255 5070 3491 5145 Philipp.

1874 5148 1927 5204 3.
1959 5149 2052 5219 5).
2089 5151 2156 5205 Et
2183 5166 2391 5220 rursus,
2425 5148 2633 5210 Hebraei
2658 5167 2807 5225 sunt,
2836 5168 2884 5213 et
2910 5176 3001 5232 ego
3026 5176 3044 5216 :
3070 5159 3329 5219 Israelin
3354 5178 3492 5234 sunt,

1873 5252 1922 5296 et
1951 5259 2042 5315 ego
2076 5244 2151 5314 (2.
2178 5243 2300 5299 Cor.
2327 5234 2413 5301 il.
2444 5246 2574 5320 22).
2606 5251 2853 5320 Amplius
2881 5252 3027 5309 enim
3050 5255 3301 5326 quiddam
3332 5258 3496 5314 habe-

1873 5336 2022 5405 bant,
2046 5350 2206 5410 quam
2231 5340 2509 5413 proselyti,
2536 5344 2625 5413 qui
2650 5360 2680 5399 a
2703 5346 2816 5400 suis
2837 5349 3134 5417 majoribus
3158 5352 3292 5406 tales
3316 5364 3495 5409 erant.

1875 5433 1943 5489 Et
1972 5433 2095 5491 ideo
2123 5434 2210 5491 hic
2234 5450 2448 5508 quoque
2476 5437 2604 5494 dicit
2630 5458 2644 5494 :
2671 5438 2737 5493 Et
2768 5439 2911 5510 [ilius
2938 5446 3142 5499 ancilla:
3168 5457 3289 5501 tum.

1947 5522 2082 5580 Sunt
2120 5525 2253 5581 bana
2279 5536 2328 5581 et
2369 5528 2507 5583 mala
2537 5530 2784 5597 vincula;
2823 5551 2998 5606 gratus
3039 5536 3241 5592 animus
3273 5539 3496 5595 niaxime

1873 5616 1983 5671 Deo
2008 5622 2267 5688 placet.—
2295 5620 2554 5693 Dirupisti
2590 5624 2795 5680 uincula
2841 5644 2973 5683 mea.
3015 5628 3130 5684 Non
3152 5629 3306 5694 dixit.
3350 5631 3496 5689 Con-

1870 5713 2107 5778 cussisti,
2140 5713 2257 5780 sed,
2284 5713 2539 5785 Dirupisti
2559 5761 2574 5786 ,
2604 5720 2916 5791 signiﬁcans
2940 5739 3004 5779 ca
3036 5726 3104 5779 ita
3137 5727 3299 5781 etiam
3329 5726 3492 5795 facta,

1872 5813 1932 5860 ut
1958 5811 2141 5861 essent
2166 5806 2394 5862 inutilia.
2418 5808 2642 5866 Vincula
2672 5822 2851 5870 autem
2883 5812 2971 5871 hic
2994 5815 3122 5871 dicit
3150 5815 3492 5883 alﬁictioncs.

1875 5898 2221 5967 tentationcs,
2254 5898 2514 5970 pericula.
2546 5901 2641 5959 Est
2665 5904 2809 5961 enim
2840 5906 3040 5964 honuni
3061 5907 3355 5979 vinculum,
3383 5926 3493 5985 quo
