4154 6476
792 453 893 509 517

792 565 1027 639 optabile
1050 572 1135 623 est
1162 563 1445 637 adstringi,
1471 576 1527 622 ut
1556 566 1767 638 quando
1790 566 1941 635 dicit,
1973 564 2039 621 In
2064 566 2261 621 vinculo
2290 566 2373 621 di-

1492 450 1550 508 s.
1588 407 1863 508 somnis
1897 449 2371 509 cnnrsosrout
2410 450 2727 509 ARClliEP.
2764 446 3306 510 CONS'I'ANTINOP.

3973 453 4087 510 $28

2490 577 2673 623 coacta
2702 574 2787 620 est
2812 574 2865 620 et
2890 565 3110 631 coaluit,
3142 564 3401 635 ﬁrmaque
3433 579 3497 620 ac
3517 564 3686 622 solida
3713 564 3855 623 facta
3882 580 3995 634 est,
4027 583 4091 627 et

789 660 1016 713 lectionis
1049 656 1276 730 (Ephes.
1303 658 1356 713 ι.
1386 656 1456 730 3)
1484 677 1498 713 :
1524 667 1612 723 et,
1659 657 1807 728 Quod
1836 669 1909 712 est
1933 659 2185 713 uinculum
2210 663 2381 731 perfe-
2489 667 2640 726 petra
2668 656 2929 712 stabilior.
2976 656 3366 712 Incrementum
3391 658 3535 712 enim
3565 658 3805 727 quotidie
3836 661 4087 728 suscipit.

786 748 1215 821 etionis-(Coloss.
1242 750 1296 805 3.
1331 749 1439 821 14).
1473 750 1566 807 Est
1592 750 1753 805 etiam
1784 750 2053 805 vinculum
2094 750 2217 806 huic
2241 767 2376 807 con-

788 844 1041 908 trarium,
1074 851 1131 897 ut
1157 842 1370 912 quando
1394 842 1556 907 dicit,
1596 840 1800 897 Catenis
1830 854 2147 912 peccatorum
2171 861 2377 899 suorum

784 934 1131 1003 unusquisque
1175 934 1509 1004 adstringitur
1540 932 1739 1005 (Prov.
1780 934 1834 989 5.
1870 934 1942 989 22
1964 935 2004 1005 ).
2050 936 2105 989 Id
2136 934 2377 991 Christus

784 1040 998 1096 quoque
1024 1024 1271 1090 innuens,
1295 1025 1515 1078 Abrahae
1536 1032 1720 1090 autem,
1750 1024 2039 1095 inquiebat,
2062 1027 2221 1095 filiam
2244 1027 2375 1080 hanc

784 1131 818 1170 ιι
845 1125 1025 1170 satana
1064 1116 1271 1187 ligatam
1314 1133 1417 1169 non
1462 1115 1718 1187 oportebat
1757 1118 1886 1171 solvi
1915 1116 2075 1187 (Luc.
2108 1118 2194 1174 15.
2228 1117 2370 1189 Ili);

787 1214 845 1261 et
876 1206 1039 1263 Isaias
1066 1205 1133 1263 de
1156 1206 1370 1263 Christo
1393 1249 1409 1273 ,
1442 1204 1575 1261 Dedi
1601 1216 1646 1261 te
1670 1209 1724 1261 in
1751 1217 2098 1263 tutamentum
2125 1211 2371 1279 gentium,

784 1300 1031 1354 dicentem
1059 1301 1121 1354 iis
1149 1302 1236 1370 qui
1259 1310 1374 1355 sunt
1398 1300 1451 1353 in
1475 1300 1705 1364 vinculis,
1741 1299 2057 1371 Egredimiui
2086 1299 2251 1371 (Isai.
2278 1301 2369 1356 49.

778 1391 836 1448 8.
870 1393 964 1461 9).
1015 1391 1143 1448 Haec
1184 1407 1312 1463 ergo
1341 1392 1545 1447 vincula
1599 1392 1834 1463 dirupit,
1886 1409 1995 1449 non
2035 1394 2236 1448 solvit:
2271 1392 2374 1449 hoc

779 1486 923 1540 enim
949 1492 1031 1540 est
1063 1484 1155 1539 illo
1178 1484 1431 1554 amplius.
1476 1484 1628 1551 Quod
1677 1488 1721 1541 si
1767 1486 1887 1557 quis
1914 1488 2075 1541 etiam
2102 1486 2228 1540 velit
2258 1487 2372 1541 ha‘c

777 1588 993 1631 sumere
1018 1574 1337 1645 anagogice,
1368 1574 1553 1629 dicens
1585 1575 1700 1630 haec
1739 1590 1857 1631 esse
1887 1576 2094 1630 vincula
2127 1586 2374 1645 peccato-

777 1680 919 1731 rum,
943 1671 999 1721 et
1019 1673 1185 1720 totum
1206 1673 1441 1720 veterem
1465 1663 1759 1730 hominem,
1784 1665 2003 1721 minimc
2022 1667 2367 1722 aberraverit.

780 1755 1052 1829 Est_aliud
1078 1760 1290 1826 quoque
1310 1756 1579 1810 vinculum
1613 1755 2047 1825 pulcherrimum,
2071 1758 2210 1828 quod
2236 1757 2374 1812 Pau-

775 1851 861 1906 lus
884 1865 1097 1919 semper
1123 1850 1504 1904 circumferens
1527 1848 1739 1904 dicebat
1766 1867 1779 1903 :
1808 1848 2005 1904 Paulus
2026 1851 2220 1904 vinctus
2239 1849 2367 1904 Jesu

776 1944 965 1999 Christi
1002 1940 1233 2015 (Epltes.
1265 1942 1318 1998 '5.
1351 1943 1401 1997 I.
1434 1953 1480 1996 et
1509 1941 1562 1997 6.
1589 1941 1717 2012 20).
1763 1942 1831 1995 Et
1868 1957 2055 1996 rursus
2078 1984 2091 2004 ,
2138 1941 2241 1995 Pro
2269 1958 2369 2012 quo

776 2035 928 2089 etiam
956 2035 1152 2088 uinctus
1178 2048 1291 2087 sum
1316 2033 1370 2086 in
1397 2042 1577 2086 catena
1608 2032 1753 2103 (Act.
1784 2031 1875 2087 28.
1898 2030 2025 2102 20).
2058 2031 2110 2086 8.
2144 2031 2252 2085 Tibi
2279 2048 2368 2085 sa-

776 2125 1017 2193 criﬁcabo
1046 2124 1261 2179 hostium
1291 2125 1478 2178 laudis.
1522 2122 1656 2180 Vide
1684 2123 1950 2194 quomodo
1989 2125 2234 2195 superius
2253 2166 2295 2191 η
2314 2134 2368 2180 et

776 2216 1032 2283 inferius,
1061 2224 1113 2270 et
1139 2216 1338 2286 ubique
1376 2214 1607 2271 exsolvit
1649 2215 1889 2269 eamdem
1922 2216 2030 2271 Deo
2058 2217 2366 2273 retributio-

777 2322 901 2363 nem
933 2325 947 2362 :
979 2307 1225 2377 superius
1253 2306 1437 2362 dicens
1454 2347 1469 2373 ,
1498 2304 1717 2369 Calicem
1742 2307 1979 2363 salutaris
2007 2308 2255 2377 accipiam
2276 2351 2289 2374 ,
2320 2323 2368 2364 et

775 2413 957 2453 nomen
1002 2396 1209 2452 Domini
1234 2397 1473 2452 invocabo
1496 2412 1517 2462 ;
1543 2396 1629 2452 hic
1645 2440 1659 2463 ,
1692 2397 1802 2452 Tibi
1830 2400 2125 2467 sacrificabo
2151 2402 2367 2454 hostiam

776 2490 977 2557 laudis,
1025 2489 1129 2546 hoc
1154 2499 1237 2545 est
1259 2532 1273 2555 ,
1321 2489 1532 2546 Gratias
1560 2504 1744 2561 agam,
1779 2490 2053 2545 Laudabo.
2087 2491 2153 2545 Et
2187 2510 2369 2547 nomen

774 2582 982 2636 Domini
1010 2581 1269 2637 invocabo.
1303 2580 1463 2635 Vides
1492 2581 1759 2652 quomodo
1787 2592 1870 2657 est
1899 2583 2218 2641 sacriﬁcium
2252 2584 2366 2639 Iau-

775 2674 901 2730 dis?
934 2674 986 2730 9.
1020 2673 1150 2729 Vota
1175 2690 1286 2728 mea
1308 2672 1527 2729 Domino
1557 2675 1769 2729 reddam
1796 2676 1849 2729 in
1889 2687 2162 2746 conspectu
2205 2679 2369 2731 omnis

777 2768 954 2838 pepuli
982 2768 1095 2838 ejus
1112 2766 1249 2835 ,10.
1283 2768 1335 2821 in
1362 2767 1504 2821 atriis
1531 2767 1709 2822 domus
1733 2766 1977 2831 Domini,
2020 2770 2070 2821 in
2101 2769 2265 2823 medio
2293 2771 2367 2824 tui

771 2856 1081 2913 Jerusalem.
1112 2857 1223 2912 Hoc
1250 2866 1426 2912 autem
1458 2856 1715 2922 faciebat,
1748 2873 1853 2913 non
1880 2867 2023 2921 ut‘se
2049 2870 2361 2927 ostentaret,

770 2963 873 3005 nec
900 2957 956 3004 ut
981 2947 1207 3019 gloriam
1232 2957 1491 3018 captaret,
1518 2949 1610 3005 sed
1640 2964 1827 3004 omnes
1854 2949 1921 3005 ad
1940 2965 2101 3006 suam
2131 2952 2363 3006 invitans

742 3076 743 3079 η
770 3042 1155 3108 imitationem,
1188 3050 1245 3098 et
1270 3042 1452 3098 volens
1492 3057 1587 3099 eos
1616 3041 1813 3098 habere
1854 3046 2032 3099 socios
2058 3046 2359 3115 gratiarum

769 3138 1015 3195 actionis.
1044 3136 1194 3207 Quod
1220 3136 1435 3209 quidem
1456 3134 1665 3192 faciunt
1694 3152 1883 3194 omnes
1908 3139 2099 3205 sancti,
2129 3154 2233 3192 non
2265 3138 2364 3192 ho-

770 3228 945 3284 mines
972 3224 1176 3294 εσιυηι,
1208 3226 1303 3284 sed
1345 3227 1504 3283 etiam
1537 3242 1749 3283 onmem
1779 3237 2079 3284 creaturam
2101 3269 2117 3293 ,
2150 3230 2365 3300 quando

769 3318 1017 3377 beneﬁcii
1044 3319 1243 3389 aliquid
1270 3321 1598 3389 acceperint,
1638 3329 1891 3376 vocantes
1918 3321 1983 3377 ad
2016 3321 2185 3376 laudis
2211 3337 2362 3377 com-

767 3411 1095 3467 munionem.
1124 3409 1267 3466 Nihil
1297 3422 1380 3467 est
1409 3411 1552 3467 enim
1574 3452 1590 3478 ,
1618 3412 1758 3482 quod
1792 3411 1931 3467 Deus
1957 3412 2159 3482 majore
2184 3414 2361 3469 studio

766 3502 1168 3573 complectatur,
1196 3517 1353 3573 quam
1380 3517 1501 3559 esse
1524 3513 1750 3571 gratum,
1784 3519 1889 3557 non
1912 3504 2085 3560 solum
2112 3506 2168 3560 in
2194 3505 2360 3562 rebus

766 3595 1050 3662 secundis,
1081 3594 1175 3651 sed
1209 3595 1371 3651 etiam
1401 3595 1455 3649 in
1502 3594 1761 3651 adversis.
1810 3594 1922 3650 Hoc
1961 3604 2045 3651 est
2091 3597 2358 3666 pmcipue

766 3687 980 3755 hostia,
1012 3686 1114 3743 hoc
1141 3687 1375 3743 maxima
1420 3686 1639 3742 oblatio.
1686 3687 1763 3744 Ita
1806 3687 1910 3743 Job
1950 3689 2356 3759 praedicabatur,

764 3781 836 3838 ita
861 3781 1074 3846 Paulus,
1100 3782 1169 3837 ita
1190 3780 1354 3837 Jacob
1379 3799 1391 3835 :
1418 3780 1490 3835 ita
1517 3782 1877 3852 unusquisque
1896 3781 2185 3853 iustorum,
2212 3785 2357 3853 pium

764 3889 920 3929 suum
946 3882 999 3928 et
1022 3881 1229 3945 gratum
1256 3872 1310 3928 in
1340 3872 1507 3928 Deum
1544 3874 1781 3927 animum
1809 3875 2041 3931 maxime
2068 3877 2121 3931 in
2152 3887 2358 3947 tempo-

764 3980 884 4022 rum
905 3964 1215 4020 difficultate
1235 3964 1543 4020 ossendens.
1570 3963 1807 4035 Idipsum
1833 3979 1933 4019 nos
1957 3982 2170 4037 quoque
2197 3966 2357 4023 iacia-

766 4074 909 4125 mus,
932 4066 989 4115 et
1008 4058 1203 4128 gratias
1223 4065 1481 4128 perpetuo
1501 4070 1660 4128 agere
1683 4044 2107 4129 perseveremus,
2137 4069 2194 4116 ut
2214 4060 2354 4116 bona

764 4154 927 4212 etiam
958 4159 1155 4211 a-terna
1195 4163 1623 4220 consequamur:
1655 4166 1773 4220 quae
1800 4151 1956 4206 detur
1995 4152 2148 4209 nobis
2172 4155 2351 4209 omni-

766 4248 865 4303 bus
886 4246 1160 4317 consequi,
1180 4244 1348 4316 gratia
1374 4254 1429 4301 et
1448 4245 1775 4315 benignitate
1799 4244 2008 4301 Domini
2038 4248 2204 4303 nostri
2225 4248 2351 4304 Jesu

765 4339 999 4407 Christi,
1027 4339 1111 4395 cui
1139 4338 1309 4409 gloria
1337 4346 1391 4394 et
1418 4337 1699 4408 imperium
1720 4378 1735 4405 ,
1765 4353 1907 4395 nunc
1943 4347 2000 4394 et
2026 4353 2267 4411 semper,
2296 4349 2353 4397 et

766 4430 1045 4489 intstccula
1071 4430 1415 4486 saeculorum.
1445 4429 1639 4484 Amen.

1229 4558 1298 4616 IN
1334 4556 1656 4617 PSAqu
1702 4555 1885 4615 CXVI.

763 4677 815 4733 1.
845 4671 1075 4729 Laudare
1098 4669 1374 4747 Dominum
1391 4709 1408 4733 ,
1433 4685 1605 4724 omnes
1627 4678 1798 4741 gentes
1820 4709 1836 4734 ,
1866 4670 2071 4724 laudate
2096 4686 2209 4725 eum
2234 4687 2348 4726 om.

833 4781 921 4821 nes
966 4762 1163 4835 populi.
1204 4760 1260 4816 3.
1304 4759 1557 4828 Quoniam
1600 4760 1902 4828 con/innata
1947 4770 2022 4815 est
2061 4777 2214 4831 super
2255 4780 2349 4818 nos

833 4856 1180 4913 misericordia
1204 4855 1315 4927 ejus
1332 4895 1348 4923 ,
1386 4862 1436 4909 et
1463 4854 1644 4925 ueritas
1668 4851 1878 4908 Domini
1909 4864 2077 4909 manet
2105 4856 2158 4910 in
2194 4866 2346 4912 teter-

832 5062 1014 5119 Cuivis
1044 5060 1246 5116 clarum
1285 5067 1400 5127 est,
1444 5058 1559 5138 haec
1586 5074 1704 5131 quae
1742 5059 1879 5115 dicta
1916 5068 2039 5116 sunt
2066 5075 2186 5118 esse
2217 5078 2341 5133 pro-

759 5143 994 5227 phetiam
1020 5152 1277 5211 Ecclesiae
1304 5150 1638 5208 credentium
1657 5192 1673 5218 ,
1702 5162 1758 5208 et
1781 5152 2182 5223 prmdictionem
2209 5170 2345 5225 pra:-

756 5244 1040 5302 dicationis
1083 5258 1203 5315 qua
1243 5243 1552 5300 universum
1598 5243 1785 5299 orbem
1833 5252 1993 5300 teme
2038 5248 2337 5316 occupavit.

756 5337 940 5408 Neque
964 5336 1108 5391 enim
1133 5350 1290 5391 unam
1308 5375 1326 5403 ,
1358 5335 1493 5391 duas
1519 5344 1611 5391 aut
1636 5344 1746 5392 tres
1771 5336 2105 5392 solummodo
2131 5350 2338 5408 gentes,

756 5430 853 5488 sed
880 5438 1097 5496 terram,
1126 5438 1182 5485 et
1205 5429 1513 5485 universum
1542 5444 1689 5485 mare
1712 5437 1868 5485 vocat
1892 5429 2156 5486 Psalmus.
2187 5430 2340 5499 Quod

754 5524 915 5579 etiam
958 5521 1176 5589 evenit,
1204 5520 1417 5592 quando
1452 5519 1651 5577 Christi
1685 5510 1943 5577 adventus
1985 5522 2335 5592 resplenduit.

756 5612 964 5673 Deinde
1006 5612 1136 5670 dicit
1161 5612 1323 5670 etiam
1361 5625 1576 5667 causam
1616 5610 1804 5669 salutis
1824 5653 1849 5683 γ
1872 5626 1967 5668 eos
2011 5628 2204 5681 nempe
2232 5628 2336 5669 non

752 5722 820 5765 ex
853 5706 1089 5779 propriis
1122 5700 1309 5772 'factis,
1342 5720 1443 5762 nec
1481 5720 1547 5761 ex
1575 5705 1680 5761 vita
1702 5698 1847 5773 ,nec
1873 5721 1937 5763 ex
1984 5704 2209 5774 fiducia,
2241 5706 2335 5763 sed

662 5854 665 5855 ν
754 5812 823 5856 ex
864 5797 976 5853 sola
1015 5795 1108 5852 Dei
1140 5794 1427 5852 clementia
1469 5805 1707 5853 servatos
1750 5793 2237 5865 esse.Conﬁrmota
2263 5808 2337 5853 est

753 5889 899 5949 enim
921 5929 940 5960 ,
983 5888 1173 5959 inquit,
1217 5903 1368 5962 super
1390 5904 1483 5946 nos
1526 5889 1869 5949 misericordia
1907 5889 2064 5961 ejus:
2105 5887 2208 5947 hoc
2231 5899 2332 5953 est.

2486 748 2555 803 Et
2581 751 2765 804 ueritas
2802 749 2912 817 ejus
2952 757 3117 801 manet
3161 748 3213 800 in
3243 758 3507 802 attentum.
3534 747 3686 803 Tunc
3704 750 3855 804 enim
3884 752 4091 806 veritas

2486 841 2719 897 maxime
2743 840 3091 911 resplenduit.
3134 840 3259 895 Ideo
3297 852 3475 895 autem
3520 841 3598 895 sic
3622 841 3799 909 dixit,
3822 842 4087 911 quoniam

2485 942 2668 988 vetera
2721 933 2807 987 illa
2852 941 3005 986 erant
3047 942 3204 1002 typus
3225 940 3282 986 et
3317 932 3504 1001 figura.
3551 932 3663 985 IIoc
3698 932 3871 1003 ipsum
3912 931 4091 1002 signi-

2484 1028 2656 1080 ﬁcans
2681 1040 2894 1095 quoque
2921 1024 3271 1093 evangelista,
3298 1022 3517 1085 dicebat
3548 1041 3559 1077 :
3597 1025 3706 1078 Lea:
3728 1041 3819 1095 per
3846 1023 4087 1096 logsem

2483 1118 2606 1171 data
2634 1127 2731 1183 est,
2762 1118 2927 1188 gratia
2951 1126 2997 1170 et
3035 1118 3217 1171 veritas
3244 1134 3334 1187 per
3351 1114 3534 1171 Jesutn
3562 1116 3819 1172 Christum
3839 1122 3981 1190 facta
4004 1128 4090 1174 cu

2484 1208 2665 1282 (Joan.
2700 1212 2752 1265 1.
2783 1208 2894 1279 17).

2942 1342 3011 1399 IN
3050 1341 3373 1399 PSALMUM
3409 1342 3617 1400 CXVII.

2482 1458 2534 1514 1.
2558 1457 2882 1529 Conﬁtemini
2906 1458 3129 1515 Dontino
3150 1457 3394 1532 Quoniam
3421 1462 3600 1529 bonus,
3623 1463 3862 1533 quoniam
3887 1464 3940 1518 in
3973 1480 4084 1519 sc—

2924 1554 3094 1607 culum
3120 1555 3470 1609 misericordia
3498 1558 3628 1625 ejus.

2550 1663 2601 1717 1.
2646 1661 2855 1718 Dictum
2884 1665 3099 1734 quidem
3132 1666 3329 1721 Psalmi
3360 1667 3502 1736 quod
3542 1670 3818 1725 consuevit
3847 1672 4086 1741 populus

2478 1754 2763 1811 succinere
2793 1758 2891 1826 (a),
2923 1756 3024 1810 hoc
3049 1767 3130 1811 est
3155 1775 3168 1809 :
3202 1756 3328 1811 Haec
3352 1768 3425 1812 est
3448 1758 3555 1813 dies
3578 1775 3730 1830 quam
3755 1760 3870 1830 fecit
3896 1760 4085 1816 Domi.

2476 1860 2591 1909 nus,
2620 1848 2925 1901 exsultemus
2958 1859 3006 1901 et
3044 1849 3273 1903 latemur
3300 1849 3352 1902 in
3381 1865 3441 1903 ea
3468 1866 3486 1902 :
3508 1850 3648 1917 quod
3677 1858 3733 1905 et
3759 1855 3955 1908 multos
3983 1870 4079 1909 cx-

2476 1937 2638 2002 citat,
2684 1947 2739 1992 et
2769 1940 2871 1994 hoc
2908 1942 3141 1995 maxime
3168 1942 3307 1996 solet
3349 1941 3579 2011 populus
3613 1942 3707 1996 illo
3735 1944 3995 2013 spirituali
4020 1954 4090 1999 et

2474 2029 2676 2083 cazlesti
2722 2028 2857 2084 festo
2898 2031 3197 2087 succinere.
3243 2031 3349 2086 Nos
3376 2043 3553 2087 autem
3577 2074 3591 2098 ,
3624 2036 3665 2089 si
3694 2049 3789 2088 vos
3816 2034 3973 2089 vultis
3999 2077 4013 2102 ,
4056 2048 4093 2084 ει

2474 2121 2648 2188 capite
2678 2132 2733 2175 et
2759 2122 2828 2176 ab
2856 2123 3007 2177 initio
3033 2132 3201 2179 totum
3233 2124 3505 2179 Psalmum
3535 2141 3937 2195 persequamur,
3968 2143 4081 2183 non

2474 2225 2503 2263 a
2536 2227 2692 2266 versu
2721 2213 2810 2282 qui
2843 2214 3169 2276 succinitur.
3214 2215 3309 2271 sed
3339 2216 3409 2270 ab
3437 2217 3551 2286 ipso
3595 2218 3817 2272 exordio
3855 2218 4082 2289 exposi-

2475 2303 2675 2357 tionem
2715 2304 3053 2362 inchoantes.
3102 2308 3326 2363 Versum
3356 2310 3500 2364 enim
3533 2310 3716 2364 Patres
3761 2312 3966 2375 nostri,
4018 2322 4081 2367 ut

2474 2398 2563 2465 qui
2594 2406 2738 2453 esset
2762 2414 3007 2465 sonoros,
3037 2409 3091 2455 et
3116 2402 3344 2457 sublime
3368 2402 3583 2472 aliquod
3608 2403 3802 2473 dogma
3831 2404 4082 2459 contine-

2476 2498 2589 2552 ret,
2634 2490 2890 2559 populum
2937 2492 3218 2547 succiuerc
3263 2485 3597 2558 sanxerunt,
3640 2494 4083 2565 quandoquidem

2477 2588 2643 2636 totum
2674 2580 2943 2635 Psalmum
2976 2582 3285 2651 ignorabat,
3317 2592 3373 2636 ut
3398 2583 3481 2637 vel
3510 2583 3633 2637 hinc
3660 2584 3945 2653 perfectam
3973 2584 4083 2639 do-

2472 2675 2698 2727 ctrinam
2741 2676 3064 2743 acciperent.
3116 2675 3282 2730 Nobis
3326 2686 3502 2729 autem
3552 2690 3771 2730 necesse
3815 2686 3899 2731 est
3943 2691 4080 2733 eunt

2473 2774 2642 2821 totum
2684 2768 2937 2835 persequi
2960 2808 2973 2829 ,
3004 2768 3104 2822 etsi
3133 2783 3252 2836 qua:
3281 2778 3405 2823 sunt
3438 2769 3489 2821 in
3520 2769 3697 2822 medio
3724 2767 3863 2838 ejus,
3890 2770 4041 2823 maxi
4060 2800 4081 2809 -

2470 2872 2611 2911 mam
2649 2855 2878 2912 habeant
2917 2859 3270 2927 prophetiam.
3304 2858 3402 2913 [lic
3426 2858 3569 2913 enim
3596 2859 3796 2913 dictum
3823 2869 3943 2915 est:
3970 2858 4079 2913 La-

2471 2950 2641 3020 pidem
2667 2966 2814 3021 quem
2838 2952 3231 3021 reprobaverunt
3259 2952 3590 3020 ediﬁcantes,‘
3620 2951 3701 3005 hic
3724 2952 3894 3019 factus
3921 2963 3997 3006 est
4023 2953 4081 3007 in

2467 3052 2622 3110 caput
2650 3043 2826 3115 anguli
2854 3046 2937 3111 (υ.
2972 3041 3042 3096 22
3062 3043 3101 3113 ).
3144 3042 3295 3110 Quod
3324 3042 3539 3112 quidem
3568 3040 3815 3097 Christus
3852 3058 4079 3113 quoque

2468 3135 2602 3189 dixit
2622 3133 2819 3190 Judmis
2844 3135 2863 3206 (
2878 3134 3064 3189 Matth.
3090 3136 3179 3188 21.
3205 3135 3275 3190 42
3292 3136 3330 3205 ),
3360 3135 3519 3205 paulo
3544 3135 3759 3205 quidem
3786 3135 4085 3191 obscurius

2468 3227 2666 3297 (adhuc
2695 3227 2837 3281 enim
2867 3228 2941 3280 ira
2987 3226 3297 3293 fervebant,
3339 3227 3456 3298 ipse
3494 3236 3671 3282 autem
3699 3242 3820 3283 eam
3853 3228 4079 3285 nolebat

2465 3319 2764 3375 accendere
2795 3338 2808 3375 :
2838 3319 3104 3375 Calamam
3129 3319 3273 3375 enim
3300 3320 3571 3373 contritum
3614 3335 3716 3373 non
3750 3321 4040 3390 confringet
4060 3363 4077 3383 ,

2461 3424 2512 3473 et
2541 3414 2704 3468 linum
2731 3414 2987 3485 fumigans
3016 3429 3118 3466 non
3142 3414 3424 3483 exstinguet
3457 3410 3618 3485 [Isai.
3645 3412 3735 3466 42.
3764 3410 3903 3486 3]),
3935 3413 4080 3470 dixit

2468 3513 2666 3558 tamen.
2697 3503 3085 3574 Aggrediamur
3104 3517 3234 3573 ergo
3255 3501 3524 3557 Psalmum
3545 3501 3613 3557 ab
3634 3502 3750 3571 ipso
3776 3508 4072 3573 prooemio,

2464 3594 2621 3650 sicuti
2640 3594 2753 3664 jam
2780 3594 3028 3648 diximus.
3059 3593 3212 3661 Quod
3241 3601 3321 3648 est
3361 3609 3489 3663 ergo
3531 3594 3847 3663 procemiutu
3870 3596 3895 3648 ?
3934 3594 4077 3650 Con-

2464 3687 2677 3756 ﬁtemini
2701 3685 2943 3752 Domino,
2975 3686 3215 3756 quoniam
3228 3684 3434 3752 bonus,
3459 3687 3699 3756 quoidam
3731 3688 3784 3740 in
3819 3691 4075 3744 secutum

2458 3771 2810 3835 misericordia
2826 3780 2965 3850 ejus.
2994 3778 3126 3833 Nam
3154 3793 3276 3834 cum
3303 3786 3484 3833 mente
3510 3779 3764 3849 agitasset
3801 3783 4074 3852 propheta

2462 3870 2611 3927 orbis
2655 3879 2813 3926 terrae
2853 3869 3209 3935 beneﬁcium,
3251 3877 3309 3925 et
3348 3884 3638 3939 perennem
3675 3870 4071 3943 benignitatem

2462 3981 2526 4022 ac
2549 3965 2889 4022 clementiam
2920 3979 3079 4035 quam
3125 3964 3182 4017 in
3224 3962 3473 4018 omnibus
3515 3962 3748 4019 ostendit
3778 3964 4069 4033 Dominus,

2462 4066 2623 4113 vocat
2651 4055 2812 4112 simul
2852 4069 3043 4111 omnes
3070 4053 3135 4109 ad
3173 4052 3411 4125 agendas
3438 4053 3634 4124 gratias
3657 4095 3673 4119 ,
3702 4055 3941 4110 maximo
3972 4073 4069 4112 ca-

2461 4152 2572 4221 pite
2617 4151 2879 4206 bonorum
2921 4149 3037 4218 ejus
3082 4149 3135 4202 in
3180 4146 3361 4202 medio
3406 4147 3598 4217 posito.
3647 4146 3701 4202 2.
3733 4147 3888 4202 Dicat
3926 4166 4073 4205 nunc

2456 4247 2641 4300 domus
2670 4244 2876 4310 Israel,
2919 4247 3158 4317 quoniam
3191 4243 3361 4299 bonus
3386 4286 3399 4307 ,
3446 4245 3687 4313 quoniam
3719 4245 3773 4298 in
3811 4246 4073 4309 siccatum

2456 4338 2802 4394 misericordia
2830 4338 2961 4409 ejus.
2993 4337 3133 4405 Quid
3160 4336 3295 4391 dicis
3313 4335 3339 4389 t
3367 4334 3563 4391 Domus
3589 4334 3775 4403 Israel,
3807 4350 3932 4405 qua:
3959 4352 4061 4391 ca-

2456 4430 2727 4501 ptivitates
2751 4442 3003 4501 perpessa
3032 4437 3116 4483 est
3145 4426 3584 4490 innumerabiles,
3606 4442 3724 4497 quia
3748 4428 3800 4480 in
3818 4424 4069 4499 Egypto

2456 4500 2697 4587 servivit,
2730 4536 2851 4592 qua:
2876 4500 3104 4575 in'orbis
3134 4530 3397 4574 terrarum
3427 4530 3667 4574 extrema
3690 4517 3921 4575 abducta
3950 4532 4063 4587 est,

2454 4630 2575 4685 qua:
2601 4614 2654 4669 in
2677 4613 2961 4669 Palaestina
2991 4612 3140 4667 mille
3177 4611 3425 4668 toleravit
3466 4610 3826 4666 afﬂictiones?
3870 4612 4060 4681 Certe,

2455 4709 2647 4780 inquit.
2681 4708 2719 4763 Ii
2746 4709 2887 4763 enim
2918 4715 3042 4761 sunt
3070 4706 3186 4775 ejus
3212 4704 3475 4760 bonorum
3502 4704 3690 4775 optimi
3719 4712 3907 4773 testes,
3940 4720 4064 4760 ma-

2446 4794 2752 4873 joraqueet
2777 4799 3033 4870 ampliora
3064 4805 3389 4868 acceperunt
3412 4812 3571 4866 quam
3600 4796 3713 4851 alii.
3741 4796 4059 4863 Quinetiam

2450 4896 2554 4954 hoc
2584 4897 2757 4969 ipsum
2781 4892 2923 4966 quod
2955 4892 3095 4962 passi
3139 4900 3293 4957 sunt,
3325 4898 3411 4945 est
3451 4896 3823 4960 argumentum
3854 4886 4059 4961 magni

2442 4992 2713 5055 beneﬁcii.
2740 4990 2797 5048 Si
2816 4990 2936 5062 quis
2956 4998 3134 5043 autem
3155 4986 3442 5056 diligenter
3457 4982 3861 5046 examinavcrit.
3884 4985 4055 5043 etiam

2447 5101 2546 5158 pro
2581 5083 2776 5142 Christi
2806 5081 3036 5137 adventu
3077 5089 3495 5134 consentaneum
3524 5084 3623 5134 est.
3648 5089 3743 5130 eos
3780 5076 4056 5132 maximas

2447 5194 2607 5251 agere
2632 5177 2850 5248 gratias.
2881 5175 2992 5230 Etsi
3021 5173 3164 5228 enim
3187 5170 3415 5249 adversa
3440 5168 3580 5241 passi
3606 5176 3752 5234 sunt,
3781 5166 3835 5223 id
3862 5176 4053 5226 tamen

2447 5291 2552 5330 non
2582 5273 2653 5329 ab
2676 5287 2743 5328 eo
2769 5270 2859 5340 qui
2888 5268 3064 5334 venit,
3101 5265 3196 5321 sed
3225 5264 3295 5320 ab
3324 5279 3513 5320 eorum
3549 5261 3891 5332 improbitate
3922 5277 4059 5330 pro-

2447 5369 2642 5425 fectum
2670 5377 2770 5422 est.
2804 5365 2925 5435 Ipse
2951 5360 3094 5417 enim
3124 5358 3190 5413 ad
3219 5372 3315 5414 eos
3344 5355 3623 5423 veniebat,
3653 5364 3707 5410 et
3732 5353 4055 5425 frequenter

2445 5460 2655 5517 dicebat
2687 5475 2700 5511 :
2740 5455 2865 5512 Non
2893 5454 3076 5507 missus
3119 5466 3232 5506 sum
3270 5449 3369 5503 nisi
3406 5447 3475 5502 ad
3502 5461 3617 5501 oves
3643 5459 3758 5517 qua
3785 5444 4053 5514 per-imus

2444 5557 2625 5610 domus
2656 5548 2823 5608 Israel
2848 5546 3065 5619 (Matth.
3091 5544 3178 5601 I5.
3204 5542 3313 5614 21)
3339 5560 3355 5610 ;
3383 5550 3439 5598 et
3464 5538 3741 5612 discipulis
3769 5534 3881 5594 :In
3905 5538 4054 5596 riam

2517 5706 2589 5771 ta)
2614 5704 2854 5771 Quidgsit,
2878 5703 3124 5771 psalmum
3150 5716 3399 5771 aneane-re
3431 5700 3785 5771 (ῖῃςοψὰὶλειν),
3812 5698 4037 5771 diximus

2454 5760 2601 5833 supra
2625 5760 2679 5819 in
2720 5760 2909 5817 Manilo
2930 5768 2990 5815 ad
3017 5766 3145 5816 Psal.
3176 5766 3250 5815 ll.
3276 5760 3446 5833 Igitur
3463 5760 3781 5833 hicjversus,
3821 5760 3929 5833 Istuc
3956 5769 4038 5833 est

2454 5798 2601 5890 ἷῐέἕὶῗ
2625 5798 2909 5891 ἓίαῗῖἱὲἴ
2927 5798 3250 5892 ἷέερἆὲὶυῖιζ·
3273 5798 3431 5892 ἕιῗιῖἐῒ
3609 5798 4042 5889 ἱίιῖἴιιὶοέῒιιιῐ

2458 5889 2638 5946 Psaltul
2662 5889 2837 5946 versus
2859 5889 3201 5954 repetebatur.
