4218 6420
256 540 480 612 gentium
509 555 575 593 ne
602 535 830 592 alneritis
852 550 874 590 :
894 534 967 588 ite
990 532 1159 602 potius
1199 528 1276 581 ad
1300 541 1416 581 oves
1451 538 1568 595 qna.-
1602 520 1858 612 perierunt

260 610 437 688 donius
464 631 636 687 Israel
665 627 889 700 (Matth.
918 625 1005 681 10.
1033 620 1140 693 5);
1170 630 1225 676 et
1253 618 1569 674 Chananteat
1597 631 1610 666 :
1639 610 1760 666 Non
1789 618 1861 664 est

262 728 446 780 bonum
469 722 706 793 accipere
729 736 911 793 panem
937 717 1164 785 ﬁliorum
1190 721 1235 767 et
1259 711 1384 779 dare
1410 708 1619 763 canibus
1646 702 1857 776 (Matth.

263 818 355 873 15.
381 816 495 887 26).
524 813 724 871 Omnia
753 811 898 867 enim
934 808 1124 879 agebat
1157 812 1212 860 et
1256 799 1577 872 procumbat
1615 810 1715 866 pro
1742 794 1860 887 illo-

264 924 383 964 rum
413 884 606 961 salute.
650 890 804 974 Quod
829 902 877 956 si
900 898 1001 954 visi
1031 906 1159 953 sunt
1190 894 1389 963 indigni
1420 887 1684 946 beneﬁcio
1705 927 1732 952 ,.
1752 884 1863 939 suis

268 998 561 1054 sceleribus
610 991 913 1065 imputent',
958 998 1013 1045 et
1052 1001 1266 1044 summo
1314 997 1412 1038 suo
1458 978 1663 1051 ingrati.
1699 974 1863 1029 animi

264 1089 497 1144 crimini.

338 1178 626 1237 Sacerdotii
652 1176 898 1252 dignitas.
920 1202 994 1213 —
1017 1171 1071 1226 5.
1125 1168 1270 1223 Dicat
1295 1165 1478 1219 domus
1518 1161 1693 1215 Aaron
1736 1172 1863 1252 quo-

266 1272 408 1326 niam
446 1269 639 1336 bonus,
666 1250 910 1339 quoniam
954 1263 1007 1317 in
1058 1260 1302 1317 sarculum
1344 1251 1693 1310 misericordia
1732 1250 1862 1320 ejus.

267 1346 365 1419 llic
396 1370 550 1418 vocat
587 1359 895 1416 sacerdotes
938 1344 1228 1426 separatim
1267 1351 1335 1406 ad
1363 1348 1548 1403 laudes
1573 1343 1863 1408 canendus,

265 1455 559 1511 ostendens
585 1468 744 1525 quam
780 1450 850 1505 sit
888 1447 1162 1505 excedens
1191 1440 1571 1500 sacerdotium.
1597 1436 1731 1492 Nam
1759 1449 1867 1506 quo

266 1560 425 1605 erant
448 1546 567 1601 aliis
610 1544 845 1614 majores
864 1582 880 1606 ,
897 1555 976 1599 τεο
1006 1540 1265 1607 majorem
1293 1550 1324 1589 a
1352 1534 1465 1589 Deo
1492 1530 1714 1603 gloriam
1740 1542 1870 1584 con-

266 1640 481 1712 sequuti
496 1647 649 1719 ⁸ευιιι,
679 1650 786 1692 non
813 1634 985 1689 solum
1012 1629 1153 1702 quod
1180 1628 1248 1683 ad
1275 1619 1867 1719 sacerdotium‘attinet,

267 1709 365 1786 sed
390 1709 550 1784 etiam
584 1726 725 1798 quod
761 1724 829 1780 ad
853 1723 955 1779 alia
994 1722 1193 1775 omnia.
1242 1717 1454 1773 Etenim
1480 1712 1695 1786 quando
1734 1709 1870 1782 ignis

268 1822 535 1878 demissus
553 1828 656 1885 est,
682 1827 899 1889 propter
918 1830 1013 1872 eos
1035 1814 1299 1869 demissus
1318 1819 1422 1875 est,
1443 1818 1498 1864 et
1522 1816 1662 1863 terra
1686 1812 1881 1877 aperta.

268 1923 375 1976 est,
406 1922 463 1969 et
483 1912 630 1983 virga
656 1907 977 1982 geminavit
1003 1905 1147 1979 (Leo.
1177 1905 1264 1960 10.
1290 1902 1366 1968 2;
1401 1900 1563 1957 Nunt.
1590 1899 1680 1955 16.
1707 1897 1796 1954 52.
1823 1905 1872 1952 et

270 2008 363 2061 17.
390 2000 505 2077 18),
530 2014 585 2060 et
608 2004 707 2057 alia
738 2003 1015 2062 innumera
1043 2005 1261 2068 propter
1286 1996 1452 2065 ipsos,
1484 1994 1591 2048 imo
1617 2005 1748 2045 vero
1773 2003 1871 2059 pro

272 2099 413 2167 ipsis
429 2094 682 2151 miracula
708 2097 852 2154 [aeta
878 2097 1023 2145 sunt.
1065 2089 1119 2143 4.
1154 2085 1342 2141 Dicunt
1370 2099 1545 2140 omnes
1580 2082 1669 2152 qui
1696 2079 1872 2134 timent

272 2188 550 2241 Dominam
568 2226 583 2252 ,
615 2184 858 2255 quoniam
886 2183 1045 2237 bonus
1064 2221 1079 2245 ,
1109 2177 1347 2249 quoniam
1372 2176 1427 2229 in
1453 2173 1698 2231 saeuiunt
1722 2172 1873 2227 mise-

269 2278 497 2333 ricordia
521 2277 652 2347 ejus.
685 2274 727 2329 li
752 2274 896 2329 enim
921 2280 1048 2328 sunt
1072 2271 1163 2341 qui
1189 2268 1419 2323 maxime
1439 2274 1664 2337 possunt
1688 2264 1873 2319 videre

270 2372 392 2442 ejus
435 2369 817 2441 benignitatem
839 2409 854 2434 ,
892 2373 948 2421 et
976 2380 1073 2437 per
1106 2363 1283 2418 omnia
1311 2361 1520 2422 discere
1554 2359 1869 2415 bonitatem.

269 2462 409 2533 Quid
451 2471 535 2518 est
574 2471 755 2516 autem
778 2499 796 2525 ,
845 2457 1098 2526 Quoniam
1141 2460 1197 2510 in
1238 2453 1482 2510 steculum
1525 2448 1874 2506 misericordia

269 2556 385 2627 ejus
405 2554 433 2609 1
462 2553 747 2623 Perpetua,
773 2550 975 2621 inquit,
1008 2565 1116 2603 non
1146 2549 1465 2617 interrupta,
1495 2544 1590 2600 sed
1615 2544 1667 2599 in
1694 2543 1872 2598 omni—

271 2646 375 2703 bus
398 2654 453 2702 et
479 2659 578 2717 per
601 2644 782 2700 omnia
807 2641 1186 2712 resplendens,
1211 2648 1268 2695 et
1292 2654 1352 2694 se
1377 2636 1688 2692 ostendens.
1719 2632 1874 2703 Quod

271 2737 319 2794 si
346 2738 500 2794 multi
530 2752 650 2793 eam
677 2751 785 2792 non
821 2743 1085 2799 cernunt,
1119 2740 1340 2804 pr0pter
1364 2728 1631 2786 ratiocinii
1656 2728 1738 2783 sui
1770 2728 1872 2782 im-

272 2829 620 2887 becillitatem
649 2842 756 2883 non
780 2834 1028 2883 cernunt.
1074 2822 1209 2881 Nam
1240 2822 1277 2878 ii
1302 2821 1463 2877 etiam
1493 2832 1720 2891 quorum
1745 2816 1875 2888 aegri

271 2932 403 2978 sunt
428 2920 569 2976 oeuli
593 2961 610 2986 ,
649 2934 716 2975 ea
743 2919 976 2975 maxime
1003 2917 1073 2972 de
1101 2930 1271 2972 causa
1305 2916 1473 2969 solem
1502 2927 1612 2967 non
1648 2909 1830 2967 vident
1856 2925 1873 2965 :

272 3012 728 3084 quemadmodum
765 3025 867 3067 nec
907 3010 997 3082 qui
1035 3009 1152 3065 sani
1195 3015 1360 3076 sunt,
1403 3020 1622 3076 semper
1650 3011 1878 3076 possunt

272 3123 397 3163 eum
417 3106 588 3163 oculis
613 3103 829 3172 intueri,
858 3112 1077 3177 propter
1104 3115 1375 3157 summum
1399 3098 1779 3169 splendorem:
1803 3098 1875 3151 ita

275 3214 380 3256 nec
420 3199 667 3255 universa
710 3198 805 3261 Dei
846 3196 1179 3269 providentia
1220 3194 1458 3266 perfecte
1505 3192 1631 3249 sciri
1677 3198 1873 3262 potest,

271 3293 419 3367 quod
438 3308 653 3348 omnem
676 3292 695 3324 ¹
719 3291 1007 3347 humanam
1034 3291 1297 3346 rationem
1324 3288 1482 3359 longe
1500 3294 1717 3358 superet
1737 3285 1876 3341 illius

272 3383 578 3458 prudentia:
604 3390 661 3437 et
689 3381 966 3453 sapientiae
995 3378 1327 3452 magnitudo.

350 3474 655 3543 directiones
690 3474 891 3529 oculum
923 3474 1103 3529 mentis
1128 3481 1435 3529 exctecantes
1475 3481 1595 3543 quot
1642 3479 1776 3526 sunt.
1808 3498 1880 3511 —

275 3568 417 3625 Sunt
430 3568 591 3623 etiam
608 3566 790 3622 multm
806 3564 1136 3631 aﬂ‘ectiones,
1148 3580 1268 3636 qua:
1283 3565 1461 3622 stultis
1476 3577 1620 3636 stupe
1631 3562 1881 3618 tenebras

276 3658 581 3724 oﬂ‘undunt,
599 3668 654 3715 et
673 3657 912 3715 efﬁciunt
939 3668 995 3713 ut
1010 3672 1128 3714 eam
1146 3658 1367 3713 omnino
1386 3656 1567 3712 videre
1588 3664 1875 3727 nequeant.

277 3752 518 3809 Primum
556 3750 773 3822 quidem
828 3764 983 3805 amor
1027 3748 1316 3819 voluptatis
1365 3766 1381 3801 :
1419 3747 1671 3819 quocirca
1719 3748 1881 3802 etiam

278 3858 399 3913 qua:
419 3851 545 3897 sunt
561 3842 810 3898 omnibus
839 3839 1121 3897 manifesta
1150 3850 1496 3912 praetereunt.
1526 3839 1729 3895 Deinde
1757 3854 1878 3894 cum

280 3937 348 3990 iis
372 3944 457 3993 est
483 3934 800 4005 ignorantia,
828 3942 885 3988 et
909 3935 1106 3989 mentis
1132 3932 1473 4004 perversitas.
1502 3934 1695 3987 Annon
1724 3932 1883 4003 igitur

278 4024 571 4082 absurdum
599 4036 704 4090 est,
734 4026 778 4079 si
802 4024 987 4081 videas
1016 4025 1231 4096 quidem
1258 4032 1464 4095 patrem
1493 4023 1659 4079 lilium
1688 4022 1881 4078 verbe-

281 4127 511 4188 rantein,
538 4117 591 4174 id
620 4117 847 4188 probare
874 4127 930 4173 et
953 4117 1192 4182 laudare,
1219 4126 1276 4172 et
1304 4116 1387 4172 vel
1413 4130 1479 4172 eo
1514 4117 1745 4171 maxime
1779 4131 1882 4170 no-

282 4212 430 4267 mine
456 4220 662 4282 patrem
692 4209 1001 4266 existimare
1041 4210 1143 4265 :.si
1188 4210 1329 4265 Deus
1354 4219 1531 4265 autem
1559 4208 1688 4264 velit
1717 4208 1786 4263 de
1818 4209 1883 4264 iis

282 4317 405 4375 quae
444 4301 580 4357 facta
620 4310 745 4357 sunt
771 4342 787 4367 ,
835 4316 1027 4372 pmnas
1076 4316 1310 4365 sumere,
1362 4301 1621 4371 indignari
1651 4308 1708 4355 et
1742 4315 1885 4371 :egre

283 4393 465 4451 ferre?
489 4392 628 4463 Quid
655 4402 833 4449 autem
870 4392 1037 4465 possit
1065 4408 1187 4449 esse
1224 4392 1325 4448 hac
1353 4392 1704 4464 perversitate
1729 4391 1883 4447 dete-

283 4488 419 4554 rius,
446 4502 571 4543 cum
600 4501 664 4543 ea
704 4502 825 4557 qua:
867 4496 992 4542 sunt
1028 4487 1169 4543 inter
1196 4501 1256 4542 se
1284 4487 1574 4552 contraria,
1621 4501 1765 4557 tegre
1806 4484 1887 4542 fe-

284 4586 428 4640 rant.
457 4592 601 4633 nunc
640 4578 856 4648 quidem
883 4577 1148 4642 dolentes,
1179 4576 1321 4648 quod
1348 4577 1607 4648 supplicia
1640 4592 1747 4631 non
1774 4577 1888 4632 exi-

284 4679 395 4739 gat,
428 4685 571 4725 nunc
590 4679 791 4736 autem,
819 4669 962 4742 quod
987 4670 1202 4757 exigat?
1227 4670 1453 4738 Quando
1481 4671 1625 4726 enim
1654 4669 1888 4726 viderint

284 4764 496 4833 aliquos
524 4763 813 4830 rapientes,
839 4770 893 4818 et
920 4762 973 4818 in
1004 4761 1142 4817 bona
1168 4761 1393 4817 aliorum
1426 4761 1759 4829 invadentes,
1789 4778 1889 4817 vo-

287 4853 406 4909 lunt
427 4868 524 4908 eos
546 4852 676 4908 dare
700 4868 921 4923 pmnas;
947 4854 1162 4923 quando
1183 4868 1312 4908 vero
1340 4854 1550 4924 seipsos
1577 4863 1884 4924 peccantes,

288 4946 510 5000 minime
540 4962 553 4999 :
580 4945 723 5012 quod
756 4945 973 5017 quidem
1002 4956 1085 5001 est
1111 4946 1385 5017 depravati
1412 4958 1466 5002 et
1490 4947 1730 5017 corrupti
1770 4947 1891 5002 ani-

291 5038 387 5092 mi.
413 5037 639 5094 Accedit
678 5037 760 5093 bis
786 5038 1025 5103 tertium,
1057 5038 1197 5107 quod
1239 5039 1479 5094 nesciant
1512 5037 1640 5109 quid
1685 5040 1756 5093 sit
1799 5041 1893 5094 ho-

293 5145 443 5190 num.
473 5127 602 5200 quid
627 5129 699 5182 sit
738 5128 958 5195 malum,
986 5129 1081 5184 sed
1110 5131 1163 5183 in
1192 5145 1370 5185 rerum
1394 5130 1596 5201 judicio
1623 5130 1892 5197 labantur,

292 5221 435 5291 quod
480 5222 621 5277 malo
664 5221 1018 5289 delectentur,
1052 5231 1107 5277 et
1148 5224 1256 5277 sint
1290 5222 1551 5294 propensi
1577 5222 1645 5278 ad
1685 5224 1893 5279 vitium.

292 5318 593 5385 Quartum,
638 5313 780 5386 quod
827 5329 1048 5370 suorum
1101 5324 1442 5385 peccatorum
1486 5316 1747 5391 rationem
1791 5332 1897 5370 non

296 5408 503 5463 ineunt.
548 5406 846 5475 Quintum,
896 5408 1038 5478 quod
1083 5418 1293 5463 vastum
1350 5408 1419 5463 sit
1467 5418 1523 5466 et
1576 5412 1897 5464 immensum

206 5490 219 5501 ’
297 5499 372 5567 id,
401 5499 543 5570 quod
575 5500 716 5554 inter
743 5500 911 5555 Deum
941 5511 996 5555 et
1026 5500 1271 5555 homines
1310 5499 1613 5556 intercedit.
1654 5500 1897 5565 Sextum,

296 5592 443 5663 quod
486 5606 591 5647 non
622 5592 752 5647 velit
793 5592 935 5647 Deus
977 5594 1153 5647 omnia
1202 5593 1400 5661 ubique
1437 5592 1744 5657 ostendere,
1775 5594 1901 5664 quia

298 5700 496 5755 nempe
522 5683 799 5739 sufﬁciunt
823 5700 944 5753 qua:
966 5684 1101 5738 liunt
1123 5686 1417 5756 sigillatitn.

370 5779 427 5833 2.
458 5778 551 5833 Dei
573 5778 943 5832 administratio
961 5787 1013 5830 ut
1032 5779 1425 5849 contemplanda
1445 5787 1491 5834 et
1516 5778 1903 5851 investiganda;

374 5895 387 5925 ’
411 5900 532 5953 ὶύι,
560 5906 764 5955 mntem,
778 5892 925 5943 deest
943 5897 994 5943 in
1014 5891 1156 5949 Sari].

1365 405 1737 465 EXI’OSITIO
1768 401 1833 459 IN
1870 398 2194 458 PSALHUM
2230 399 2441 458 CXV".

3466 399 3574 455 550

1968 514 2109 571 Deus
2133 525 2322 586 quanto
2343 512 2632 570 hominibus
2657 514 2987 578 clementior;
3008 512 3324 584 aﬂlictioncm
3342 528 3436 569 cur
3456 530 3576 584 pcr—

1967 608 2132 660 mittat
2160 606 2318 661 Deus.
2346 636 2419 646 —
2436 605 2553 661 Non
2580 613 2793 674 oportet
2818 620 2948 675 ergo
2974 604 3195 660 nimium
3221 603 3573 670 contendere.

1967 710 2025 757 ut
2054 697 2108 752 in
2140 697 2390 752 omnibus
2428 697 2603 753 discas
2635 698 2730 754 Dei
2751 695 3267 752 administrationem
3290 696 3384 769 (de
3412 697 3577 752 rebus

1967 789 2111 849 enim
2152 789 2429 845 immensis
2453 789 2849 855 contendimus,
2878 798 2932 844 et
2955 804 3077 859 qute
3102 798 3338 845 creatam
3359 806 3577 847 omnem

1969 890 2215 935 naturam
2269 881 2427 951 longe
2471 888 2753 951 superant)
2790 898 2806 936 :
2851 895 2946 936 eos
2990 890 3171 937 autem
3217 882 3309 953 qui
3344 898 3465 938 eam
3491 884 3578 940 vel

1968 974 2147 1043 aliqua
2177 989 2243 1030 ex
2271 983 2426 1044 parte
2462 981 2589 1029 sunt
2636 972 2924 1045 cognituri,
2955 981 3171 1044 oportet
3215 988 3339 1030 esse
3378 974 3581 1035 liberos

1970 1063 2039 1118 ab
2064 1063 2129 1118 iis
2158 1078 2292 1134 quas
2315 1064 2427 1134 jam
2466 1063 2703 1129 diximus
2732 1064 3126 1131 adiectionibus,
3179 1077 3235 1124 et
3271 1081 3401 1125 eam
3421 1065 3578 1124 vide-

1969 1156 2104 1215 bunt
2129 1158 2247 1213 sole
2265 1158 2483 1225 clarius,
2514 1159 2640 1214 licet
2672 1175 2780 1214 non
2806 1175 3021 1216 omnem
3059 1178 3076 1218 :
3112 1170 3170 1218 et
3200 1176 3324 1217 cum
3350 1176 3469 1219 eam
3510 1178 3581 1220 ex

1972 1256 2125 1317 parte
2170 1247 2478 1315 didicerint,
2524 1264 2626 1321 pro
2667 1252 2920 1307 universa
2957 1261 3119 1323 agent
3150 1253 3374 1325 gratias.
3406 1254 3462 1311 5.
3501 1252 3589 1311 De.

1973 1342 2299 1396 tribulatione
2323 1344 2551 1398 invocavi
2582 1342 2881 1411 Dominum,
2909 1352 2959 1400 et
2997 1347 3255 1401 exaudivit
3280 1364 3360 1403 me
3384 1347 3437 1403 in
3463 1348 3583 1403 lati-

1972 1433 2166 1487 tudine.
2198 1432 2393 1488 Vidisti
2430 1433 2726 1491 bonitatem
2770 1444 2825 1490 et
2852 1435 3253 1493 clementiam?
3275 1438 3393 1494 Non
3421 1439 3578 1508 dixit,

1978 1526 2137 1582 Eram
2161 1525 2389 1599 dignus;
2420 1543 2525 1583 non
2547 1528 2700 1593 dixit,
2722 1527 2837 1584 Mea
2858 1538 3004 1585 recte
3032 1528 3168 1585 facta
3188 1531 3399 1586 ostendi
3424 1549 3439 1598 ;
3460 1533 3581 1600 sed,

1973 1619 2236 1686 Inuocaui,
2259 1621 2454 1685 solum,
2484 1630 2539 1676 et
2577 1622 2706 1677 satis
2734 1621 2831 1676 fuit
2855 1623 3028 1677 oratio
3051 1639 3168 1678 mea
3197 1624 3265 1679 ad
3288 1624 3583 1681 tollendam

1974 1712 2354 1776 calamitatem.
2391 1711 2547 1779 Quod
2586 1713 2747 1769 etiam
2787 1712 2916 1769 dicit
2960 1714 3012 1769 in
3045 1713 3359 1787 Egyptiis:
3394 1713 3585 1772 Videns

1974 1802 2079 1858 vidi
2102 1803 2419 1873 afﬂictionem
2459 1803 2641 1875 populi
2682 1805 2803 1872 mei,
2852 1813 2899 1860 et
2948 1805 3185 1861 descendi
3228 1816 3285 1864 ut
3334 1806 3583 1877 eriperem

1975 1912 2062 1951 eos
2109 1894 2304 1970 (Exod.
2334 1897 2389 1953 5.
2436 1897 2515 1968 7).
2561 1896 2678 1952 Non
2726 1898 2899 1954 dixit:
2935 1898 3052 1954 Vidi
3099 1899 3353 1955 virtutem
3398 1900 3584 1971 populi

1978 1991 2105 2054 mei,
2133 1990 2217 2045 vel
2238 1990 2355 2060 ejus
2378 1992 2728 2047 mutationem
2758 1993 2827 2049 ad
2848 1993 2903 2049 id
2927 1993 3070 2065 quod
3094 2001 3183 2050 est
3206 1994 3439 2050 melius:
3462 1993 3583 2061 sed,

1977 2081 2355 2150 Aiﬂictionem,
2380 2091 2437 2138 et
2456 2099 2642 2139 eorum
2670 2085 2962 2142 clamorem
2990 2085 3257 2142 exaudivi.
3291 2083 3453 2143 Vides
3487 2101 3584 2157 pa-

1980 2184 2114 2231 trem
2145 2174 2434 2246 benignum
2454 2186 2507 2233 et
2527 2178 2957 2246 misericordem,
2984 2178 3076 2250 qui
3096 2179 3271 2233 solum
3296 2175 3402 2234 fert
3425 2194 3585 2250 opem

1978 2278 2199 2337 propter
2220 2269 2588 2325 calamitates?
2614 2271 2773 2343 Atqui
2802 2286 2904 2328 nec
2932 2270 3071 2343 apud
3098 2270 3346 2327 homines
3368 2273 3587 2345 quidem

1978 2361 2305 2432 quicumque
2333 2362 2610 2433 afﬂigitur,
2651 2363 2847 2434 dignus
2890 2370 2976 2420 est
3014 2364 3107 2433 qui
3142 2374 3414 2420 servetur.
3449 2364 3587 2421 Cum

1980 2452 2178 2507 multos
2203 2453 2383 2523 itaque
2404 2453 2649 2509 videmus
2671 2453 2900 2519 famulos
2933 2453 3115 2526 ﬂagris
3144 2455 3278 2510 caedi
3304 2465 3359 2511 et
3390 2471 3584 2512 excruo

1978 2543 2130 2611 clari,
2161 2559 2257 2600 eos
2298 2559 2408 2600 non
2453 2538 2795 2619 dimittimus,
2834 2545 3240 2623 considerantes
3281 2563 3442 2618 quam
3469 2565 3593 2620 gra-

1980 2634 2122 2691 viter
2169 2637 2488 2707 peccarint‘:
2521 2636 2665 2694 Deus
2706 2645 2889 2694 autem
2935 2652 3005 2695 ex
3046 2640 3162 2696 nia
3194 2639 3491 2696 afﬂictione
3511 2640 3595 2698 di-

1982 2727 2164 2783 misit:
2195 2742 2370 2799 neque
2393 2744 2461 2786 ex
2499 2728 2794 2786 aﬂlictione
2829 2731 3201 2788 Latitummodo
3225 2732 3462 2803 eripuit,
3493 2731 3591 2789 sed

1981 2833 2227 2890 magnam
2258 2821 2421 2875 etiam
2466 2821 2811 2877 securitatem
2850 2822 3129 2892 impertiit.
3177 2820 3479 2889 Exaudioit,
3510 2823 3593 2880 in-

1980 2910 2119 2981 quit,
2156 2926 2239 2966 me
2283 2911 2339 2966 in
2375 2910 2666 2967 latitudine.
2712 2912 3016 2980 Quinetiam
3061 2912 3285 2971 afﬂictio
3329 2914 3454 2973 ideo
3493 2914 3596 2971 fuit

1981 3017 2261 3069 concessa,
2289 3011 2348 3059 ut
2386 3019 2482 3060 eos
2511 3006 2601 3075 qui
2632 3003 2942 3076 afﬂiguntur
2967 3006 3222 3065 meliores
3260 3008 3512 3065 redderet
3538 3018 3596 3065 et

1981 3096 2336 3166 sapientiores
2364 3096 2406 3150 ⁸.
2433 3095 2491 3151 6.
2533 3094 2789 3151 Dominus
2832 3096 2958 3151 milii
2986 3098 3215 3170 adjutor,
3260 3116 3363 3155 non
3408 3100 3593 3156 timebo

1980 3188 2102 3258 quid
2121 3188 2279 3259 faciat
2302 3189 2428 3244 mihi
2458 3190 2630 3244 homo.
2666 3189 2854 3247 Vidisti
2886 3191 3081 3247 mentis
3104 3192 3485 3250 altitudinem?
3508 3194 3594 3251 vi-

1983 3281 2106 3338 disti
2128 3297 2377 3373 magnum
2404 3284 2673 3353 spiritum,
2698 3284 2789 3355 qui
2817 3285 2886 3341 ita
2908 3301 3066 3356 supra
3091 3285 3378 3347 humanam
3396 3304 3595 3373 ascen-

1981 3373 2060 3429 dit
2088 3372 2532 3443 imbecillitatem,
2555 3384 2612 3433 ut
2633 3390 2849 3432 omnem
2876 3386 3121 3434 naturam
3150 3378 3445 3451 despiciat?
3467 3372 3595 3438 ιιωο

1984 3484 2090 3524 non
2117 3469 2292 3524 solum
2322 3469 2663 3525 stvecinamus
2695 3468 2788 3543 (a),
2831 3469 2927 3527 sed
2959 3470 3114 3527 factis
3146 3472 3307 3528 etiam
3333 3474 3595 3532 ostenda-

1985 3576 2124 3617 mus.
2156 3561 2274 3617 Non
2303 3561 2455 3627 dixit,
2481 3560 2563 3617 Nil
2594 3563 2803 3633 patiar:
2836 3563 2951 3625 sed.
2999 3562 3124 3619 Non
3153 3565 3335 3621 timebo
3360 3567 3483 3637 quid
3522 3569 3597 3640 fa-

1985 3655 2091 3707 ciat
2114 3654 2241 3707 milii
2261 3652 2433 3709 homo.
2458 3653 2571 3709 lloc
2590 3663 2693 3720 est,
2723 3654 2943 3709 Etiamsi
2976 3656 3170 3726 patiar,
3198 3671 3306 3712 non
3336 3657 3539 3714 timebo
3571 3676 3587 3715 :

1987 3747 2037 3802 id
2065 3748 2237 3818 ipsum
2260 3746 2447 3802 dicens
2468 3746 2611 3818 quod
2638 3746 2837 3802 Paulus
2865 3765 2878 3802 :
2914 3746 2975 3802 Si
3005 3747 3146 3804 Deus
3171 3765 3267 3819 pro
3296 3749 3459 3814 nobis,
3482 3750 3597 3824 quis

1985 3850 2163 3893 contra
2185 3855 2277 3894 nos
2297 3838 2477 3910 (Rom.
2504 3838 2561 3895 8.
2591 3838 2683 3911 51)
2705 3840 2731 3894 ?
2760 3839 2920 3909 Atqui
2946 3848 3131 3899 contra
3159 3842 3305 3910 ipsos
3330 3853 3487 3898 erant
3513 3844 3598 3898 in-

1987 3929 2369 3997 numerabiles,
2400 3928 2495 3985 sed
2522 3944 2618 3985 eos
2642 3930 2775 3985 nihil
2803 3929 3129 3987 offendebat.
3146 3930 3429 4000 Quomodo
3449 3935 3595 3989 enim

1989 4038 2095 4078 non
2116 4022 2279 4078 fuerit
2303 4021 2469 4077 animi
2494 4022 2648 4077 valde
2674 4022 2852 4093 pusilli
2890 4034 2945 4078 et
2970 4022 3187 4094 objecti,
3219 4033 3277 4080 ut
3317 4026 3407 4097 qui
3436 4025 3603 4082 habet

1991 4115 2275 4171 Dominum
2306 4114 2595 4185 propitium
2624 4129 2688 4168 ac
2718 4114 3075 4180 benevolum,
3103 4130 3394 4172 conservos
3426 4118 3596 4187 perti-

1990 4207 2226 4264 mescat?
2253 4206 2360 4263 Sed
2400 4207 2487 4262 hic
2512 4221 2620 4262 non
2649 4214 2733 4261 est
2764 4205 3065 4276 ejusmodi;
3094 4207 3191 4263 sed
3228 4216 3311 4263 est
3344 4209 3598 4266 omnibus

1988 4301 2254 4371 ejusmodi
2276 4300 2557 4355 timoribus
2585 4293 2731 4355 omni
2775 4314 2842 4355 ex
2868 4311 3022 4371 parte
3061 4301 3327 4370 superior.
3364 4301 3475 4356 lloc
3511 4302 3595 4372 ip-

1989 4406 2109 4447 sum
2163 4407 2262 4447 nos
2290 4406 2502 4463 quoque
2545 4388 2845 4458 faciamus,
2893 4405 2965 4447 ne
2994 4404 3093 4445 nos
3141 4392 3351 4447 Domini
3396 4393 3599 4448 auxilio

1993 4483 2284 4554 privemus,
2311 4481 2453 4552 quod
2498 4479 2731 4535 humana
2761 4480 3133 4537 formidamus.
3177 4480 3291 4537 Iloe
3334 4491 3419 4538 est
3454 4485 3597 4539 enim

1992 4590 2181 4633 eorum
2212 4574 2301 4645 qui
2356 4574 2446 4629 Dei
2492 4572 2750 4629 auxilium
2778 4572 3099 4628 contumelia
3143 4572 3402 4639 aftlciunt.
3451 4574 3604 4643 Quo-

1993 4668 2135 4723 circa
2159 4666 2354 4721 dicitur
2396 4663 2656 4720 Ezechias
2704 4678 2894 4735 passus
2941 4678 3063 4720 esse
3101 4680 3223 4735 quas
3265 4680 3455 4737 passus
3496 4678 3599 4737 est,

1994 4761 2137 4834 quod
2178 4775 2301 4816 cum
2345 4759 2427 4816 sol
2470 4757 2752 4815 resiliisset
2800 4767 2854 4813 et
2899 4759 3305 4815 retrocessisset
3348 4760 3605 4833 gradibus

2062 4896 2084 4964 ε
2094 4901 2219 4964 post,
2228 4891 2561 4964 φρίεηιὶοτω,
2573 4888 2855 4964 additsaril.
2866 4890 2915 4964 ip
2927 4891 3239 4964 rnarg.,quod
3248 4891 3395 4944 etiam
3404 4895 3607 4949 accidit.

2062 4957 2136 5021 (a)
2157 4964 2220 5023 tn
2242 4952 2367 5023 haec
2372 4955 2544 5023 verba,
2568 4962 2687 5023 meo
2707 4964 2803 5003 non
2824 4952 2981 5023 solum
3000 4952 3325 5023 saecularium,
3354 4965 3475 5023 etc.,
3492 4972 3611 5023 gra-

2096 5013 2250 5087 o'ritur
2271 5013 2546 5087 difﬁcultas.
2569 5022 2685 5087 liam
2704 5026 2834 5087 qua?
2857 5013 2941 5065 ille
2966 5013 3070 5087 vult
3093 5013 3323 5087 populum
3350 5013 3611 5087 succidere

1998 5081 2093 5133 hoc
2112 5082 2238 5138 loco,
2262 5088 2379 5132 sunt
2404 5081 2554 5129 verba
2567 5076 2668 5137 illa,
2692 5076 2921 5127 Dominus
2942 5076 3062 5128 n-ilti
3082 5076 3299 5140 adjutor,
3317 5093 3411 5131 non
3434 5081 3614 5134 timebo

1999 5147 2117 5206 quid
2136 5141 2285 5208 faciat
2305 5141 2600 5208 mihihomo.
2624 5140 2759 5208 Unde
2772 5140 2917 5203 sequi
2944 5141 3136 5208 videtur
3156 5141 3285 5208 hunc
3304 5157 3504 5194 versam
3530 5160 3613 5196 es-

2000 5202 2373 5270 seresponsum
2406 5205 2553 5270 hujus
2575 5202 2766 5261 Psalml,
2788 5202 2992 5265 etpost
3021 5204 3247 5270 singulos
3271 5219 3447 5270 versus
3476 5221 3504 5257 a
3527 5222 3618 5270 po-

2001 5268 2119 5334 pulo
2142 5265 2295 5334 fuisse
2317 5265 2639 5334 recitandum,
2665 5273 2720 5316 ut
2761 5272 2917 5315 antea
2932 5265 3207 5316 notavimus
3229 5269 3278 5317 in
3296 5265 3617 5333 Expositione

2003 5330 2285 5401 psalmin
2314 5344 2341 5401 εγ
2360 5330 2494 5400 atqui
2520 5330 2664 5401 hujus
2688 5340 2863 5401 versus
2882 5340 3174 5401 responsum
3210 5338 3334 5401 erat,
3359 5330 3477 5382 inec
3510 5334 3617 5384 dies

2004 5393 2151 5456 artant
2172 5393 2285 5456 fecit
2313 5393 2559 5456 pontium,
2587 5399 2683 5440 etc.
2710 5393 2830 5456 Hine
2861 5403 2981 5439 vero
2994 5393 3220 5452 sequitur
3244 5393 3374 5456 hunc
3397 5406 3617 5456 versum.

2007 5452 2240 5505 Dominus
2261 5453 2383 5519 nti/ri
2397 5454 2612 5519 adjnwr,
2632 5466 2729 5502 non
2752 5452 2907 5519 fuisse
2928 5465 3219 5519 responsum
3242 5455 3390 5519 hujus
3414 5454 3615 5519 l‘saltni:

2007 5532 2038 5566 n
2108 5529 2174 5567 ne
2199 5518 2331 5566 enim
2353 5514 2845 5581 boechrysostomus
2862 5514 2998 5574 dicit,
3020 5514 3192 5578 neque
3215 5514 3345 5567 aliud
3368 5518 3621 5581 quidpiam

2007 5532 2139 5630 uneﬂe
2164 5580 2257 5629 hoc
2279 5580 2431 5630 possit
2474 5577 2665 5630 induci;
2700 5589 2875 5627 verum
2912 5590 3129 5630 auguror
3161 5592 3453 5630 resnonsutn
3478 5581 3621 5630 huius

2007 5590 2139 5631 unde
2164 5590 2257 5629 uoe
2279 5590 2431 5641 p085".
2474 5590 2665 5649 murtei;
2700 5590 2875 5627 verum
2912 5590 3129 5650 auguror
3161 5592 3453 5643 responsum
3478 5590 3623 5641 hujus

2010 5642 2181 5707 psalmi
2204 5640 2377 5707 fuisse,
2392 5639 2647 5707 tttt'cdtes,
2671 5639 2801 5702 quod
2828 5648 2935 5703 post
2956 5640 3180 5707 singulos
3202 5656 3377 5693 versus
3399 5655 3425 5692 a
3448 5643 3623 5707 torulo

2010 5702 2375 5763 succinehatur;
2400 5703 2517 5751 illud
2536 5716 2675 5761 vero,
2700 5712 2929 5751 nummus
2953 5702 3074 5753 mihi
3095 5705 3314 5765 cdjnlor,
3338 5719 3431 5755 non
3448 5702 3626 5757 tiiitebo

2011 5768 2131 5831 quid
2155 5765 2304 5829 faciat
2330 5765 2647 5831 ntiltiltomo,
2678 5768 2791 5831 quia
2825 5766 2883 5813 ad
2915 5766 3185 5831 institution
3210 5769 3324 5818 vitte
3346 5769 3625 5831 Christian:

2012 5826 2475 5896 opportunissimum
2492 5836 2613 5880 erat.
2630 5826 2789 5875 δοῐιιιιι
2811 5830 3079 5896 repetitum
3104 5829 3255 5881 fuisse
3278 5844 3304 5880 a
3328 5830 3505 5896 populo
3519 5842 3624 5882 stu-

2021 5891 2237 5946 uiuente.
2265 5896 2312 5942 td
2336 5892 2631 5954 conjecturae
2656 5896 2839 5940 tantum
2866 5891 2971 5941 loco
2990 5894 3071 5941 sit.
