4154 6430
657 443 759 502 33!

657 569 796 629 quos
821 550 1172 611 descenderat
1201 549 1281 619 (4.
1324 544 1452 617 Reg.
1505 544 1598 600 20.
1641 541 1757 610 tl),
1788 548 1843 594 et
1881 537 2075 629 factum
2104 538 2249 588 esset

659 628 872 720 signum
888 643 1029 716 quod
1047 650 1224 714 posset
1245 650 1436 696 omnes
1459 633 1863 704 obstupefacere
1874 642 1968 684 eos
1981 628 2070 720 qui
2087 637 2252 688 vene-

659 719 802 808 rant,
825 745 881 793 ut
902 735 1018 792 haec
1033 733 1407 803 intelligerent,
1431 744 1538 784 non
1549 741 1615 782 ex
1631 725 1709 782 eis
1724 737 1844 795 qua:
1861 719 2111 777 divinitus
2121 732 2250 808 eve-

662 807 873 894 nerant,
891 826 988 884 sed
1005 841 1074 883 ex
1093 823 1254 881 rebus
1279 820 1525 877 humanis
1546 817 1718 872 voluit
1736 823 2054 885 perterrere,
2072 819 2126 891 et
2149 807 2249 862 ad-

662 921 864 978 ducere
886 918 942 975 in
970 915 1401 980 admirationem,
1427 911 1623 968 timens
1649 921 1720 963 ne
1755 905 1825 961 ab
1851 905 1931 960 eis
1967 900 2251 958 invadere-

659 1022 780 1078 tur;
807 1025 864 1068 et
887 1009 1010 1067 ideo
1036 1009 1117 1065 eis
1141 1005 1421 1084 thesauros
1466 998 1720 1063 ostendit,
1762 997 1966 1052 habent
1999 1008 2149 1062 spem
2195 991 2250 1046 in

660 1098 959 1160 thesauris.
973 1083 1309 1166 Quare-Deus
1331 1094 1590 1158 irritatus,
1617 1087 1898 1160 Accipient,
1923 1085 2111 1154 inquit,
2142 1083 2252 1138 hac

656 1193 830 1250 omnia
849 1191 928 1264 (ι.
967 1188 1097 1262 Reg.
1123 1187 1216 1244 ιο.
1249 1185 1338 1258 Π)
1371 1202 1388 1240 :
1425 1184 1526 1239 hoc
1556 1189 1661 1247 est,
1695 1180 1839 1236 eain
1871 1177 2064 1249 quibus
2105 1184 2249 1230 tuam

654 1302 806 1357 spem
832 1284 1067 1356 reponis,
1094 1280 1289 1353 quibus
1329 1275 1576 1334 conﬁdis.
1607 1272 1771 1329 lsrael
1799 1277 2011 1342 quoque
2032 1281 2252 1323 accusa-

656 1389 765 1442 tur,
793 1375 937 1448 quod
966 1373 1208 1446 pecuniis
1232 1380 1287 1428 et
1312 1366 1466 1441 equis
1484 1364 1840 1424 conﬁderent.
1872 1361 2132 1430 Quocirca
2154 1373 2250 1415 eos

659 1474 909 1527 admonet
933 1467 1187 1540 propheta
1212 1506 1228 1533 ,
1256 1472 1316 1520 ut
1334 1477 1398 1519 ex
1427 1461 1630 1531 iisquae
1652 1466 1778 1516 sunt
1796 1455 2060 1512 contraria
2082 1454 2248 1508 Deum

661 1563 902 1628 placent,
931 1569 990 1615 et
1009 1557 1188 1615 dicant
1211 1573 1224 1611 :
1249 1554 1419 1625 Super
1436 1565 1589 1625 quos
1603 1566 1707 1606 non
1723 1547 2048 1605 ascendentes
2075 1542 2230 1612 (Osee

659 1655 748 1711 Η.
789 1653 868 1724 ι).
901 1651 1043 1707 Deus
1071 1657 1126 1704 te
1155 1649 1406 1711 honorat,
1433 1652 1489 1701 et
1508 1652 1565 1700 tu
1593 1657 1717 1699 eum
1742 1637 2086 1722 contemnis?
2108 1637 2250 1692 Deus

659 1754 714 1800 te
739 1743 986 1807 honorat,
1014 1753 1169 1796 suum
1196 1737 1290 1793 tibi
1327 1735 1583 1791 auxilium
1604 1733 1930 1806 promittens
1958 1747 1973 1785 :
2001 1739 2058 1786 et
2091 1738 2148 1785 tu
2181 1727 2248 1783 ad

659 1836 920 1891 humanas
947 1845 1071 1903 spes
1097 1827 1363 1900 confugis,
1401 1834 1457 1883 et
1494 1823 1744 1880 inanima:
1770 1822 2028 1884 materiae,
2055 1833 2252 1890 nempe

659 1925 920 2000 pecuniis,
943 1923 1139 1980 salutis
1175 1935 1324 1994 spem
1357 1915 1693 2000 committis?
1731 1914 1850 1978 Non
1887 1914 2080 1984 quaerit
2105 1911 2248 1968 enim

657 1999 831 2078 solum
857 2027 1094 2083 servare,
1122 2014 1226 2073 sed“
1244 2011 1298 2068 id
1322 2011 1486 2067 etiam
1525 1999 1749 2066 honeste
1770 2006 1967 2062 facere.
2000 2003 2168 2059 Valde
2198 2012 2250 2058 te

657 2121 826 2178 amat,
864 2120 918 2168 et
964 2109 1086 2166 ideo
1112 2116 1168 2164 te
1199 2105 1269 2163 ab
1302 2104 1550 2161 omnibus
1575 2100 1880 2166 .abducens,
1913 2097 2118 2178 sibiipsi
2149 2096 2246 2150 ad-

654 2205 828 2277 iungit
855 2220 870 2258 :
900 2211 958 2258 et
994 2199 1172 2256 omnia
1198 2205 1503 2268 amputans,
1529 2191 1599 2249 ad
1625 2192 1860 2262 seipsum
1885 2189 2120 2251 adducit,
2153 2203 2250 2257 per

658 2315 720 2354 ea
747 2309 866 2368 qua
891 2293 1020 2350 facit.
1042 2286 1426 2363 propemodum
1454 2286 1684 2376 dicens:
1711 2283 1769 2342 lu
1796 2295 1894 2376 me
1909 2295 2058 2376 spem
2086 2278 2246 2376 habe,

657 2399 712 2445 et
861 2395 1123 2458 perpetuo
1141 2382 1366 2436 observa
1391 2388 1447 2433 et
1470 2363 1707 2432 attende.
1737 2375 1788 2429 7.
1829 2363 2080 2428 Dominus
2125 2371 2252 2426 mihi

657 2482 886 2553 adiutor,
933 2488 980 2534 et
1024 2493 1118 2548 ego
1143 2473 1419 2546 despiciam
1461 2467 1694 2525 inimicos
1741 2481 1896 2521 meos.
1943 2464 2098 2519 Vides
2124 2478 2249 2553 eum

660 2552 767 2630 non
793 2571 1161 2632 ulciscentem,
1183 2577 1359 2635 neque
1375 2575 1564 2634 prensa
1585 2565 1910 2624 sumentem,
1931 2554 2026 2612 sed
2047 2553 2158 2611 Deo
2181 2552 2251 2610 de

658 2667 772 2726 suis
795 2661 1026 2721 inimicis
1048 2658 1336 2716 vindictam
1361 2653 1745 2711 remittentem.

730 2743 864 2829 Spes
882 2756 938 2810 in
969 2751 1074 2810 Deo
1101 2752 1230 2807 bona
1247 2767 1265 2816 ;
1285 2762 1398 2820 spes
1423 2746 1477 2801 in
1499 2745 1698 2799 homine
1718 2739 2035 2813 periculosa;
2060 2739 2113 2792 in
2137 2734 2249 2792 Do-

660 2851 798 2906 mino
841 2857 896 2904 ttt
934 2835 1262 2916 sperandum.
1308 2867 1383 2881 --
1426 2836 1482 2894 8.
1533 2833 1736 2890 Bonum
1780 2840 1851 2888 est
1897 2829 2154 2898 conﬁdere
2196 2830 2251 2882 in

667 2942 912 3004 Domino,
936 2952 1089 3009 quam
1116 2930 1370 3002 conﬁdere
1389 2929 1445 2984 in
1475 2925 1694 2981 nomine.
1720 2923 1774 2990 9.
1815 2922 2012 2976 Bonum
2036 2928 2109 2975 est
2133 2936 2250 2989 spe-

660 3050 778 3090 rare
805 3033 876 3086 'in
923 3027 1160 3092 Domino,
1190 3039 1344 3094 quam
1383 3034 1590 3091 sperare
1651 3018 1705 3071 in
1761 3014 2091 3086 principibus.
2133 3012 2248 3067 Non

662 3127 780 3182 iniec
798 3120 926 3178 dicit
944 3133 1041 3188 per
1067 3111 1538 3186 comparationem,
1564 3105 1657 3162 sed
1683 3106 1959 3160 consuevit
1976 3103 2248 3173 Scriptura

663 3229 765 3273 ..ac
787 3212 865 3270 uti
890 3211 1055 3282 ﬁgura
1082 3209 1135 3262 in
1162 3207 1229 3261 iis
1253 3204 1414 3261 etiam
1442 3216 1564 3274 quae
1591 3215 1694 3254 non
1721 3197 2007 3253 admittunt
2029 3211 2246 3266 compa-

662 3307 947 3368 rationem,
977 3308 1194 3372 propter
1220 3293 1636 3350 imbecillitatem
1662 3305 1852 3346 eorum
1883 3290 1972 3358 qui
2003 3298 2128 3343 tunc
2156 3304 2251 3342 au-

663 3399 834 3454 diunt.
862 3394 979 3450 Non
1006 3392 1108 3446 hoc
1129 3403 1254 3459 ergo
1273 3385 1401 3442 dicit
1426 3395 1764 3453 comparans,
1796 3381 1889 3436 sed
1939 3395 1998 3435 se
2036 3378 2101 3433 ad
2129 3379 2248 3434 illo-

664 3505 782 3548 rum
800 3493 1012 3558 eaptum
1035 3471 1338 3552 demittens.
1367 3476 1433 3531 Et
1462 3475 1582 3530 ideo
1602 3472 1736 3527 alius
1754 3487 1965 3542 quoque
1990 3469 2247 3540 prapheta

663 3580 796 3638 dixit
821 3596 836 3634 :
865 3573 1167 3632 laledictus
1190 3569 1356 3625 ‘omnis
1377 3567 1464 3638 qui
1491 3573 1660 3635 sperat
1688 3564 1741 3618 in
1779 3563 1980 3616 homine
2001 3561 2133 3635 (Jer.
2158 3563 2247 3616 17.

662 3675 718 3744 5)
741 3689 761 3730 :
780 3669 921 3727 nihil
947 3654 1030 3723 est
1050 3665 1192 3722 enim
1225 3678 1289 3719 ea
1315 3676 1410 3731 spe
1433 3659 1682 3723 debilius,
1705 3664 1788 3713 est
1813 3658 2006 3728 quippe
2027 3655 2112 3712 vel
2143 3656 2246 3711 tela

659 3775 872 3820 aranea
919 3755 1272 3814 imbecillior:
1302 3753 1409 3808 imo
1450 3764 1583 3806 vero
1621 3763 1725 3803 non
1755 3757 1838 3804 est
1865 3747 2037 3802 solum
2081 3747 2250 3803 imbe-

647 3853 806 3917 cilla,
837 3848 1182 3907 verumetiam
1213 3843 1530 3915 periculosa.
1576 3839 1766 3895 Sciunt
1784 3847 1960 3894 autem
1988 3839 2075 3909 qui
2107 3852 2250 3906 saepe

663 3945 717 4000 iu
745 3941 1050 3999 hominibus
1071 3935 1425 3997 conliderunt,
1454 3947 1575 3988 cum
1597 3930 1790 4002 quibus
1814 3929 1973 3985 simul
2005 3937 2127 3984 sunt
2155 3929 2252 3984 de-

664 4033 1020 4106 pressi.'Spes
1048 4040 1226 4086 autem
1269 4028 1323 4082 in
1356 4026 1519 4082 Deum
1566 4039 1675 4080 non
1699 4031 1807 4083 .est
1853 4021 2026 4079 solum
2053 4022 2246 4088 valida,

663 4139 856 4182 verum
874 4125 1034 4179 etiam
1056 4129 1190 4185 tuta,
1211 4129 1270 4175 ut
1293 4131 1414 4188 qum
1433 4115 1631 4171 nullam
1654 4114 1851 4169 habeat
1879 4113 2247 4168 mutationem.

671 4220 739 4274 Et
776 4217 898 4272 ideo
929 4216 1120 4270 Paulus
1146 4226 1355 4283 quoque
1380 4208 1589 4265 dicebat
1619 4224 1631 4258 :
1660 4207 1792 4275 Spes
1815 4214 1980 4261 autem
2008 4223 2106 4260 non
2133 4223 2255 4260 con-

672 4308 840 4380 fundit
870 4305 1046 4379 (Rom.
1080 4303 1134 4359 5.
1163 4303 1242 4371 5).
1273 4301 1420 4356 Alius
1447 4313 1576 4352 vero
1602 4297 1834 4365 sapiens,
1869 4296 2139 4366 Respicite,
2170 4298 2250 4349 in-

601 4431 604 4434 ~
665 4401 802 4471 quit,
826 4398 894 4450 ad
915 4396 1149 4464 antiquas
1181 4391 1542 4462 generationes,
1573 4397 1619 4442 et
1647 4387 1809 4441 uidete
1834 4388 1946 4454 quis
1984 4386 2256 4454 speraverit

665 4495 719 4549 in
743 4491 1036 4553 Dominum,
1077 4496 1123 4542 et
1148 4486 1342 4555 pudore
1379 4483 1592 4550 alfectus
1617 4491 1689 4535 est
1721 4479 1907 4551 (Eccli.
1939 4478 1994 4534 2.
2028 4479 2140 4551 i0).
2188 4482 2257 4534 At

666 4597 790 4654 ego,
831 4580 1020 4650 inquit,
1065 4574 1296 4648 speravi,
1335 4582 1390 4628 et
1434 4564 1551 4627 sum
1600 4570 1805 4640 pudore
1842 4570 2081 4626 allectus.
2113 4571 2255 4624 Bona

667 4675 851 4739 verba,
881 4685 1082 4741 quaeso,
1106 4668 1286 4731 homo,
1309 4680 1377 4722 ne
1395 4664 1587 4720 divinae
1612 4664 1900 4733 Scriptura:
1923 4663 2251 4732 obloquaris.

670 4762 891 4820 Etiamsi
920 4760 1125 4832 pudore
1153 4757 1371 4812 aifectus
1411 4755 1505 4819 sis,
1553 4754 1606 4808 id
1655 4754 1852 4819 evenit,
1894 4754 2036 4823 quod
2068 4767 2172 4808 non
2203 4762 2258 4807 ut

667 4855 906 4926 oportuit
932 4851 1254 4922 speraveris,
1297 4847 1440 4916 quod
1483 4847 1734 4907 cesseris,
1772 4848 1913 4916 quod
1961 4848 2119 4902 tinem
2151 4861 2255 4901 non

668 4944 1086 5016 exSpectaveris,
1107 4941 1246 5011 quod
1271 4939 1461 5010 pusillo
1479 4939 1662 4993 animo
1689 4927 1870 4993 fueris.
1914 4938 2018 4993 Sed
2049 4954 2154 4992 non
2188 4940 2257 4992 ita

671 5039 836 5094 facias
860 5054 872 5089 :
903 5048 1086 5088 verum
1107 5031 1317 5102 quando
1337 5029 1533 5086 videris
1558 5045 1678 5099 qua:
1705 5040 1829 5083 sunt
1868 5032 2004 5094 mala
2031 5038 2087 5084 et
2115 5029 2256 5084 difﬂ—

669 5129 792 5184 cilia
819 5127 1118 5189 imminere,
1159 5138 1228 5178 ne
1269 5122 1505 5176 animum
1550 5121 1818 5176 demittas.
1862 5121 1972 5176 [loc
2001 5123 2142 5176 enim
2176 5123 2258 5177 vel

672 5220 902 5276 maxime
924 5225 1008 5273 est
1033 5229 1271 5285 sperare,
1302 5213 1514 5284 quando
1555 5213 1606 5266 in
1637 5212 1806 5267 media
1835 5212 1970 5266 mala
2000 5225 2052 5268 ct
2080 5215 2257 5283 gravia

674 5309 907 5382 pericula
938 5307 1098 5361 fueris
1118 5304 1407 5372 coniectus,
1439 5312 1563 5357 tunc
1591 5303 1742 5372 erigi.

747 5401 800 5455 3.
832 5397 968 5466 Quid
992 5396 1231 5465 barbaris
1270 5395 1394 5459 illis,
1445 5393 1716 5458 Ninivitis,
1749 5395 1982 5464 inquam,
2014 5407 2127 5451 erat
2157 5398 2260 5450 mi-

673 5492 885 5549 serius?
918 5491 983 5546 Et
1009 5498 1182 5543 tamen
1205 5501 1326 5542 cum
1357 5485 1466 5555 jam
1489 5473 1668 5540 essent
1694 5487 1808 5556 ipso
1835 5487 2020 5556 laqueo
2050 5487 2258 5552 irretiti,

674 5597 730 5643 ct
776 5586 1032 5641 ruituram
1070 5582 1337 5636 civitatem
1379 5589 1768 5649 exspectarent,
1821 5596 1887 5636 ne
1935 5582 2011 5635 sic
2046 5580 2260 5651 quidem

677 5675 1047 5748 desperarunt,
1076 5673 1169 5729 sed
1201 5687 1462 5727 summam
1498 5671 1844 5726 ostenderunt
1874 5675 2259 5742 paenitentiam,

679 5781 734 5825 et
755 5770 1043 5826 effecerunt
1068 5776 1124 5821 ut
1169 5765 1308 5820 Deus
1337 5778 1520 5819 rursus
1557 5778 1705 5818 suam
1751 5775 2026 5820 revocaret
2050 5773 2263 5820 senten-

681 5863 828 5922 tiam.
855 5860 1040 5918 Vidisli
1071 5867 1279 5931 quanta:
1316 5857 1419 5913 sint
1447 5856 1558 5926 spei
1592 5855 1765 5912 vires?
1805 5856 1940 5923 Quid
1983 5871 2103 5913 tero
2144 5859 2257 5929 ipse

1361 433 1420 492 s.
1461 427 1741 490 insutus
1774 417 2256 483 cunvsosrostt
2293 402 2612 476 necuter.
2651 416 3195 477 CONS‘I'ANTINOP.

3840 419 3956 477 532

2362 529 2659 600 propheta?
2686 545 2865 586 annon
2909 545 3044 609 cum,
3074 539 3218 586 esset
3262 529 3313 585 in
3353 537 3544 587 ventre
3580 529 3688 587 ceti
3716 528 3862 601 (Joa.
3887 531 3956 589 2.

2355 619 2435 691 5),
2469 619 2651 692 templi
2677 631 2734 678 et
2759 635 2871 676 sua
2898 619 3292 695 Jerosolymam
3327 619 3652 676 reversiouis
3684 620 3957 676 memine-

2357 705 2569 767 ratiEt
2594 721 2650 767 tu
2677 726 2825 782 ergo,
2856 711 3099 783 quamvis
3127 707 3215 767 vel
3243 711 3309 764 ad
3338 704 3504 776 ipsam
3532 720 3760 767 mortem
3784 711 3958 766 deve-

2359 803 2528 865 neris,
2575 813 2630 864 et
2676 802 2912 874 undique
2948 801 3182 857 maxima
3228 800 3542 857 immineant
3587 804 3846 874 pericula,
3875 817 3956 858 ne

2355 892 2748 964 desperaveris.
2787 892 2970 949 Potest
2996 894 3141 947 enim
3167 893 3308 949 Deus
3328 894 3380 948 in
3409 893 3568 950 rebus
3594 895 3675 949 vel
3698 894 3957 952 difficilli-

2357 984 2460 1038 mis
2486 985 2685 1039 exitum
2714 985 2952 1041 invenire
2977 987 2998 1038 :'
3032 994 3088 1039 et
3128 984 3250 1039 ideo
3278 984 3407 1040 dicit
3447 985 3662 1056 quidam
3690 987 3906 1056 sapiens
3933 1001 3954 1042 :

2357 1074 2401 1128 Α
2445 1091 2594 1128 mane
2622 1091 2778 1146 usque
2812 1075 2881 1129 ad
2925 1086 3184 1144 uesperam
3229 1077 3534 1130 mutationes
3571 1078 3762 1143 multa,
3809 1087 3854 1132 ιι
3892 1079 3957 1132 in

2355 1176 2627 1233 conspectu
2653 1167 2766 1236 ejus
2785 1176 2908 1220 sunt
2935 1167 3109 1220 omnia
3143 1167 3321 1237 facilia
3343 1164 3532 1240 (Eccli.
3567 1168 3654 1224 i8.
3684 1167 3805 1238 26).
3827 1167 3956 1224 Non

2355 1255 2534 1311 vidisti
2585 1256 2956 1340 tribunum‘(a)
2986 1258 3038 1312 in
3075 1271 3285 1313 summa
3329 1273 3507 1316 rerum
3544 1261 3699 1331 copia
3743 1260 3956 1317 fameli-

2355 1365 2475 1405 cum
2501 1349 2578 1421 (ι.
2608 1349 2736 1423 Reg.
2764 1350 2860 1419 7)?
2901 1365 3008 1406 non
3047 1351 3218 1406 vidisti
3259 1349 3469 1407 viduam
3501 1352 3552 1407 iu
3589 1351 3735 1409 fame
3769 1354 3955 1408 abun-

2354 1441 2569 1497 dantem
2604 1442 2680 1514 (5.
2708 1441 2842 1514 Reg.
2872 1442 3005 1514 I7)?
3041 1441 3266 1511 Quando
3305 1457 3393 1502 res
3417 1445 3469 1498 in
3499 1449 3785 1500 maximam
3814 1445 3956 1501 inci-

2353 1533 2531 1590 derint
2575 1535 2831 1604 inopiam,
2881 1544 3008 1591 tunc
3054 1546 3110 1591 tu
3153 1551 3309 1605 spera
3354 1537 3602 1592 maxime.
3627 1538 3782 1596 Tunc
3801 1541 3954 1596 enim

2355 1625 2498 1682 Dens
2523 1627 2752 1683 maxime
2794 1641 2945 1684 suam
2981 1627 3216 1683 ostendit
3259 1627 3568 1697 potentiam,
3608 1643 3714 1684 non
3766 1645 3798 1685 a
3838 1633 3958 1700 pri-

2355 1717 2584 1779 mordio.
2612 1718 2708 1774 sed
2737 1719 2951 1788 quando
2986 1733 3073 1774 res
3122 1717 3321 1776 fuerint
3367 1718 3524 1789 plane
3556 1719 3853 1792 desperata-
3877 1722 3958 1779 ab

2337 1807 2679 1864 hominibus.
2730 1809 2843 1866 Hoc
2889 1819 2972 1866 est
3017 1811 3160 1866 enim
3196 1820 3405 1881 tempus
3440 1811 3606 1868 divini
3649 1813 3850 1869 auxilii.
3878 1814 3957 1870 Et

2353 1901 2475 1957 ideo
2512 1917 2618 1958 nec
2662 1917 2858 1972 pueros
2899 1902 3096 1973 eripuit
3133 1916 3163 1958 a
3209 1903 3493 1974 principio,
3533 1903 3627 1964 sed
3662 1909 3956 1976 postquam

2351 1991 2565 2047 fuerunt
2609 1993 2662 2047 in
2693 1992 2964 2048 fornacem
2989 1993 3220 2063 conlecti
3250 1990 3414 2065 (Dan.
3455 1992 3510 2049 5.
3540 1993 3631 2063 9‘5)
3667 2012 3682 2048 :
3719 2010 3820 2050 nec
3846 1994 3958 2050 Da-

2353 2083 2569 2150 nielem,
2598 2093 2884 2156 antequam
2927 2093 3072 2140 esset
3117 2085 3408 2151 immissus,
3449 2086 3545 2144 sed
3589 2088 3795 2158 septem
3824 2099 3958 2161 post

2351 2173 2542 2231 diebus
2569 2174 2730 2247 (Dan.
2778 2175 2869 2231 M.
2898 2173 3014 2248 39).
3059 2172 3169 2232 Nec
3202 2176 3418 2233 attende
3466 2193 3645 2234 rerum
3677 2188 3958 2249 naturam,

2351 2284 2472 2339 qum
2500 2269 2800 2340 praecipites
2823 2271 2932 2340 agit
2956 2271 3008 2325 in
3033 2271 3480 2340 desperationem,
3507 2272 3602 2328 sed
3631 2272 3725 2330 Dei
3756 2280 3954 2344 poten-

2355 2362 2503 2428 tiam,
2531 2377 2651 2432 quu:
2680 2378 2742 2419 ea
2762 2379 2882 2435 qua:
2918 2372 3044 2419 sunt
3067 2363 3372 2435 desperata,
3399 2362 3615 2422 adducit
3659 2366 3711 2422 in
3747 2367 3958 2424 bonam

2353 2471 2524 2526 spem.
2548 2457 2661 2514 Hoc
2679 2458 2838 2514 etiam
2859 2458 3150 2515 ostendens
3179 2459 3644 2531 psalmographus,
3665 2472 3722 2517 et
3745 2474 3954 2533 quanta

2352 2551 2423 2604 sit
2450 2547 2542 2604 Dei
2566 2549 2818 2618 petendae
2847 2547 3071 2605 facilitas
3094 2551 3276 2606 volens
3296 2561 3616 2614 monstrare.
3644 2550 3786 2623 quod
3802 2554 3956 2608 scili-

2351 2649 2439 2697 cet
2455 2655 2550 2696 eos
2573 2640 2733 2695 etiam
2759 2641 2847 2711 qui
2873 2641 2926 2697 in
2954 2642 3137 2712 gravia
3176 2641 3313 2697 mala
3354 2641 3673 2706 inciderunt,
3703 2653 3955 2714 prostra-

2353 2734 2499 2803 tique
2520 2741 2576 2788 et
2601 2733 2897 2790 conculcati
2930 2744 3076 2799 sunt,
3123 2734 3290 2803 possit
3314 2731 3564 2798 educere,
3589 2742 3646 2790 et
3688 2750 3793 2790 non
3823 2745 3955 2791 tau-

2355 2835 2466 2881 tum
2516 2840 2545 2880 a
2586 2827 2865 2898 principio,
2917 2826 3038 2882 audi
3086 2826 3211 2896 quid
3264 2827 3590 2898 subiungat:
3635 2827 3720 2884 10.
3757 2828 3955 2890 Omnes

2352 2928 2522 2990 gentes
2561 2917 3000 2972 circumdederunt
3026 2933 3124 2972 me.
3153 2916 3342 2972 Vidisti
3383 2918 3674 2987 periculum
3717 2919 3954 2975 inevita-

2354 3009 2495 3067 bile?
2518 3009 2701 3081 Neque
2729 3010 2871 3066 enim
2897 3017 3012 3064 erat
3047 3009 3162 3064 acie
3187 3008 3598 3079 conﬂigendum.
3635 3024 3807 3081 neque
3835 3020 3955 3067 sta-

2352 3100 2484 3156 hant
2525 3100 2726 3156 inimici
2765 3116 2796 3156 e
2819 3099 3058 3175 regione,
3085 3100 3178 3156 sed
3204 3110 3321 3156 erat
3349 3101 3693 3172 interceptus,
3721 3112 3775 3158 et
3801 3111 3951 3157 tam-

2314 3182 2324 3189 ’
2353 3209 2510 3264 quam
2535 3207 2728 3263 sagena
2749 3193 2922 3262 aliqua
2947 3193 3327 3259 circumdatus,
3353 3208 3416 3246 ac
3445 3193 3606 3248 veiuti
3626 3193 3949 3264 quibusdam

2353 3288 2554 3344 retibus
2573 3286 3012 3358 comprehensus,
3033 3301 3139 3341 non
3161 3286 3228 3342 ab
3251 3301 3379 3352 uno,
3403 3286 3608 3341 duobus
3629 3295 3724 3340 aut
3751 3287 3947 3354 tribus,

2351 3380 2447 3437 sed
2487 3381 2556 3436 ab
2600 3379 2847 3436 omnibus
2891 3379 3181 3449 gentibus:
3213 3388 3340 3434 sunt
3384 3388 3560 3434 tamen
3611 3379 3725 3434 haec
3764 3380 3951 3457 omnia

2350 3474 2560 3530 vincula
2596 3471 2865 3529 confracta
2902 3487 2932 3527 a
2961 3486 3056 3541 spe
3086 3472 3138 3526 in
3171 3471 3360 3526 Deum.
3406 3469 3473 3524 Et
3508 3473 3713 3528 nomine
3740 3465 3955 3525 Domini

2351 3569 2491 3622 ultus
2503 3579 2621 3617 sunt
2638 3565 2692 3619 in
2704 3580 2812 3619 eos.
2827 3565 2855 3619 1
2871 3565 2891 3619 ί
2905 3607 2918 3620 .
2939 3564 3322 3619 Circumdantes
3361 3564 3800 3618 circumdederunt
3845 3579 3951 3626 me.

2353 3673 2399 3717 et
2424 3660 2625 3716 nomine
2643 3659 2850 3714 Domini
2875 3657 3012 3712 ultus
3034 3674 3146 3711 sum
3169 3659 3224 3711 in
3249 3673 3352 3713 eos.
3380 3657 3467 3711 η.
3498 3656 3956 3714 Circumdederstnt

2355 3771 2436 3808 me
2461 3755 2590 3808 sicut
2614 3768 2734 3822 apes
2761 3751 2952 3820 favum,
2980 3759 3026 3804 et
3052 3758 3348 3804 exarserunt
3372 3749 3502 3802 sicut
3529 3750 3660 3819 ignis
3689 3749 3741 3803 in
3765 3749 3951 3820 spinis,

2352 3858 2398 3901 et
2423 3849 2475 3901 in
2498 3845 2699 3899 nomine
2730 3842 2932 3896 Domini
2962 3843 3096 3896 ultus
3116 3857 3226 3895 sum
3244 3843 3298 3895 in
3313 3857 3418 3913 eos.
3460 3839 3651 3897 Vidisti
3678 3842 3955 3911 quomodo

2353 3936 2604 3992 describit
2630 3948 2985 3989 aerumnarum
3012 3932 3425 4001 magnitudinem
3445 3931 3470 3982 ?
3496 3930 3610 3985 Non
3638 3931 3781 3986 enim
3809 3929 3952 3986 dixit

2353 4026 2710 4093 solummodo,
2737 4015 3187 4081 Circumdederunt
3217 4039 3236 4077 :
3265 4023 3378 4088 sed,
3410 4021 3558 4078 Sicut
3582 4037 3723 4092 apes,
3745 4031 3791 4075 et
3815 4023 3951 4076 sicut

2353 4121 2485 4191 ignis
2506 4120 2558 4172 in
2584 4118 2744 4188 spinis
2766 4134 2784 4170 :
2815 4131 2908 4185 per
2945 4130 3074 4185 apes
3101 4115 3313 4186 quidem
3365 4130 3610 4185 magnam
3642 4114 3803 4168 animi
3832 4115 3954 4169 ala-

2355 4213 2621 4276 critatem,
2665 4225 2760 4280 per
2792 4211 2972 4279 spinas
3000 4224 3127 4263 vero
3170 4209 3300 4263 iram
3331 4208 3743 4274 intolerabilem,
3770 4215 3826 4262 et
3853 4210 3970 4280 qui.

2357 4303 2626 4371 exstingui
2660 4317 2762 4355 non
2795 4299 3149 4370 poterat.bilis
3179 4299 3424 4362 ardorem
3457 4297 3784 4367 signiﬁcans.
3814 4296 3956 4366 Quis

2359 4394 2501 4448 enim
2522 4393 2820 4448 cohibuerit
2842 4393 3033 4462 ignem,
3058 4391 3150 4461 qui
3190 4391 3245 4444 in
3267 4391 3448 4459 spinas
3479 4389 3705 4444 incidit?
3734 4388 3841 4443 Eos
3866 4396 3961 4444 ta-

2360 4501 2504 4548 mcn,
2536 4483 2726 4554 inquit,
2759 4493 2864 4538 tam
2893 4483 3238 4538 vehementer
3262 4491 3314 4536 et
3344 4490 3452 4537 tam
3481 4481 3729 4536 celeriter
3752 4491 3958 4535 accen-

2358 4589 2468 4641 sos,
2501 4590 2621 4630 cum
2652 4591 2739 4631 me
2761 4573 2995 4629 medium
3049 4574 3477 4641 intercepissent,
3519 4585 3624 4626 non
3667 4572 3840 4625 solum
3871 4572 3962 4627 ef-

2360 4669 2487 4738 fugi,
2515 4667 2608 4723 sed
2636 4668 2798 4723 etiam
2829 4665 2968 4720 ultus
2994 4679 3133 4719 sum.
3161 4663 3292 4718 Vnde
3323 4663 3426 4717 hoc
3453 4663 3627 4726 ipsum
3651 4661 3763 4716 ﬁeri
3785 4663 3957 4720 ctiam

2361 4760 2413 4814 in
2444 4759 2684 4813 materia.
2714 4757 2852 4827 ignis
2875 4756 3017 4810 enim
3053 4755 3242 4810 rubum
3267 4754 3474 4819 urebat,
3509 4762 3563 4808 et
3588 4768 3762 4824 neque
3785 4753 3957 4810 rubus

2360 4849 2771 4904 comburebatur
2793 4845 2986 4919 (Exod.
3012 4845 3093 4916 5),
3124 4860 3221 4900 nec
3261 4846 3348 4900 ille
3369 4845 3824 4914 exstinguebatur,
3853 4847 3956 4902 sed

2361 4952 2584 5010 utraque
2624 4950 2749 4994 tunc
2797 4937 3088 4992 manebant
3124 4935 3280 4990 simul
3315 4938 3718 5000 conversantia,
3755 4949 3852 4988 nec
3891 4951 3959 4992 se

2361 5041 2745 5086 consumentna.
2778 5031 2933 5098 Atqui
2963 5027 3088 5097 quid
3121 5036 3202 5082 est
3227 5028 3360 5082 rubo
3390 5027 3559 5096 magis
3586 5026 3863 5082 ﬂaccidum
3895 5041 3957 5086 et

2362 5122 2726 5178 imbecillum?
2746 5120 2870 5190 quid
2897 5128 3072 5173 autem
3104 5118 3224 5188 igne
3250 5127 3333 5173 est
3351 5118 3665 5174 ardentius?
3695 5120 3955 5175 Admira-

2363 5216 2484 5270 bilis
2519 5224 2694 5268 tamen
2739 5213 2830 5268 Dei
2882 5213 3136 5281 potentia,
3190 5226 3309 5280 qua:
3353 5226 3440 5265 res
3468 5210 3594 5265 facit
3639 5213 3955 5281 Opinionem

2428 5374 2499 5437 (τι)
2534 5374 2615 5421 Hic
2637 5383 2781 5437 porro
2805 5366 3131 5437 tribunusllle
3151 5375 3252 5437 est,
3287 5380 3362 5437 cui
3379 5368 3601 5437 innixus
3627 5380 3719 5416 rex
3754 5367 3959 5437 istac-lis

2363 5429 2583 5485 Eli'szeum
2624 5429 2907 5496 prophetam
2948 5432 3094 5496 adiit,
3134 5429 3248 5477 dum
3287 5430 3595 5496 obsideretur
3631 5432 3862 5496 Samaria,
3899 5441 3956 5484 et

2363 5467 2789 5547 "{Hte'éu'éift
2827 5506 3027 5551 omnes;
3048 5467 3130 5540 vde
3168 5504 3266 5553 quo
3302 5491 3476 5539 dicitur
3795 5467 3832 5538 ξ
3891 5467 3960 5546 ,ξ

2365 5573 2532 5621 ὀπυιρὶοη
2592 5571 2799 5621 spec-trime,
2818 5567 2869 5621 ις’
2893 5566 2930 5603 ὃν
2950 5566 2970 5604 ὁ
2999 5566 3160 5621 institue
3196 5565 3450 5610 iucundum,
3534 5552 3960 5621 respondit__tribu~

2366 5613 2557 5670 nus'cui
2579 5613 2668 5668 rea:
2688 5613 2994 5666 innitebatur.
3029 5616 3255 5675 nimirum
3286 5626 3396 5664 cum
3431 5613 3627 5663 Eliszeus
3661 5614 3960 5675 praediceret

2366 5686 2659 5744 insequente
2692 5680 2771 5727 die
2809 5676 2911 5725 fure
2942 5687 3106 5744 rerum
3140 5674 3820 5744 alimentorumquegipiam,
3847 5686 3960 5744 post,

2369 5737 2547 5794 tanta'm
2585 5741 2788 5798 famem;
2814 5753 2922 5788 cum
2957 5739 3038 5786 ille
3068 5751 3124 5787 se
3146 5740 3283 5800 dictis
3305 5737 3558 5800 pmpheta:
3578 5738 3724 5788 fidem
3747 5737 3959 5788 nouita-

2369 5807 2492 5854 here
2533 5803 2899 5858 testificaretur,
2934 5800 3180 5862 rOSpondit
3219 5799 3441 5857 Elismus,
3489 5807 3554 5848 Tu
3588 5800 3770 5854 videbis
3802 5800 3966 5853 oculis

2371 5867 2480 5932 tuis,
2505 5873 2549 5916 et
2582 5879 2673 5916 non
2696 5863 2939 5922 qustui'is;
2969 5863 3012 5911 id
3037 5864 3162 5925 quod
3191 5864 3336 5912 etiam
3360 5863 3544 5914 evenit.
