4218 6490
730 437 836 498 333

725 562 950 627 δύναμις
970 573 1044 610 πα
1053 553 1469 628 ραδοξοποιοῦσα
1488 559 1772 629 ἀμφότερα
1788 559 1937 613 είασε
1960 560 2083 630 μένε
2092 574 2158 612 ιν.
2175 558 2300 611 Τοι-

724 644 879 698 οῦτον
918 641 970 695 δέ
996 659 1049 694 τι
1071 642 1369 713 παράδοξον
1388 642 1481 696 καὶ
1498 643 1619 696 τότε
1642 643 1940 698 συνέδαινε.
1958 644 2047 707 Ὧς
2064 642 2174 715 πῦρ
2194 643 2303 714 γάρ

723 727 1050 797 ἐπέδραμον,
1070 725 1146 787 ὡς
1166 723 1414 794 μέλισσαι
1440 726 1577 795 μετά
1596 725 1902 798 προθυμίας
1924 727 2196 791 ἐπέθεντο,
2217 726 2303 778 ἐν-

722 807 811 862 δον
839 804 981 877 εἶχον
1002 806 1427 878 ἀπειλημμένον,
1453 809 1545 862 καὶ
1563 809 1713 862 οὐδὲν
1733 810 1955 879 ποιῆσαι
1976 807 2302 880 ίσχυσαν.Τδ

722 891 831 960 γάρ
853 891 1011 943 ὅπλον
1030 890 1089 944 :6
1110 890 1423 964 ἀχείρωτον,
1447 893 1480 962 ή
1501 893 1784 962 συμμαχία
1803 894 1836 963 ἡ
1858 892 2298 964 ἁκαταμάχητος,

720 973 814 1026 τοῦ
854 973 987 1027 Θεοῦ
1022 974 1082 1027 :6
1118 975 1285 1042 ὄνομα
1320 976 1526 1037 πάντας
1544 976 1737 1039 αὐτοὺς
1760 975 2301 1048 ἀπήλασεν.Ὠσθείς

722 1058 1070 1125 ἀνετράπην
1110 1060 1215 1113 τοῦ
1250 1058 1478 1121 πεσεῖν,
1499 1060 1599 1115 καὶ
1641 1062 1673 1113 ό
1711 1061 1923 1127 Κύριος
1943 1057 2301 1114 ἀντελάϐετό

716 1159 853 1211 μου.
873 1138 1003 1194 Εἷπε
1023 1141 1083 1195 :6
1105 1142 1331 1211 μέγεθος
1344 1142 1453 1195 τῶν
1470 1141 1673 1206 δεινῶν,
1690 1143 1797 1196 ἀπὸ
1812 1143 1903 1197 τοῦ
1922 1142 2176 1210 πλήθους,
2192 1143 2299 1195 ἀπὸ

720 1223 816 1275 τοῦ
848 1225 1143 1295 σχήματος,
1165 1225 1272 1278 ἀπὸ
1291 1226 1390 1295 τῆς
1411 1227 1739 1298 προθυμίας,
1761 1226 1867 1279 ἀπὸ
1884 1226 1983 1295 τῆς
2001 1226 2171 1297 ὀργῆς
2190 1226 2300 1279 τῶν

721 1308 984 1361 ἐπιόντων
1007 1324 1020 1337 ⁸
1060 1308 1205 1375 λέγει
1244 1312 1338 1363 καὶ
1376 1311 1469 1379 ἀφ’
1490 1304 1564 1363 ὧν
1597 1310 1757 1375 αὐτὸς
1776 1311 1996 1367 ἔπαθεν.
2018 1311 2172 1364 υῦτω
2195 1328 2297 1381 μου

720 1389 1061 1461 ἐπεκράτησε
1080 1392 1150 1444 τὰ
1168 1392 1335 1451 δεινὰ.
1360 1394 1545 1463 φησὶν,
1567 1392 1641 1455 ῶς
1662 1394 1755 1447 καὶ
1778 1392 1974 1465 μικροῦ
2002 1394 2168 1462 ἐγγὺς
2202 1410 2296 1461 γε-

721 1472 907 1526 νέσθαι
929 1472 1021 1527 τοῦ
1045 1479 1228 1528 πεσεῖν
1250 1476 1342 1529 καὶ
1362 1476 1936 1545 κατενεχθῆναι.οὖτω
1956 1477 2060 1547 γάρ
2076 1476 2297 1547 ἀνετρά·

718 1574 827 1627 πην
847 1556 1062 1623 ὠσθεὶς,
1082 1557 1158 1622 ὡς
1193 1560 1408 1629 μέλλειν
1441 1561 1804 1621 καταπίπτειν
1824 1576 1835 1588 ³
1861 1560 1975 1614 ἀλλ’
1995 1562 2081 1613 ὅτε
2109 1560 2293 1615 λοιπὸν

716 1639 941 1709 ἔμελλον
979 1642 1073 1695 ἐπὶ
1110 1641 1239 1708 γόνυ
1279 1642 1558 1713 φέρεσθαι,
1581 1644 1674 1697 καὶ
1694 1644 2110 1701 κατακλίνεσθαι
2129 1657 2177 1709 ι,
2200 1645 2295 1697 καὶ

718 1723 898 1786 πάντα
951 1725 1267 1792 ἀπέγνωστο
1300 1726 1368 1783 τά
1404 1725 1716 1798 ἀνθρώπινα
1738 1768 1752 1792 ,
1799 1728 1923 1781 τότε
1960 1728 2060 1798 τὴν
2098 1726 2291 1781 ἑαυτοῦ

719 1807 1038 1878 συμμαχίαν
1057 1808 1385 1875 ἐπεδείξατο.
1412 1810 1562 1873 Ποιεῖ
1592 1810 1648 1862 δὲ
1682 1810 1838 1865 τοῦτο
1857 1813 1885 1864 6
1903 1810 2054 1874 Θεὸς,
2077 1811 2161 1863 ῖνα
2184 1828 2289 1881 μη-

714 1887 827 1954 δεὶς
861 1888 959 1959 τὴν
1001 1892 1193 1945 ἑαυτοῦ
1229 1892 1383 1956 δόξαν
1424 1892 1760 1965 νοσφίζηται.
1793 1892 1962 1947 Τοῦτο
1992 1894 2085 1947 καὶ
2122 1894 2181 1946 ἐν
2223 1897 2287 1966 τῇ

718 1972 929 2045 ἱστορίᾳ
946 1974 1054 2027 τῶν
1076 1973 1289 2043 Κριτῶν
1310 1977 1401 2029 ἐπὶ
1419 1976 1511 2029 :06
1531 1976 1736 2030 Γεδεὼν
1757 1976 1999 2045 ἐποίησε.
2016 1977 2113 2031 Διά
2133 1978 2290 2032 τοῦτο

714 2057 814 2115 καὶ
832 2056 924 2108 ἐπὶ
956 2056 1049 2110 τοῦ
1082 2058 1343 2122 Ἐζεκίου,
1365 2060 1554 2123 νυκτὸς
1571 2058 1758 2131 οὔσης,
1780 2060 1840 2113 τὸ
1856 2062 2113 2131 τρόπαιον
2132 2062 2289 2132 ἔστη-ι

716 2154 827 2190 σεν.
850 2139 913 2191 Εἰ
945 2140 1054 2213 γὰρ
1089 2141 1185 2195 καὶ
1219 2142 1382 2213 μηδὲν
1411 2143 1735 2207 συντελέσας
1752 2145 1831 2207 είς
1848 2144 1948 2214 τὴν
1966 2145 2121 2215 νίκην
2141 2146 2285 2198 ἐκεῖ·

713 2239 803 2284 νος
824 2223 1027 2277 καὶτὸν
1049 2225 1298 2298 πόλεμον,
1318 2227 1467 2298 ὅμως
1498 2228 1775 2300 ἀπενοήθη
1794 2244 1809 2259 ο
1831 2231 1880 2282 εί
1912 2229 2158 2301 παρέστη
2193 2229 2289 2299 μό-

713 2322 803 2359 νον
837 2307 906 2379 τῇ
942 2308 1266 2377 παρατάξει,
1288 2312 1335 2363 εί
1372 2310 1667 2376 πίπτοντας
1687 2308 1794 2365 εἶδε
1812 2314 1938 2375 τοὺς
1954 2312 2286 2383 ἀναιρουμέ-

711 2404 856 2453 νους,
885 2390 985 2443 οὐκ
1024 2389 1090 2443 ἂν
1135 2393 1394 2461 μειζόνως
1432 2392 1589 2447 τοῦτο
1625 2394 1860 2461 ἔπαθενς
1904 2396 2071 2450 Ὅταν
2108 2397 2287 2449 τοίνυν

710 2473 1038 2546 ἀπογνωσθῇ
1060 2473 1119 2541 ἐξ
1137 2474 1483 2548 ἀνθρωπίνης
1500 2478 1711 2542 ἐλπίδος
1728 2479 1796 2533 :6
1816 2479 2135 2549 πράγματα,
2166 2480 2286 2534 τότε

711 2556 905 2625 ἐπάγει
925 2557 1023 2628 τήν
1043 2560 1172 2629 παρ’
1193 2560 1387 2614 ἑαυτοῦ
1407 2562 1740 2632 συμμαχίαν.
1766 2563 1934 2617 Τοῦτο
1961 2568 2053 2617 καὶ
2077 2566 2167 2619 ἐπὶ
2190 2566 2284 2620 τοῦ

717 2640 905 2693 Γολιάθ
926 2642 1148 2713 ἐποίησε
1166 2659 1177 2671 ·
1200 2643 1356 2697 τοῦτο
1375 2645 1468 2698 καὶ
1490 2647 1582 2699 ἐπὶ
1602 2648 1708 2699 τῶν
1728 2649 2057 2703 ἀποστόλων.
2082 2650 2173 2703 Διὸ
2193 2652 2285 2704 καὶ

710 2726 739 2777 6
776 2724 985 2788 Παῦλος
1018 2726 1236 2794 ἔλεγεν·
1271 2727 1631 2782 Ἀλλάῠτοὶρ
1654 2730 1725 2782 ἐν
1761 2730 1997 2797 ἑαυτοῖς
2032 2732 2097 2786 τὸ
2135 2733 2284 2787 ἀπό-

707 2824 886 2877 κριμα
916 2808 1021 2861 τοῦ
1054 2807 1313 2863 θανάτου
1332 2810 1699 2880 ἐσχήκαμεν,
1720 2814 1819 2866 ἵνα
1838 2813 1919 2882 μὴ
1939 2818 2286 2883 πεποιθότες

706 2886 864 2959 ὦμεν
896 2889 988 2960 ἐφ’
1019 2890 1273 2957 ἑαυτοῖς,
1305 2892 1445 2946 ἀλλ’
1476 2893 1574 2947 ἐπὶ
1610 2893 1692 2959 τῷ
1729 2895 1851 2961 Θεῷ
1885 2896 1967 2961 τῷ
2000 2897 2287 2966 ἐγείροντι

706 2974 850 3039 τοὺς
870 2976 1143 3042 νεκρούς.
1162 2974 1356 3044 Ἰσχύς
1370 2994 1510 3044 μου,
1531 2978 1629 3031 καὶ
1660 2978 1923 3047 ὕμνησίς
1944 2998 2063 3049 μου
2104 2983 2137 3034 ό
2169 2982 2287 3035 Κύ-

706 3073 853 3122 ριος.
876 3056 974 3110 καὶ
1003 3057 1241 3125 ἐγένετό
1250 3076 1353 3126 μοι
1368 3060 1450 3124 είς
1473 3061 1791 3128 σωτηρίαν.
1826 3061 1969 3115 Ὦσεὶ
1990 3062 2163 3132 ἐλεγεο
2185 3063 2287 3117 Δύ-

706 3138 869 3209 ναμίς
891 3157 993 3210 μου
1013 3140 1174 3205 αὑτὸς
1195 3143 1409 3210 ἐγένετο
1428 3144 1520 3197 καὶ
1541 3143 1780 3215 βοήθεια.
1804 3144 1869 3196 Τί
1888 3144 1943 3197 δέ
1962 3146 2109 3199 ἐστιν
2127 3147 2156 3199 6
2176 3164 2283 3217 φη-

708 3223 1108 3293 σιν,Ὓμνησίς
1120 3242 1265 3293 μου;
1298 3226 1361 3278 'H
1380 3226 1504 3292 δόξα
1525 3244 1649 3297 μου,
1669 3230 1698 3281 6
1718 3224 1866 3291 αῒνός
1888 3246 2011 3299 μου,
2033 3231 2061 3281 6
2080 3230 2283 3302 κόσμος

710 3323 835 3377 μου,
856 3309 890 3379 ή
926 3309 1252 3379 περιφάνειά
1294 3327 1415 3379 μου.
1436 3309 1513 3364 Ού
1534 3308 1643 3383 γὰρ
1660 3310 1723 3384 δὴ
1756 3311 1915 3381 μόνον
1950 3312 2282 3370 ἀπαλλάττει

706 3389 816 3443 τῶν
856 3390 1137 3455 κινδύνων,
1159 3391 1294 3444 ἀλλά
1328 3392 1423 3445 καὶ
1453 3392 1739 3464 λαμπροὺς
1772 3398 1917 3448 ποιεῖ
1934 3396 2028 3449 καὶ
2050 3416 2285 3469 περιφα-

706 3476 818 3536 νεῖς
838 3490 853 3504 ·
876 3475 971 3528 καὶ
1003 3475 1276 3545 πανταχοῦ
1310 3474 1469 3529 τοῦτο
1501 3476 1647 3530 ἐστιν
1682 3477 1829 3540 ίδεῖν,
1855 3479 1992 3548 μετά
2010 3480 2167 3551 δόξης
2183 3483 2284 3555 τήν

708 3557 981 3629 σωτηρίαν
1000 3556 1301 3628 διδομένην.
1322 3560 1429 3611 Καὶ
1447 3558 1633 3631 ἕτερον
1652 3559 1707 3613 δέ
1727 3577 1777 3613 τι
1797 3561 1887 3615 διά
1906 3562 2093 3617 τούτου
2114 3566 2285 3619 αἰνίτ-

705 3656 878 3693 τεται.
902 3640 1057 3693 Ποῖον
1075 3640 1339 3706 δὲτοῦτος
1381 3642 1502 3695 Ὅτι
1523 3640 1683 3696 τοῦτό
1719 3660 1830 3713 μοι,
1854 3647 2006 3714 φησὶ,
2029 3646 2283 3719 διηνεκὴς

704 3721 832 3793 ᾠδὴ,
856 3720 1013 3775 τοῦτό
1052 3740 1142 3794 μοι
1178 3723 1429 3796 διηνεκὴς
1467 3724 1877 3796 φωνὴ,όῦμνος
1916 3729 1944 3781 6
1981 3730 2059 3792 είς
2097 3730 2280 3799 αὑτὸν,

702 3805 863 3859 τοῦτό
885 3824 973 3877 μοι
995 3806 1174 3877 ἔργον,
1195 3807 1459 3879 διηνεκῶς
1478 3808 1641 3862 αὑτὸν
1662 3811 1939 3879 ἀνυμνείν.

774 3891 834 3946 δ’.
882 3892 1249 3946 Ἀκουέτωσαν
1287 3894 1337 3946 οί
1381 3894 1500 3955 ταῖς
1534 3896 1853 3957 σατανικαῖς
1886 3895 2047 3965 ᾠδαῖς
2087 3914 2283 3951 κατασ.

701 3978 963 4049 ηπόμενοι
972 3978 1103 4039 ,οιαν
1116 3977 1441 4048 ὑπομένουσι
1454 3976 1831 4049 βλάϐην,ποίας
1842 3979 1885 4034 δ’
1896 3979 1961 4034 ἂν
1972 3982 2061 4035 καὶ
2072 3984 2282 4055 τύχοιεν

705 4061 1058 4131 συγγνώμης,
1078 4061 1269 4115 τούτου
1303 4062 1568 4131 διηνεκῶς
1605 4062 1695 4116 τὸν
1728 4064 1949 4135 σωτῆρα
1981 4066 2281 4138 ἀνυμνοῦν·

699 4162 795 4209 τος
817 4147 866 4210 δ,
888 4149 1083 4211 ἐκεῖνοι
1122 4138 1386 4216 διηνεκῶς
1424 4150 1481 4199 ἐν
1519 4150 1641 4211 ταῖς
1676 4146 1785 4200 τῶν
1814 4148 2081 4220 δαιμόνων
2114 4152 2280 4222 ᾠδαῖς

701 4232 1193 4303 ἐγκαλινδούμενοι.
1218 4232 1390 4297 Φωνὴ
1422 4231 1839 4301 ἀγαλλιάσεως
1869 4234 1966 4287 καί
1986 4240 2281 4305 σωτηρίας

699 4316 770 4369 ἐν
806 4315 1058 4385 σκηναῖς
1096 4315 1534 4383 δικαίων.⁶’οταν
1556 4316 1663 4387 γάρ
1681 4318 1709 4367 6
1730 4316 1861 4379 Θεὸς
1880 4319 2197 4390 κατορθώσῃ
2218 4321 2280 4373 :6

703 4401 834 4461 πᾶν,
855 4399 903 4451 οί
924 4399 1021 4468 τῆς
1043 4398 1199 4469 νίκης
1218 4398 1579 4461 ἀπολαύοντες
1598 4399 2171 4471 χαίρουσι,ισκιρτῶσι,
2199 4402 2278 4455 διο

703 4483 809 4555 πλῇ
825 4482 988 4549 γαννύ
997 4499 1145 4552 μενοι
1155 4524 1168 4545 ,
1186 4481 1278 4535 καὶ
1290 4481 1366 4551 τῷ
1381 4482 1641 4551 σωθῆναι.
1655 4480 1902 4554 καὶ[323]
1915 4484 2090 4554 τῷδιά
2100 4487 2234 4539 Θεοῦ
2250 4497 2272 4526 ε

704 4560 963 4637 σωθῆναι.
988 4565 1158 4633 Τοῦτο
1196 4567 1425 4617 ποιεῖται
1462 4563 1823 4634 εὐφροσύνην,
1858 4566 1886 4617 6
1922 4567 1983 4620 :6
2020 4569 2276 4640 τρόπαιον

704 4650 924 4719 στήσας.
948 4646 1079 4703 Εἶτα
1112 4648 1325 4711 δεικνὺς
1344 4648 1434 4701 καὶ
1455 4651 1554 4719 τῆς
1573 4649 1887 4719 συμμαχίας
1905 4650 2006 4721 τῆς
2024 4653 2277 4725 τοιαύτης

698 4734 797 4804 τὴν
826 4733 1100 4803 ἀφορμήν,
1120 4732 1397 4801 ἐπήγαγεν
1413 4749 1426 4761 °
1462 4733 1565 4785 ἐν
1599 4733 1856 4801 σκηναῖς
1874 4732 2139 4789 δικαίων.
2163 4739 2276 4791 Ούκ

698 4813 869 4874 εἶπεν,
888 4816 977 4868 Ἐν
994 4815 1213 4879 οίκίαις,
1231 4814 1365 4878 ἀλλ’,
1386 4816 1485 4869 Ἐν
1502 4815 1776 4881 σκηναῖς,
1792 4815 1851 4869 τὸ
1863 4816 2275 4889 ἐσχεδιασμένον

697 4901 794 4969 τῆς
816 4900 1081 4970 οἰκήσεως
1098 4897 1275 4950 αὐτῶν
1299 4901 1643 4969 παραστῆσαι
1670 4900 2009 4970 βουλόμενος.
2036 4903 2271 4972 Τοιαύτη

694 4979 762 5054 ἦν
784 4985 816 5053 ἡ
840 4981 1010 5053 σκηνὴ
1031 4981 1123 5033 τοῦ
1149 4981 1415 5051 Ἀϐραὰμ,
1433 4982 1521 5034 ὅτε
1550 4982 1839 5055 ἐπανῆλθε,
1855 4984 1964 5038 τῶν
1981 4987 2273 5059 βαρϐάρων

698 5066 1134 5137 περιγενόμενος,
1157 5065 1404 5135 λαμπρὸς
1436 5067 1544 5119 ἀπὸ
1581 5066 1688 5120 τῶν
1718 5068 2161 5140 κατορθωμάτων
2181 5089 2273 5141 γε-

694 5149 885 5218 γονώς.
910 5149 1143 5219 Τοιαύτη
1176 5145 1242 5221 ἦν
1280 5151 1312 5221 ή
1352 5150 1524 5221 σκηνὴ
1554 5149 1648 5203 τοῦ
1681 5152 1917 5218 Παύλου,
1938 5155 2025 5207 ὅτε
2048 5156 2271 5227 ἐπανῄει

693 5235 801 5308 τῶν
837 5233 1103 5303 δαιμόνων
1139 5233 1576 5303 περιγενόμενος,
1597 5234 1691 5287 καλ⁵
1723 5236 1821 5306 τὴν
1860 5237 2067 5308 πλάνην
2101 5258 2269 5295 κατα-

692 5316 968 5383 λύων,καὶ
996 5317 1065 5370 τά
1102 5316 1496 5386 κατορθώματα
1527 5317 1900 5389 διηγούμενος.
1939 5324 2113 5385 Δεξιὰ
2151 5329 2268 5379 Κυ-

693 5402 825 5469 ρίου
865 5400 1115 5467 ἐποίησε
1156 5398 1432 5467 δύναμιν,
1460 5400 1627 5465 δεξιὰ
1656 5403 1879 5470 Κυρίου
1926 5404 2133 5473 ὕψωσέ
2170 5426 2264 5479 με.

755 5508 782 5536 ⁸
829 5505 979 5554 Savil.
1030 5507 1108 5552 καὶ
1148 5504 1401 5569 κλίνεσθαν
1440 5506 1527 5554 sed
1570 5504 1619 5555 in
1652 5505 1873 5569 margine
1906 5512 2266 5563 κατακλίνεσθαι

693 5574 828 5616 notat
860 5575 910 5615 ut
942 5570 1145 5616 aueram
1172 5567 1453 5616 lectionem.

755 5628 783 5668 ιι
805 5628 955 5677 Savil.
976 5630 1056 5677 τὸν
1080 5636 1275 5693 σωτῆρα
1299 5628 1570 5689 ὑμνοῦντος,
1597 5636 1650 5678 εἰ
1667 5629 1792 5679 infra
1816 5629 1945 5681 idem
1972 5634 2267 5694 ἐγκυλινδούο

693 5706 821 5745 μενοι
837 5727 849 5738 .

757 5754 778 5783 ο
807 5753 958 5800 Savil.
990 5754 1039 5815 ir!
1061 5766 1212 5811 marg.
1240 5754 1444 5815 alterum
1485 5751 1746 5802 lectionem
1772 5756 1932 5815 διΐστη,
1952 5760 2031 5806 καὶ
2057 5775 2140 5806 του
2164 5776 2264 5807 σω-

690 5818 843 5868 θῆναι,
867 5815 944 5859 καιί
962 5813 1045 5859 τοῦ
1066 5823 1142 5864 δια
1165 5814 1307 5872 Θεοῦ,
1332 5825 1426 5865 elc.
1457 5816 1561 5863 Ibid
1624 5817 1773 5865 Savil.
1798 5813 1939 5867 τοῦτο
1959 5821 2161 5869 ποιεῖται
2186 5822 2262 5869 εὑ-

698 5876 944 5931 εςοσύνῃν.
972 5873 1141 5924 Ἀρνεί.
1168 5875 1311 5924 τοῦτο
1332 5878 1556 5933 ποιεῖτὴν
1582 5879 1883 5939 εὐφροσύνην.

1456 441 1515 498 S.
1556 438 1839 499 JOANNIS
1866 439 2362 499 CHRYSOSTOMI
2397 440 2717 499 ARCHIEP.
2756 441 3311 501 CONSTANTINOP.

3558 424 3603 453 κ
3875 442 3979 497 55:

2415 559 2555 630 Ὅρα
2592 561 2695 630 τῆς
2730 560 3103 630 ἀγαλλιάσεως
3138 559 3235 631 τήν
3268 556 3541 612 ὑπόθεσιν.
3566 554 3736 613 Τοῦτο
3766 558 3868 627 γάρ
3886 559 3983 615 καὶ

2410 645 2503 699 νῦν
2544 646 2712 715 λέγει,
2736 648 2870 717 ὅπερ
2908 645 3215 718 ἔμπροσθεν
3248 644 3421 712 ἔλεγε,
3455 643 3667 706 δεικνὺς
3704 643 3827 695 δτιὸ
3849 643 3983 705 Θεὸς

2406 729 2583 784 ταῦτα
2621 730 3003 802 κατώρθωσεν.
3029 730 3213 801 Ὀρᾷς,
3249 729 3349 781 οὐκ
3389 728 3444 780 ἐν
3460 726 3487 767 ά
3512 725 3795 796 ἀπαλλαγῇ
3822 727 3985 797 μόνον

2406 812 2515 864 τῶν
2534 813 2742 879 δεινῶν,
2764 813 2899 867 ἀλλά
2918 813 3012 867 καὶ
3031 816 3089 867 ἐν
3112 812 3300 883 κτήσει
3319 810 3673 882 περιφανείας
3693 809 3981 882 γινομένη-ι

2407 894 2573 947 αὑτοῦ
2611 896 2710 966 τὴν
2750 896 3095 967 εὐεργεσίαν·
3151 892 3337 949 Είπὼν
3372 893 3509 964 γάρ’
3549 892 3724 957 Δεειὰ
3759 893 3982 960 Κυρίου

2406 978 2658 1046 ἐποίησε
2688 979 2966 1048 δύναμιν,
2988 977 3270 1049 ἐπήγαγε·
3303 974 3479 1041 Δεξιά
3517 975 3738 1044 Κυρίου
3771 974 3983 1043 ὒψωσέ

2401 1078 2499 1130 με,
2524 1062 2613 1115 ἵνα
2646 1060 2744 1132 τήν
2776 1060 2925 1130 αὑτῷ
2950 1072 2975 1099 ⁸
2994 1062 3292 1130 γενομένην
3311 1057 3467 1122 δόξαν
3486 1055 3722 1127 δηλώσῃ.
3746 1056 3819 1110 Τδ
3838 1053 3945 1127 γάρ
3960 1095 3979 1122 ,

2408 1144 2645 1212 ’Υψωσέ
2660 1160 2758 1214 με,
2779 1144 2900 1197 ἀντὶ
2934 1142 3050 1211 τοῦ,
3093 1143 3361 1208 ἐδόξασεν,
3387 1140 3553 1194 ἐστίν.
3577 1140 3652 1193 Οὐ
3672 1140 3783 1211 γάρ
3823 1139 3981 1210 μόνον

2403 1226 2663 1291 δυνατοὺς
2685 1226 2957 1297 ἐποίησεν,
2976 1223 3113 1287 ἀλλά
3133 1226 3227 1277 καὶ
3244 1224 3507 1289 ἐνδόξους.

2477 1314 2597 1364 Οὐκ
2619 1310 3051 1379 ἀποθανοῦμαι,
3074 1307 3235 1364 6.1.16
3266 1305 3536 1377 ζῆσομαι,
3569 1306 3670 1361 καί
3693 1305 3978 1375 διηγήσο-

2395 1410 2503 1460 μαι
2539 1394 2613 1447 τὰ
2646 1394 2791 1481 ἔργα
2820 1392 3145 1481 {129100.21
3182 1392 3280 1481 μὲν
3300 1388 3979 1481 19:6uv0:,?:161166va:0v

2400 1476 2675 1544 ήπείλουν·
2700 1475 2811 1545 ἐγὼ
2827 1474 2909 1540 δὲ,
2930 1476 3051 1528 Οὐκ
3061 1468 3501 1541 ἷίποθανοῦμαι,
3522 1473 3683 1527 6.1.26
3702 1468 3977 1541 ζήσομαι.

2399 1559 2679 1623 Τουτέστι,
2699 1558 2920 1631 τοιαύτη
2942 1560 2976 1629 ή
2992 1557 3088 1612 τοῦ
3115 1556 3386 1610 Δεσπότου
3422 1554 3864 1629 παραδοξοποιία,
3892 1556 3979 1608 6::

2400 1642 2495 1695 καὶ
2517 1642 2577 1707 ἐξ
2596 1643 2776 1696 αὐτῶν
2796 1644 3013 1715 ῆρπασε
3032 1641 3139 1695 τῶν
3159 1639 3426 1705 θανάτων,
3445 1641 3541 1696 καὶ
3559 1640 3666 1713 1:96
3701 1641 3800 1709 τῆς
3839 1641 3982 1693 Και-

2398 1726 2496 1793 νῆς
2529 1728 2585 1781 ὲν
2626 1729 2734 1790 τοῖς
2768 1725 3089 1799 παραδόξοις
3110 1724 3375 1789 κινδύνοις
3391 1727 3491 1795 τῆς
3511 1723 3858 1787 ἀναστάσεως
3874 1724 3979 1795 τήν

2396 1810 2581 1863 εἰκόνα
2626 1808 3285 1881 προδιαγράφων.”Εδωκε
3316 1808 3426 1879 γὰρ
3456 1810 3589 1879 ήμῖν
3610 1808 3703 1862 καὶ⁵
3722 1806 3780 1873 ἐξ
3799 1807 3978 1878 ἀρχῆς

2396 1894 2541 1961 αἱνίγ
2547 1910 2711 1963 ματα,
2724 1894 2813 1947 ὅτε
2832 1893 2923 1947 τὸν
2944 1891 3114 1963 Ἑνὼχ
3136 1892 3482 1963 μετέστησεν.
3499 1892 3539 1945 Ε
3547 1893 3563 1945 ί
3580 1890 3688 1963 γὰρ
3704 1892 3976 1955 ἀπιστεῖς,

2394 1977 2475 2029 6::
2509 1978 2567 2030 ού
2602 1978 2827 2033 δυνατὸν
2846 1979 3195 2048 διαναστῆναι
3217 1977 3238 2016 ί
3265 1975 3515 2048 σώματα,
3537 1976 3647 2031 ἀπὺ
3664 1975 3856 2030 τούτου
3876 1975 3973 2029 πίρ

2396 2078 2572 2113 στευε.
2596 2059 2720 2123 Πῶς
2757 2060 2865 2135 γάρ
2900 2062 3129 2132 ῆρκεσεν
3149 2062 3229 2123 είς
3248 2062 3434 2132 χρόνον
3463 2058 3717 2114 τοσοῦτον
3735 2058 3795 2113 τὸ
3815 2058 3981 2130 σῶμα

2394 2146 2567 2197 ἐκεῖνο
2584 2160 2599 2208 ;
2616 2145 2693 2199 Ούη
2705 2144 2815 2215 γάρ
2830 2145 2977 2198 ἐστιν
2997 2143 3109 2199 ῐσον
3126 2144 3303 2198 οίκίαν
3319 2143 3720 2215 διεφθαρμένην
3731 2143 3973 2213 ἀναστῆο

2397 2245 2507 2293 σαι,
2531 2230 2626 2282 καὶ
2662 2229 2762 2298 τήν
2801 2228 3007 2299 σαθρὰν
3042 2228 3138 2281 καὶ
3171 2226 3407 2281 παλαιάν
3424 2223 3590 2282 οὖσαν
3608 2226 3973 2305 διακρατῆσαι

2393 2314 2486 2365 ἐπὶ
2518 2312 2707 2382 χρόνον
2741 2310 3011 2365 τοσοῦτον.
3040 2312 3152 2367 Οὐκ
3182 2312 3382 2374 ἐννοεῖς
3399 2311 3481 2365 6::
3500 2311 3600 2364 οὐκ
3617 2310 3749 2364 δντα
3778 2310 3973 2381 ἐποίη-

2395 2413 2519 2461 σεν;
2559 2396 2768 2451 Οὐκοῦν
2795 2396 2975 2467 πολλῷ
2999 2396 3197 2466 μᾶλλον
3215 2395 3516 2466 ἀναστῆσαι
3533 2394 3985 2466 δύναταιπΕχεις

2393 2480 2489 2533 καὶ⁵
2524 2480 2713 2551 ἑτέραν
2748 2481 2931 2533 είκόνα
2946 2480 3047 2549 τῆς
3077 2478 3443 2542 ἀναστάσεως,
3481 2477 3625 2546 λέγω
3658 2476 3759 2548 τὴν
3788 2477 3972 2531 Ἡλίου

2392 2564 2673 2634 ἁρπαγήν,
2692 2563 2751 2627 δς
2785 2563 2996 2616 οὐδέπω
3035 2562 3129 2627 καὶ
3163 2563 3403 2633 τήμερον
3422 2560 3763 2630 ἐτελεύτησε.
3784 2562 3974 2616 Πάντα

2393 2646 2552 2717 ῥᾴδια
2592 2647 2685 2701 καὶ
2720 2644 2921 2699 εὔκολα
2952 2643 3031 2716 τῷ
3064 2644 3203 2715 Θεῷ.
3231 2646 3353 2699 Οὐκ
3390 2643 3777 2710 ἀδυνατήσει,
3812 2644 3975 2714 φησὶ,

2390 2728 2553 2798 παρὰ
2585 2727 2666 2794 τῷ
2704 2727 2826 2795 Θεῷ
2861 2727 2984 2784 πᾶν
3010 2727 3193 2797 ῥῆμα.
3217 2728 3327 2783 Καὶ
3362 2729 3390 2780 6
3421 2727 3745 2799 Προφήτηςο
3766 2726 3973 2784 Πάντα

2392 2811 2508 2865 ὅσα
2534 2812 2859 2879 ἠθέλησεν,
2878 2812 3188 2879 ἐποίησεν.
3211 2812 3323 2882 Ούχ
3340 2812 3472 2882 ὁρᾷς
3507 2811 3589 2864 6::
3630 2812 3723 2864 καὶ
3745 2811 3825 2865 σοὶ
3842 2809 3979 2865 δύσ-

2392 2896 2523 2949 κολα
2561 2898 2629 2949 τά
2659 2896 2754 2950 τοῦ
2788 2896 3037 2959 τέκτονος
3070 2894 3240 2967 ἐργας
3280 2894 3418 2948 Ἀλλ’
3452 2895 3601 2967 ὅμως
3622 2896 3975 2965 παραχωρεῖς

2390 2981 2658 3052 τῇτέχνῃ.
2682 2973 2815 3032 Εἶτα
2851 2981 2917 3049 τῇ
2933 3045 2946 3059 ⁸
2960 2978 3059 3048 μὲν
3095 2976 3377 3031 συνδούλου
3395 2976 3561 3049 τέχνῃ
3580 2977 3925 3059 παραχωρεῖς
3951 2992 3970 3006 ·

2389 3061 2484 3114 τοῦ
2503 3062 2560 3114 δὲ
2580 3062 2852 3115 Δεσπότου
2872 3058 2971 3131 τήν
2993 3061 3187 3129 σοφίαν
3205 3059 3436 3123 εὐθύνας
3454 3062 3707 3123 ἀπαιτεῖς
3723 3067 3773 3121 ι,
3796 3058 3888 3112 καὶ
3902 3060 3975 3113 οὐ

2390 3144 2662 3217 καταδέχῃ
2699 3146 2765 3215 τῇ
2808 3145 2988 3198 πίστει
3029 3144 3085 3197 τὸ
3124 3144 3440 3214 γινόμενον;
3478 3143 3587 3197 Καὶ
3606 3143 3781 3215 πόσης
3796 3142 3977 3197 ταῦτα

2390 3228 2514 3294 ἀξια
2552 3229 2766 3293 ἀνοίας;
2808 3230 2931 3283 Οὐκ
2963 3226 3397 3299 ἀποθανοῦμαι,
3417 3226 3578 3282 ἀλλὰ
3610 3224 3878 3297 ζήσομαι.
3903 3228 3981 3282 Εἰ

2387 3328 2469 3374 τις
2486 3312 2580 3365 καὶ
2595 3312 2738 3365 κατὰ
2755 3311 3044 3381 ἀναγωγήν
3058 3310 3279 3365 ἐκλάσοι
3289 3310 3348 3363 :6
3363 3309 3673 3380 εἰρημένον,
3684 3310 3782 3387 οὐχ
3796 3311 3981 3380 ἀμαρ-

2388 3396 2635 3464 τήσεται,
2656 3393 2720 3445 Εί
2752 3394 2863 3462 γὰρ
2894 3394 3132 3463 καὶπερὶ
3154 3393 3251 3463 τῆς
3273 3393 3623 3463 ἀναστάσεως
3642 3392 3799 3445 τοῦτο
3817 3394 3975 3464 εῖρη-

2388 3494 2479 3530 ται
2510 3476 2604 3547 (τὸ
2623 3476 2753 3549 γάρ,
2792 3478 2914 3530 Οὐκ
2934 3476 3367 3545 ἀποθανοῦμαι,
3389 3474 3678 3548 δηλοῦντος
3696 3476 3864 3538 ἐστιν,
3883 3475 3979 3530 ὅτι

2389 3560 2510 3613 ούδέ
2520 3562 2548 3613 6
2562 3560 2788 3623 θάνατος
2804 3559 3077 3629 θάνατος),
3090 3559 3202 3613 ἀλλ’
3218 3559 3311 3631 [52
3319 3558 3367 3632 4]
3379 3560 3527 3630 ὅμως
3541 3561 3634 3613 καὶ
3648 3560 3769 3614 καθ’
3782 3558 3971 3631 ἕτερον

2387 3644 2589 3714 τρόπον
2634 3646 2845 3697 νοεῖται.
2873 3645 2994 3698 Οὐκ
3033 3642 3445 3712 ἀποθανοῦμαι
3482 3642 3625 3715 γάρ,
3668 3642 3835 3715 φησὶ,
3872 3641 3972 3696 τὸν

2388 3727 2572 3797 ἕτερον
2595 3725 2844 3791 θάνατον,
2864 3726 2923 3781 δν
2943 3727 3037 3780 καὶ
3060 3729 3088 3778 6
3107 3727 3339 3798 Χριστὸς
3359 3726 3724 3796 αἰνιττόμενος
3745 3726 3927 3794 ἔλεγεν
3949 3742 3967 3757 ο
4062 3724 4069 3727 Α

2401 3810 2454 3862 '0
2492 3810 2792 3863 πιστεύων
2826 3811 2912 3875 εἰς
2947 3809 3074 3878 ἐμὲ,
3111 3808 3228 3863 κᾶν
3256 3809 3550 3878 ἆποθάνῃ,
3573 3807 3843 3874 ζήσεταισ
3865 3808 3970 3863 καὶ

2387 3891 2507 3960 πᾶς
2543 3897 2577 3948 ό
2612 3892 2725 3955 ζῶν
2758 3893 2855 3947 καί
2888 3894 3189 3947 πιστεύων
3214 3895 3302 3959 εις
3320 3891 3444 3962 ἐμὲ,
3472 3894 3546 3947 οὐ
3559 3891 3646 3961 μὴ
3666 3892 3975 3963 ἀποθάνῃ.

2387 3978 2499 4031 Καὶ
2546 3975 2905 4048 διηγήσομαι
2939 3976 3012 4030 τὰ
3052 3977 3196 4046 ἔργα
3234 3976 3478 4044 Κυρίου.
3519 3975 3689 4032 Τοῦτο
3730 3978 3967 4048 μάλιστα

2388 4058 2523 4129 ζωὴ,
2544 4059 2604 4113 :6
2622 4064 2720 4115 καὶ
2739 4061 2899 4119 αὐτὸν
2920 4062 3110 4121 αίνεῖν,
3132 4059 3225 4114 καὶ
3244 4060 3325 4123 είς
3344 4059 3590 4123 ἅπαντας
3620 4059 3967 4129 ἐξαγγέλλειν

2386 4142 2456 4196 τὰ
2496 4143 2748 4213 θαύματα
2787 4143 2974 4199 αὑτοῦ.
3010 4145 3146 4197 Ποῖα
3185 4143 3355 4215 ἐργας
3392 4144 3516 4196 είπέ
3558 4161 3668 4214 μοι.
3708 4144 3889 4215 Ταῦτα
3925 4146 3967 4201 ἃ

2389 4226 2571 4295 μέλλει
2604 4202 2914 4297 ’διηγεῖσθαι
2937 4269 2953 4294 ,
2990 4202 3592 4295 ἐπάγων”’11ιιιδεύωελ⁹
3639 4202 3967 4284 ἐπαίδευσε

2380 4327 2456 4378 με
2475 4315 2506 4364 ό
2528 4312 2762 4379 Κύριος,
2783 4312 2881 4368 καί
2915 4311 2997 4378 τῷ
3030 4310 3263 4378 θανάτῳ
3279 4313 3352 4366 οὐ
3373 4310 3679 4380 παρέδωκέ
3689 4330 3786 4381 με.
3809 4308 3966 4377 Εἶδες

2384 4394 2483 4462 τὴν
2527 4393 3018 4463 παραδοξοποιίαν;
3057 4390 3198 4458 εἶδες
3231 4394 3295 4448 :6
3334 4396 3633 4466 χρήσιμον;
3675 4396 3750 4449 Ού
3769 4396 3878 4467 γάρ
3895 4396 3961 4469 δὴ

2387 4476 2547 4546 μόνον
2583 4477 2663 4530 ὅτι
2706 4477 2994 4549 ἀπηλλάγη
3032 4480 3364 4549 εὐχαριστεῖ.
3386 4480 3501 4533 ἀλλ’
3519 4480 3601 4533 6::
3624 4481 3718 4533 καὶ
3737 4480 3963 4535 ἐνέπεσε

2383 4562 2542 4633 χάριν
2579 4557 2685 4615 οῐδε
2727 4563 3013 4633 μεγίστην,
3035 4564 3129 4615 καὶ
3148 4562 3296 4630 λέγει
3322 4562 3383 4616 :6
3415 4559 3605 4632 κέρδος
3638 4564 3731 4618 τοῦ
3767 4580 3961 4633 πειρα-

2384 4644 2543 4713 σμοῦ.
2568 4645 2727 4698 Ποῖον
2745 4644 2808 4716 δὴ
2827 4645 2985 4699 τοῦτο
3002 4662 3017 4710 ;
3040 4645 3342 4700 Παιδεύων
3359 4645 3685 4701 ἐπαίδευσέ
3699 4664 3776 4716 με
3793 4650 3827 4701 ό
3849 4649 3962 4702 Κύ-

2374 4746 2525 4795 ριος,
2548 4727 2700 4799 φησί.
2736 4729 2907 4783 Τοῦτο
2942 4729 3049 4782 τῶν
3070 4728 3329 4782 κινδύνων
3346 4728 3405 4781 :6
3426 4731 3712 4800 χρήσιμον,
3734 4730 3815 4783 ὅτι
3838 4729 3959 4801 βελ-

2381 4812 2527 4865 τίονα
2549 4812 2861 4883 είργάσατο.
2883 4806 3037 4876 Εἶδες
3057 4812 3395 4885 ἑκατέρωθεν
3410 4812 3576 4866 αὐτοῦ
3594 4814 3692 4885 τὴν
3707 4813 3958 4884 δύναμιν⁹

2380 4895 2474 4959 καὶ
2512 4894 2608 4967 τὴν
2648 4895 2993 4965 κηδεμονίαν,
3029 4897 3125 4949 καὶ⁸
3158 4896 3220 4948 :6
3262 4896 3478 4965 ἀφεῖναι
3516 4895 3956 4967 ἐναποληφθῆναι

2378 4981 2490 5042 τοῖς
2528 4978 2719 5043 δεινοῖς
2736 4980 2785 5041 b,
2810 4979 2982 5032 καὶτὸ
3004 4979 3165 5032 πάλιν
3186 4977 3489 5044 ἀπαλλάξαι
3510 4996 3525 5044 ;
3554 4978 3637 5044 Τῷ
3654 4978 3762 5052 γὰρ
3780 4980 3957 5034 θανά-

2378 5062 2475 5126 τῴ,
2498 5065 2680 5133 φησὶν.
2702 5066 2775 5117 οὐ
2806 5063 3112 5130 παρέδωκέ
3147 5080 3243 5134 με.
3265 5064 3374 5116 Καὶ
3400 5062 3579 5128 καλῶς
3600 5060 3752 5117 εἶπεν
3774 5064 3956 5135 ἕτερος

2379 5147 2715 5219 ἑρμηνευτής
2737 5165 2747 5176 ·
2778 5148 2861 5211 Τῷ
2880 5147 2947 5199 δὲ
2966 5146 3197 5211 θανάτῳ
3216 5151 3326 5203 οὐκ
3345 5148 3529 5204 ἔδωκέ
3544 5165 3640 5219 με,
3660 5150 3748 5202 ἵνα
3781 5148 3953 5219 δηλῶ-

2438 5327 2464 5367 d
2492 5331 2557 5379 Ita
2576 5330 2727 5379 Savil.
2750 5330 2817 5380 Al
2840 5330 3010 5393 Morel:
3039 5331 3150 5393 δρᾷς
3173 5330 3246 5378 ὅτι
3269 5329 3357 5379 οὐκ
3379 5329 3445 5377 ἐν.

2437 5404 2461 5432 ε
2492 5394 2641 5441 SaviL
2668 5395 2744 5440 ἵνα
2763 5393 2847 5448 τὴν
2871 5389 3036 5441 αὐτοῦ.

2442 5454 2462 5492 ί
2492 5456 2642 5503 Savil.
2664 5456 2745 5502 καὶ
2769 5455 2807 5499 εἰ
2828 5454 3056 5513 ἀπιστεῖς,
3083 5454 3155 5501 δτι
3176 5452 3231 5501 οὗ
3270 5452 3465 5501 δυνατὸν
3502 5453 3777 5511 ἀναστῆναι.
3825 5452 3946 5504 Infra

2372 5517 2529 5587 δειξὶ]Ζ
2548 5517 2699 5587 οἰκίαν
2724 5514 2829 5578 [μή]
2858 5514 3287 5587 διεφθαρμένην..1η
3310 5514 3481 5586 Mqrel.
3519 5516 3581 5576 μή
3604 5516 3765 5563 deest.

2438 5580 2463 5617 8
2489 5578 2657 5625 Morel.
2683 5575 3005 5639 προαπαιτεῖς.
3024 5575 3183 5625 δονὶΙ.
3207 5575 3436 5639 ἀπαιτεῖς.

2433 5641 2461 5677 Ιι
2497 5639 2703 5700 ’Δφεῖναι
2725 5636 2993 5701 περιπεσεῖν
3014 5639 3113 5693 τοῖς
3132 5638 3297 5701 δεινοῖς
3320 5638 3439 5701 Reg.
3466 5636 3573 5685 Mox
3603 5646 3714 5698 post
3734 5639 3946 5687 ἀπαλλά-

2372 5702 2443 5755 ξαι
2466 5699 2596 5749 addit
2620 5702 2667 5746 in
2695 5699 2848 5762 marg.
2870 5699 3018 5747 Savil.
3042 5702 3122 5747 καὶ
3142 5700 3299 5753 καλῶς
3322 5699 3451 5762 εἶπεν
3474 5701 3629 5762 ἕτερος
3648 5702 3943 5762 ἑρμηνευτής,

2371 5777 2426 5811 ac
2449 5765 2487 5811 si
2516 5763 2597 5810 illa
2624 5760 2927 5820 verba,iqum
2951 5770 3245 5821 seqmmlur,
3285 5760 3353 5821 τῷ
3374 5762 3462 5822 γὰρ
3485 5760 3773 5823 θανάτῳόὐκ
3799 5760 3943 5809 ἔδωκέ

2372 5841 2445 5884 με,
2475 5826 2571 5871 sin:
2596 5825 2803 5870 alterius
2828 5824 3137 5883 interpretis,
3162 5836 3255 5868 nun
3280 5824 3629 5879 (lhrysosmmi.
3652 5826 3750 5872 Sed
3780 5832 3941 5873 lenus

2373 5887 2540 5934 :l:'liL‘ll
2565 5887 2613 5933 in
2640 5886 2790 5933 δδνιι.
2820 5884 3050 5947 beneque
3075 5884 3224 5933 habet
3254 5885 3301 5932 in
3346 5884 3514 5936 Morel.
