4218 6422
329 419 437 478 5'53

330 539 670 605 superantes,
700 526 943 601 permisit
960 530 1017 580 nl
1039 531 1263 593 utraque
1283 527 1584 577 manerent.
1607 510 1925 586 Huiusmodi

332 640 546 698 quoque
574 632 701 679 tunc
736 619 927 678 accidit
949 617 1290 677 miraculum.
1321 611 1473 668 Sicut
1500 609 1635 681 ignis
1659 608 1804 664 enim
1832 621 1928 664 ac-

330 717 640 780 correbant,
671 700 809 769 sicut
835 724 966 780 apes
983 723 1106 763 cum
1144 700 1336 777 magna
1360 702 1522 758 animi
1547 701 1825 757 alacritate
1850 700 1933 754 in-

330 812 618 873 vadebant,
644 807 786 861 intus
804 805 1153 874 interceptum
1181 799 1455 858 tenebant.
1478 811 1580 852 nec
1601 792 1801 866 aliquid
1832 807 1930 864 po-

333 912 548 960 tuerunt
575 900 770 956 facere.
811 899 973 953 Arma
998 895 1141 952 enim
1170 892 1386 958 invicta,
1419 888 1679 944 auxilium
1707 887 1933 958 inexpu-

329 995 564 1068 gnabile,
592 991 686 1046 Dei
709 1005 901 1046 nomen
924 988 1068 1057 ipsos
1081 997 1270 1041 omnes
1291 981 1510 1051 expulit.
1531 980 1618 1035 15.
1643 977 1928 1048 Impulsus,

330 1105 533 1146 eversus
554 1102 669 1141 sum
695 1093 751 1138 ut
778 1081 1030 1147 caderem,
1058 1089 1104 1135 et
1129 1077 1381 1133 Dominus
1417 1075 1638 1143 suscepit
1661 1089 1762 1141 me.
1795 1071 1936 1127 Dixit

332 1180 599 1235 malorum
630 1171 1044 1245 magnitudinem
1074 1185 1104 1225 a
1142 1167 1517 1233 multitudine,
1552 1181 1585 1221 a
1628 1165 1829 1235 ﬁgura,
1865 1163 1934 1218 ab

331 1270 498 1326 animi
527 1267 822 1326 alacritate,
852 1263 922 1320 ab
965 1262 1045 1318 ira
1091 1275 1278 1317 eorum
1328 1258 1422 1330 qui
1465 1256 1725 1312 invadunt
1758 1274 1772 1311 :
1804 1253 1934 1310 dicit

328 1362 494 1418 etiam
525 1351 594 1415 ab
616 1359 682 1413 iis
709 1373 828 1427 quae
853 1357 969 1428 ipse
992 1369 1180 1424 passus
1202 1362 1305 1408 est.
1332 1353 1426 1415 Ita,
1458 1351 1650 1424 inquit.
1679 1363 1767 1404 me
1794 1349 1934 1403 mala

331 1452 520 1506 adorta
551 1457 698 1515 sunt,
731 1457 788 1502 ut
825 1461 1015 1517 parum
1049 1442 1300 1504 abfuerit.
1328 1441 1454 1513 quin
1483 1440 1732 1512 caderem
1755 1449 1811 1494 et
1832 1438 1936 1494 de-

333 1531 603 1599 turbarer.
636 1539 900 1611 lmpulsus
925 1537 1091 1604 enim,
1139 1537 1210 1591 ita
1254 1534 1332 1590 fui
1380 1549 1618 1598 eversus,
1650 1543 1710 1588 ut
1758 1546 1935 1589 essem

332 1637 496 1694 etiam
527 1650 787 1690 casurus:
817 1632 912 1689 sed
941 1647 1064 1687 cum
1101 1631 1212 1701 jam
1241 1645 1416 1685 essem
1457 1630 1508 1682 in
1537 1643 1713 1700 genua
1755 1627 1936 1698 lapsu-

330 1742 450 1792 rus,
477 1736 533 1782 et
558 1725 864 1791 inclinarer,
907 1731 962 1778 et
995 1738 1177 1778 rerum
1223 1721 1578 1777 humanarum
1617 1719 1765 1775 nulla
1790 1726 1936 1773 esset

335 1834 460 1890 spes
490 1817 694 1882 relicta,
724 1826 848 1870 tunc
871 1829 1027 1870 suum
1054 1812 1292 1869 ostendit
1313 1812 1592 1892 auxilium.
1620 1809 1735 1866 Hoc
1755 1818 1936 1865 autem

334 1910 465 1966 facit
500 1910 674 1975 Deus,
705 1922 774 1965 ne
807 1906 946 1963 ullus
983 1906 1100 1975 eius
1129 1905 1229 1961 sibi
1270 1904 1495 1976 gloriam
1537 1902 1788 1960 vindicet.
1823 1901 1936 1958 Hoc

334 2003 499 2059 etiam
529 2002 582 2056 in
609 2000 827 2060 historia
849 1997 1093 2056 Iudicum
1125 1996 1249 2053 fecit
1274 1997 1328 2051 in
1355 1993 1822 2068 Gedeone(Judic.
1853 1993 1933 2064 7).

337 2094 630 2164 PrOpterea
657 2099 912 2162 regnante
937 2089 1402 2162 quoque‘Ezechia
1427 2088 1605 2143 erexit
1640 2095 1801 2143 noctu
1827 2096 1938 2142 tro-

337 2200 512 2255 preum
542 2183 622 2254 (4.
657 2182 782 2254 Reg.
810 2182 894 2238 19.
924 2179 1035 2255 55).
1060 2180 1115 2236 Si
1140 2183 1284 2238 enim
1316 2181 1408 2236 ille
1434 2195 1556 2234 cum
1587 2177 1721 2234 nihil
1747 2177 1814 2234 ad
1849 2177 1935 2242 vi-

336 2285 586 2338 ctoriam,
610 2275 745 2330 nihil
771 2275 835 2329 ad
869 2276 1064 2331 bellum
1099 2259 1432 2339 contulisset,
1463 2273 1725 2344 superbus
1755 2283 1935 2328 tamen

336 2376 393 2422 et
417 2381 677 2437 arrogans
701 2365 873 2420 factus
901 2375 984 2420 est
1013 2382 1028 2418 :
1066 2365 1110 2420 si
1138 2366 1321 2436 praelia
1349 2373 1554 2420 tantum
1583 2364 1933 2428 interfuisset,

337 2459 382 2513 si
425 2458 680 2514 cadentes
714 2457 934 2512 vidisset
972 2472 1066 2514 eos
1107 2457 1197 2528 qui
1250 2457 1721 2524 interﬁciebantur,
1753 2457 1937 2513 anno’n

338 2551 442 2606 hoc
465 2551 517 2606 ei
564 2550 735 2604 multo
762 2551 928 2620 magis
964 2549 1291 2623 accidisset?
1331 2549 1560 2618 Quando
1585 2540 1715 2620 ergo
1743 2547 1812 2602 ab
1839 2548 1938 2606 hu-

337 2660 496 2700 mana
522 2657 619 2715 spe
649 2659 738 2699 res
763 2655 885 2708 sunt
914 2643 1225 2712 deploratae,
1259 2658 1413 2698 suum
1442 2652 1568 2696 tunc
1597 2641 1752 2697 affert
1777 2640 1930 2695 auxi-

341 2736 493 2793 lium.
528 2734 642 2791 Hoc
683 2734 810 2789 fecit
851 2736 904 2790 in
940 2733 1154 2791 Goliath
1195 2736 1273 2804 (1.
1307 2732 1436 2806 Reg.
1471 2735 1561 2804 17)
1591 2752 1604 2785 :
1640 2733 1743 2790 hoc
1768 2733 1933 2790 etiam

338 2829 463 2882 fecit
489 2827 541 2882 in
568 2827 844 2897 apostolis.
871 2827 940 2882 Et
981 2826 1102 2882 ideo
1133 2828 1343 2883 dicebat
1364 2810 1560 2885 Paulus
1585 2847 1598 2882 :
1622 2828 1731 2884 Sed
1755 2812 1856 2899 ipsi
1882 2829 1936 2882 in

337 2917 608 2989 nobisipsis
644 2934 939 2988 responsum
964 2921 1143 2984 mortis
1175 2919 1446 2974 habuimus
1475 2920 1575 2989 (ᾳ),
1599 2930 1656 2974 ut
1682 2938 1786 2975 non
1815 2936 1937 2974 eon-

333 3008 615 3081 ﬁderemus
631 3011 688 3065 in
716 3009 1001 3082 nobisipsis,
1036 3012 1126 3072 sed
1153 3013 1206 3066 in
1234 3009 1346 3067 Deo
1382 3011 1470 3083 qui
1495 3013 1683 3066 excitat
1711 3023 1937 3067 mortuos

338 3102 419 3173 (2.
452 3100 572 3157 Cor.
605 3104 656 3157 1.
689 3102 770 3175 9).
796 3103 884 3158 14.
916 3101 1190 3158 Fortitudo
1228 3120 1361 3169 mea,
1391 3113 1439 3159 et
1469 3103 1582 3160 laus
1622 3121 1734 3158 mea
1759 3101 1940 3160 Domi-

338 3213 456 3260 nus.
482 3203 530 3248 et
558 3197 726 3266 factus
749 3204 822 3249 est
842 3194 971 3248 mihi
993 3196 1048 3250 in
1085 3195 1320 3251 salutem.
1363 3195 1525 3266 Quasi
1552 3195 1778 3262 diceret,
1815 3196 1937 3253 Fuit

338 3284 470 3342 Inibi
519 3286 634 3354 ipse
670 3287 837 3342 virtus
862 3293 917 3342 et
944 3287 1223 3344 auxilium.
1268 3287 1405 3358 Quid
1450 3297 1534 3344 est
1570 3295 1749 3346 autem
1795 3291 1938 3363 quod

336 3377 497 3446 dicit,
550 3377 686 3433 Laus
732 3379 882 3433 utea?
921 3375 1100 3435 Gloria
1144 3383 1302 3446 me’a,
1357 3380 1755 3437 commendatio
1793 3398 1933 3450 mea,

337 3469 504 3525 decus
530 3485 731 3535 meum,
756 3485 908 3526 meus
944 3470 1232 3541 splendor-
1251 3471 1366 3530 Non
1388 3473 1562 3528 solum
1583 3473 1725 3528 enim
1748 3475 1939 3530 liberat

337 3577 368 3617 a
399 3563 668 3633 periculis,
707 3561 800 3617 sed
825 3563 1000 3618 claros
1021 3564 1188 3619 etiam
1214 3563 1340 3621 facit
1365 3575 1420 3621 et
1457 3565 1727 3636 illustres;
1754 3577 1810 3624 et
1837 3568 1940 3623 hoc

337 3655 538 3726 ubique
565 3654 730 3711 videri
761 3665 956 3726 potest,
981 3655 1099 3713 dari
1127 3673 1250 3713 cum
1277 3659 1444 3728 gloria
1469 3660 1721 3718 salutem.
1769 3660 1938 3717 Porro

336 3745 481 3802 aliud
509 3763 723 3818 quoque
758 3764 853 3817 per
879 3749 979 3803 hoc
1007 3750 1236 3806 obscure
1275 3752 1624 3824 signiﬁcatur.
1654 3753 1936 3822 Quodnam

338 3839 482 3904 hoc?
507 3839 619 3895 lloc
637 3851 740 3902 est.
768 3839 957 3912 inquit,
986 3841 1117 3898 mihi
1147 3854 1462 3914 perpetuum
1489 3845 1756 3902 canticum
1774 3887 1791 3914 ,
1838 3848 1942 3904 hoc

337 3941 423 3985 est
452 3921 584 3986 mihi
611 3947 712 3986 vox
757 3942 1048 4004 perpetua,
1099 3935 1332 4008 hymnus
1360 3939 1449 4009 qui
1493 3937 1562 3995 de
1604 3955 1672 4010 eo
1708 3941 1938 4010 canitur,

339 4021 443 4078 hoc
470 4033 553 4077 est
579 4022 706 4078 mihi
739 4023 1054 4095 perpetuum
1095 4044 1308 4093 munus,
1334 4045 1458 4086 eum
1485 4013 1724 4088 laudare.

407 4115 464 4170 4.
512 4116 746 4171 Autliant
792 4118 882 4190 qui
935 4121 1188 4175 satanicis
1227 4124 1450 4179 canticis
1480 4131 1935 4196 corrumpuntur,

333 4215 595 4276 quantum
625 4208 806 4264 damni
851 4209 1354 4282 faciant,quantum
1399 4213 1507 4271 sint
1535 4216 1734 4288 indigni
1762 4220 1938 4288 venia,

337 4314 483 4364 cum,
517 4299 623 4354 isto
662 4310 990 4359 servatorem
1023 4307 1595 4375 perpetuo-laudante,
1626 4312 1701 4366 illi
1733 4311 1786 4367 in
1829 4313 1942 4368 da:-

336 4405 559 4446 monum
583 4393 805 4450 canticis
836 4406 1094 4465 perpetuo
1117 4399 1439 4455 volutentur.
1469 4402 1555 4456 15.
1589 4401 1699 4457 Vox
1717 4406 1943 4459 exsulta-

337 4483 492 4538 tionis
521 4495 569 4538 et
596 4487 774 4542 salutis
802 4488 854 4561 in
889 4489 1228 4546 tabernaculis
1243 4493 1521 4563 justorum.
1549 4494 1774 4564 Quando
1794 4499 1939 4552 enim

338 4593 429 4634 res
460 4579 708 4635 universa
738 4597 766 4634 a
792 4582 902 4636 Deo
924 4585 1184 4652 prmclare
1203 4595 1353 4654 gesta
1378 4586 1567 4643 fuerit:
1596 4589 1684 4659 qui
1719 4591 1940 4646 victoria

339 4669 609 4737 fruuntur,
631 4672 884 4740 gaudent,
911 4676 1197 4741 exsultant,
1215 4678 1412 4748 duplici
1439 4681 1621 4736 lzetitia
1649 4680 1847 4750 allecti,
1877 4692 1932 4739 et

335 4762 481 4830 quod
511 4763 712 4820 servati
741 4776 882 4831 sunt,
905 4769 1119 4838 etquod
1151 4787 1246 4839 per
1263 4772 1436 4828 Deum
1462 4776 1684 4846 servati.
1716 4775 1941 4833 Latitiae

337 4855 418 4912 ris
440 4872 600 4913 causa
645 4870 724 4915 est
772 4863 838 4930 is,
866 4864 958 4934 qui
1004 4875 1263 4935 tropteum
1292 4870 1482 4924 erexit.
1515 4870 1719 4927 Deinde
1758 4883 1944 4929 osten-

337 4949 473 5006 dens
501 4950 757 5021 quidnam
797 4971 920 5010 eum
944 4957 1217 5027 impulerit
1249 4961 1314 5016 ad
1346 4961 1449 5017 hoc
1483 4963 1763 5019 ferendum
1793 4967 1947 5022 anxio

339 5044 494 5110 lium,
517 5047 814 5117 subjunxit,
851 5049 914 5104 In
941 5052 1279 5110 tabernaculis
1309 5057 1582 5127 justorum.
1625 5057 1741 5114 Non
1787 5059 1939 5127 dixit,

342 5136 399 5192 In
448 5139 720 5210 domibus,
749 5144 879 5210 sed,
914 5143 982 5198 In
1026 5147 1396 5215 tabernaculis,
1425 5151 1613 5209 volens
1655 5155 1945 5212 ostendere

346 5237 767 5306 extemporalem
799 5249 1038 5308 paratam
1072 5240 1477 5298 habitationem.
1525 5245 1656 5301 Tale
1702 5257 1816 5302 erat
1861 5257 1944 5304 la-

345 5325 693 5384 bernacnlum
730 5331 981 5401 Abrahar,
1007 5334 1223 5404 quando
1255 5335 1484 5404 redibat,
1515 5340 1781 5408 superatis
1806 5343 1946 5412 regi-

350 5419 470 5485 bus,
519 5436 764 5490 magnam
808 5439 875 5478 ex
913 5423 1076 5481 rebus
1105 5427 1269 5495 gestis
1314 5428 1538 5498 gloriam
1580 5442 1945 5502 consequutus

343 5510 502 5578 (Gen.
536 5514 622 5570 H.
647 5515 766 5586 16).
793 5516 920 5573 Tale
949 5527 1067 5573 erat
1103 5519 1250 5576 Pauli
1285 5521 1708 5590 tabernaculum,
1730 5525 1945 5596 quando

344 5606 726 5662 revertebatur
747 5614 1009 5678 superatis
1031 5601 1386 5677 daemonibus,
1415 5631 1654 5670 errorem
1678 5617 1746 5672 de
1767 5619 1946 5675 medio

347 5701 576 5765 tollens,
608 5711 662 5753 et
686 5703 936 5768 praeclara
989 5706 1232 5763 referens
1288 5707 1547 5762 facinora.
1600 5709 1687 5764 16.
1720 5709 1945 5766 Dextera

404 5833 481 5906 (et)
515 5835 600 5907 _tt_ie
635 5835 769 5888 locus
808 5841 1130 5907 exilieabitur
1171 5847 1218 5894 in
1258 5843 1473 5893 Homiliis
1514 5846 1561 5894 in
1585 5846 1848 5896 secundam
1889 5847 1948 5896 ad

339 5897 638 5949 “minimos.
666 5905 853 5957 eatndc
879 5906 1005 5958 illius
1028 5909 1941 5974 signiﬁcationequidamdigladiantur.

1453 397 1818 460 EXPOSITIO
1855 394 1926 454 IN
1961 393 2288 454 PSALMUM
2316 396 2527 456 CXVII.

3539 403 3648 459 3.“

2037 510 2248 568 Domini
2267 515 2384 588 fecit
2397 516 2647 583 uirtutem,
2667 512 2875 574 dextera
2901 514 3112 570 Domini
3138 515 3374 572 mltaoit
3410 517 3654 588 me.Vide

2038 605 2376 662 occasionem
2398 606 2794 688 exsultationis.
2827 606 2971 663 Idem
2994 607 3138 663 enim
3161 623 3305 676 tione
3331 587 3480 675 dicit,
3505 609 3650 680 quod

2038 706 2197 754 antea
2219 697 2454 768 dicebat,
2483 699 2777 756 ostendens
2817 699 2936 756 hanc
2959 715 2991 756 a
3022 700 3133 755 Deo
3161 698 3329 765 fuisse
3365 711 3537 772 gesta.
3563 699 3654 756 νῆ.

2039 791 2136 848 des
2161 807 2269 847 non
2310 792 2574 849 solum.in
2604 792 2924 848 liberatione
2967 808 2996 848 a
3043 785 3230 857 malis,
3277 791 3375 848 sed
3401 782 3651 848 etiamin

2039 883 2394 954 acquisitioue
2423 885 2611 955 gloriae
2640 892 2695 939 et
2728 883 3034 954 splendoris
3077 885 3379 940 consistere
3402 887 3521 955 ejus
3552 885 3651 940 be-

2044 975 2341 1033 neﬁcium?
2372 976 2504 1033 Cum
2536 978 2681 1034 enim
2730 976 2956 1035 dixisset
2985 965 3264 1035 {Dextera
3307 977 3513 1035 Domini
3533 978 3654 1048 fecit

2040 1068 2300 1132 uirtutem,
2330 1069 2630 1137 subjunxit,
2670 1067 2898 1130 Dextera
2927 1069 3142 1125 Domini
3172 1072 3418 1125 exaltabit
3460 1088 3560 1135 me,
3583 1077 3648 1124 ut

2041 1161 2355 1217 ostenderet
2405 1157 2630 1230 gloriam
2669 1175 2789 1230 quae
2814 1159 2883 1222 ad
2923 1175 2982 1220 se
3011 1167 3354 1236 pervenerat.
3387 1157 3658 1217 Excitavit

2051 1253 2185 1307 enim
2227 1269 2343 1317 me,
2391 1251 2695 1324 significat,
2725 1252 2809 1308 Me
2859 1253 3026 1323 gloria
3072 1251 3270 1307 aﬂ‘eeit.
3319 1250 3440 1308 Non
3474 1251 3650 1309 solum

2042 1345 2186 1409 enim
2215 1343 2345 1403 fecit
2373 1354 2642 1416 potentes,
2666 1345 2760 1404 sed
2790 1346 2950 1400 etiam
2981 1344 3158 1401 claros
3179 1355 3234 1400 et
3263 1345 3520 1404 illustres.

2119 1437 2528 1500 Resurrectionis
2554 1439 2761 1510 imago;
2793 1437 3086 1493 tentationis
3113 1448 3161 1497 et
3190 1437 3541 1508 castigationis
3567 1438 3653 1494 lu-

2041 1546 2207 1584 crum.
2224 1559 2297 1570 —
2326 1529 2416 1586 17.
2453 1527 2579 1586 Non
2621 1530 2842 1600 moriar,
2872 1528 2962 1584 sed
2978 1530 3164 1594 vivam,
3187 1538 3236 1585 et
3254 1530 3474 1584 narrabo
3495 1546 3653 1600 opera

2043 1620 2274 1680 Domini.
2329 1621 2570 1686 Pericula
2618 1621 2836 1693 quidem
2863 1663 2879 1688 ,
2948 1623 3156 1693 inquit,
3198 1632 3430 1680 mortem
3476 1623 3652 1680 mina-

2040 1713 2238 1778 bantur
2265 1731 2279 1768 :
2309 1727 2411 1784 ego
2437 1721 2616 1779 autem
2651 1711 2773 1783 Non
2805 1714 3019 1779 moriar,
3049 1714 3140 1770 sed
3165 1715 3352 1770 vivam.
3387 1713 3503 1770 Hoc
3545 1725 3650 1780 est,

2045 1807 2176 1862 Tam
2203 1792 2396 1877 magna
2426 1817 2482 1874 et
2524 1805 2861 1863 admirabilia
2891 1807 3018 1876 fecit
3049 1807 3313 1865 Dominus
3339 1849 3355 1870 .
3388 1815 3448 1862 nt
3474 1807 3558 1862 vel
3585 1807 3655 1863 ab

2043 1899 2158 1969 ipsa
2203 1909 2377 1968 morte
2399 1899 2658 1969 eripuerit
2682 1938 2698 1963 ,
2727 1899 2890 1966 etiam
2926 1907 3054 1965 ante
3093 1899 3301 1955 Novum
3333 1898 3655 1962 Testamen-

2045 2002 2158 2047 tum
2211 1993 2266 2062 in
2317 1992 2570 2061 periculis
2623 1991 2936 2062 opinionem
2967 2007 3185 2054 omnem
3235 1992 3653 2062 superantibus,
3724 1982 3728 1985 λ

2043 2087 2460 2145 resurrectionis
2512 2087 2798 2156 imaginem
2869 2085 3242 2159 praeﬁguraus.
3304 2084 3463 2143 Dedit
3509 2085 3654 2141 enim

2043 2183 2201 2238 nobis
2223 2181 2306 2235 vel
2337 2195 2366 2233 a
2395 2180 2658 2250 principio
2683 2179 2987 2250 aenigmata,
3009 2178 3228 2250 quando
3253 2178 3439 2234 Enoch
3472 2187 3655 2233 trans-

2045 2275 2166 2329 tulit
2197 2273 2216 2346 (
2245 2271 2374 2328 Geta.
2407 2274 2459 2329 5.
2493 2273 2566 2344 9,4
2592 2272 2632 2342 ).
2678 2272 2733 2326 Si
2763 2271 2908 2327 enim
2949 2287 3057 2326 non
3099 2270 3278 2328 credis
3324 2269 3461 2349 ﬁeri.
3492 2284 3656 2340 posse

2047 2355 2107 2422 ut
2131 2381 2359 2436 corpora
2404 2372 2724 2434 resurgant,
2756 2378 2827 2418 ex
2875 2377 2942 2416 eo
2971 2360 3154 2424 crede.
3186 2359 3473 2431 Quomodo
3508 2361 3654 2417 enim

2044 2469 2194 2514 tanto
2236 2469 2484 2529 tempore
2527 2455 2824 2528 permansit
2865 2453 3020 2510 illud
3070 2454 3316 2524 corpus?
3357 2452 3476 2509 Non
3528 2460 3658 2509 sunt

2043 2553 2188 2608 enim
2214 2551 2460 2622 mqualia,
2500 2549 2720 2605 domum
2765 2564 2886 2621 quae
2917 2548 3119 2620 interiit
3148 2558 3204 2605 et
3233 2558 3316 2604 est
3344 2547 3521 2603 diruta
3554 2562 3654 2603 ex-

2043 2648 2251 2702 citare:
2301 2653 2358 2701 et
2403 2656 2640 2700 veterem
2693 2657 2758 2698 ac
2804 2642 3162 2698 collabentem
3209 2651 3361 2696 tanto
3399 2650 3647 2711 tempore

2044 2755 2390 2812 conservare.
2424 2738 2618 2794 Annon
2645 2735 2961 2792 consideras
2987 2751 3111 2790 eum
3135 2735 3284 2795 illum
3314 2733 3534 2799 fecisse,
3556 2733 3654 2804 qui

2046 2847 2152 2886 non
2182 2840 2301 2886 erat
2327 2830 2361 2887 ‘l
2382 2828 2548 2884 Multo
2577 2828 2749 2899 magis
2777 2825 3087 2897 ergoillum
3114 2826 3379 2881 suscitare
3404 2834 3460 2880 et
3491 2823 3655 2880 resti-

2046 2933 2201 2979 tuere
2255 2922 2470 2992 poterit.
2517 2921 2694 2976 Habes
2731 2919 2893 2982 etiam
2939 2918 3100 2974 aliam
3150 2918 3440 2988 imaginem
3473 2933 3657 2972 resur-

2044 3014 2323 3079 rectionis,
2352 3028 2545 3084 nempe
2574 3011 2740 3068 llelizn
2758 3020 2992 3081 raptum,
3018 3011 3108 3080 qui
3133 3025 3232 3074 nec
3253 3010 3306 3063 in
3335 3008 3654 3068 hodiernum

2047 3121 2216 3172 usque
2235 3106 2379 3161 diem
2400 3115 2484 3160 est
2512 3113 2758 3160 mortuus
2788 3103 3028 3175 (L-Reg.
3060 3102 3118 3157 2.
3152 3105 3210 3160 11
3235 3101 3277 3177 ).
3307 3101 3499 3158 Omnia
3531 3112 3659 3158 sunt

2045 3197 2295 3271 expedita
2326 3197 2439 3254 Deo
2462 3206 2517 3253 et
2543 3197 2746 3253 facilia.
2778 3195 2903 3251 Non
2930 3198 3068 3263 erit,
3099 3197 3310 3267 inquit,
3342 3197 3660 3268 impossibile

2043 3289 2189 3359 apud
2215 3288 2382 3344 Deum
2402 3306 2551 3344 omne
2567 3288 2770 3356 verbum
2797 3290 2816 3361 (
2841 3287 2967 3345 Luc.
3000 3289 3053 3344 1.
3093 3289 3164 3354 57
3195 3294 3234 3359 ).
3270 3288 3337 3344 Et
3365 3287 3656 3360 propheta,

2049 3383 2391 3450 Quacumque
2433 3381 2593 3437 uoluit
2617 3423 2632 3449 ,
2671 3383 2790 3455 fecit
2833 3379 2862 3456 Α
2908 3379 3064 3441 Psal.
3099 3381 3222 3436 115.
3272 3381 3362 3437 11.
3391 3380 3428 3436 5
3452 3379 3492 3451 ).
3537 3379 3657 3436 Non

2049 3477 2204 3532 vides
2227 3475 2364 3531 fabri
2404 3487 2570 3546 opera
2604 3489 2725 3530 esse
2755 3473 2852 3530 tibi
2884 3471 3125 3528 difﬁcilia
3155 3473 3179 3528 ?
3220 3471 3315 3527 sed
3349 3477 3529 3527 tamen
3555 3472 3660 3529 arti

2045 3555 2217 3628 cedis.
2261 3569 2409 3625 ltaue
2443 3568 2692 3630 conservi
2714 3567 2931 3638 quidem
2963 3567 3039 3622 tui
3070 3567 3173 3630 arti
3199 3581 3309 3621 non
3353 3567 3611 3622 concedis
3641 3584 3655 3620 :

2045 3677 2077 3717 a
2108 3660 2317 3718 Domini
2338 3669 2516 3716 autem
2548 3659 2810 3728 sapientia
2839 3659 3103 3712 rationem
3132 3657 3326 3728 exigis,
3355 3667 3410 3714 et
3436 3655 3488 3711 id
3512 3658 3656 3727 quod

2048 3753 2106 3810 lit
2138 3753 2242 3810 ﬁde
2268 3767 2375 3808 non
2403 3749 2690 3806 admittis?
2739 3748 2964 3819 Quantae
3009 3757 3137 3803 sunt
3182 3747 3298 3802 haec
3336 3747 3661 3804 dementiae?

2048 3845 2173 3902 Non
2198 3847 2411 3913 moriar,
2440 3843 2532 3902 sed
2557 3845 2744 3899 vivam.
2791 3842 2850 3899 Si
2879 3843 2999 3914 quis
3047 3841 3100 3897 id
3129 3841 3277 3913 quod
3325 3840 3526 3898 dictum
3572 3849 3660 3897 est

2047 3940 2282 3996 voluerit
2331 3938 2495 3995 etiam
2525 3952 2744 3995 sumere
2780 3936 3107 4008 anagogiee,
3140 3952 3248 3991 non
3276 3934 3501 3992 errabit.
3542 3933 3658 3990 Etsi

2049 4032 2152 4087 hoc
2171 4032 2328 4086 enim
2358 4030 2427 4086 de
2453 4028 2856 4086 resurrectione
2881 4027 3085 4083 dictum
3110 4039 3194 4084 est
3229 4027 3248 4097 (
3281 4028 3412 4083 illud
3466 4027 3612 4084 enim
3642 4067 3659 4094 ,

2050 4124 2174 4186 Non
2206 4123 2418 4189 moriar,
2450 4133 2532 4178 est
2570 4121 2926 4192 signiﬁcantis
2968 4129 3197 4176 mortem
3231 4135 3336 4176 non
3363 4135 3486 4177 esse
3513 4135 3664 4175 mor-

2050 4233 2154 4275 tem
2180 4217 2224 4290 ),
2257 4216 2366 4281 alio
2419 4225 2595 4272 tamen
2624 4215 2788 4272 etiam
2821 4213 2982 4269 modo
3031 4213 3368 4284 intelligitur.
3401 4211 3526 4267 Non
3551 4228 3663 4267 mo-

2048 4312 2156 4364 riar
2181 4309 2350 4376 enim,
2382 4308 2588 4380 inquit,
2611 4307 2783 4362 altera
2814 4315 2988 4364 morte
3017 4323 3030 4360 :
3059 4320 3219 4377 quam
3247 4303 3494 4360 Christus
3521 4318 3662 4376 quo-

2048 4417 2154 4472 que
2193 4401 2501 4472 significans
2525 4443 2541 4472 ,
2591 4399 2804 4454 dicebat
2835 4416 2848 4453 :
2883 4397 2981 4466 Qui
3031 4398 3193 4452 credit
3242 4397 3295 4451 in
3335 4413 3435 4461 me,
3466 4396 3659 4468 inquit,

2051 4495 2246 4548 etiamsi
2269 4503 2501 4552 mortuus
2530 4493 2706 4562 fuerit,
2727 4491 2854 4545 vivet
2878 4507 2898 4546 :
2922 4499 2967 4543 et
2998 4490 3162 4544 omnis
3177 4491 3264 4560 qni
3289 4490 3406 4544 vivit
3423 4500 3469 4543 et
3499 4489 3664 4544 credit

2050 4591 2105 4644 in
2132 4605 2213 4643 me
2234 4628 2249 4652 ,
2273 4604 2375 4641 non
2408 4588 2655 4650 morietur
2678 4585 2696 4653 (
2718 4585 2876 4640 Joan.
2909 4585 2998 4640 11.
3029 4583 3123 4639 25.
3152 4583 3225 4639 26
3255 4583 3295 4656 ξ.
3341 4583 3408 4638 Et
3439 4586 3662 4638 narrabo

2050 4702 2204 4757 opera
2235 4683 2462 4739 Domini.
2496 4681 2612 4739 Hoc
2640 4691 2724 4737 est
2749 4682 2981 4736 maxime
3008 4680 3136 4744 vita,
3165 4697 3288 4734 eum
3317 4679 3538 4735 laudare
3558 4720 3575 4745 ,
3606 4689 3664 4735 et

2053 4781 2170 4849 ejus
2198 4777 2456 4833 miracula
2501 4776 2753 4830 omnibus
2781 4772 3120 4828 annuntiare.
3155 4772 3414 4842 Quaenam
3442 4786 3604 4843 opera
3628 4774 3653 4826 2

2051 4871 2161 4939 dic,
2189 4885 2393 4942 qumso.
2425 4869 2500 4925 Ea
2524 4884 2644 4940 qua:
2673 4877 2757 4924 est
2786 4878 3127 4934 narraturus,
3158 4867 3533 4935 subjungcns',
3565 4867 3656 4923 18.

2053 4964 2316 5038 Castigans
2344 4962 2606 5034 castigat-it
2636 4979 2716 5016 me
2746 4959 3017 5025 Dominus,
3052 4971 3100 5014 et
3129 4962 3281 5014 morti
3323 4976 3424 5013 non
3448 4959 3665 5014 tradidit

2056 5075 2156 5112 me.
2191 5055 2381 5112 Vidisti
2409 5070 2568 5123 quam
2597 5051 2932 5108 admirabilia
2963 5052 3194 5105 fecerit?
3224 5050 3404 5105 vidisti
3439 5066 3564 5121 qua:
3591 5066 3660 5106 ex

2053 5148 2134 5205 eis
2159 5148 2369 5217 capitur
2387 5145 2628 5202 utilitas?
2648 5131 2764 5200 Non
2793 5142 2969 5198 solum
2996 5143 3137 5198 enim
3161 5144 3269 5210 agit
3294 5145 3496 5214 gratias
3515 5145 3658 5214 mind

2054 5240 2216 5297 fuerit
2241 5240 2521 5304 liberatus,
2552 5237 2646 5292 scd
2677 5236 2839 5313 etiam
2867 5234 3009 5305 quod
3035 5234 3292 5291 ceciderit
3312 5275 3329 5298 ,
3363 5237 3658 5291 maximum

2056 5333 2297 5406 agnoscit
2325 5333 2648 5389 beneﬁcium
2675 5374 2690 5398 ,
2719 5340 2773 5385 et
2799 5341 3063 5384 memorat
3087 5329 3293 5384 lucrum
3325 5331 3657 5385 tentationis.

2055 5429 2336 5498 Quodnam
2368 5428 2514 5483 hoc?
2539 5426 2804 5497 Castigans
2852 5424 3116 5496 castigavit
3159 5440 3241 5477 me
3269 5464 3285 5487 ,
3317 5424 3520 5493 inquit,
3551 5422 3666 5477 Do-

2057 5526 2244 5576 minus.
2284 5520 2412 5576 Hzrc
2447 5529 2531 5576 est
2558 5519 2761 5573 utilitas
2787 5517 3149 5589 periculorum
3171 5559 3185 5578 ,
3220 5517 3362 5586 quod
3391 5533 3513 5570 cum
3543 5532 3662 5572 mc-

2058 5617 2248 5670 liorem
2307 5615 2552 5671 fecerint.
2618 5612 2809 5668 Vidisti
2883 5611 3134 5679 utrinque
3197 5616 3316 5676 eius
3371 5609 3662 5679 potentiam

2057 5720 2112 5764 et
2177 5706 2551 5763 curationem?
2616 5705 2683 5760 Et
2737 5702 2983 5773 permisit
3032 5712 3090 5758 ut
3151 5701 3656 5770 apprelteuderetnr

2057 5817 2086 5856 a
2116 5802 2291 5862 malis,
2323 5806 2378 5852 et
2405 5814 2529 5855 eum
2551 5796 3023 5853 rursusliberavit.
3056 5794 3221 5848 Morti
3256 5794 3424 5855 enim,
3459 5793 3651 5861 inquit,

2061 5916 2162 5953 non
2230 5893 2440 5948 tradidit
2496 5909 2598 5946 nte.
2659 5891 2726 5946 Et
2772 5902 2917 5948 recte
2984 5891 3119 5946 dixit
3177 5888 3314 5943 alius
3371 5885 3664 5963 interpres,
