4218 6452
122 0 151 23 1..
162 0 1212 25 L‘ZVLWmWﬁ
1219 0 1339 17 ενι-..λιν
1352 0 1437 15 μέν
1448 0 1475 13 ττ-
1488 10 1501 13 ﬁ
1514 0 1533 11 ιι
1556 0 1563 13 r
1586 0 1605 11 2V
1658 0 1687 11 λι
1708 8 1737 11 λμ
1748 10 1755 11 κ
1854 8 1857 11 ι
1888 8 1893 11 μ
1934 6 1947 9 νγ
1984 6 1987 7 ν
2090 6 2097 7 κ

591 536 755 592 Morti
781 542 953 589 utsin
981 545 1081 586 non
1107 526 1243 583 dedit
1280 542 1381 591 me,
1412 531 1472 579 nt
1512 518 1820 577 ostenderet
1845 514 2027 569 omnia
2048 525 2172 567 esse

588 627 691 683 sita
718 625 770 681 in
800 623 918 692 ejus
949 628 1228 692 potestate.
1256 609 1614 683 Quamobrem
1639 607 1905 679 duplicem
1937 604 2174 658 lucratus

592 702 677 773 est
698 716 945 780 salutem,
986 725 1182 781 nempe
1222 705 1590 763 liberationem
1617 717 1648 757 a
1695 699 1875 765 malis,
1899 704 1955 753 et
1981 695 2176 750 libera-

603 808 803 863 tionem
857 820 887 858 a
927 802 1075 858 vitio.
1120 800 1381 869 Quocirca
1429 795 1642 852 dicebat
1694 790 1892 847 Paulus
1936 786 2177 843 scribens

597 896 871 953 Hebreis:
901 892 965 951 Si
990 903 1155 947 autem
1195 899 1340 953 atra
1366 886 1688 957 disciplinam
1723 882 1840 938 satis
1860 923 1873 945 ,
1901 876 2178 938 adulterini

591 1008 713 1061 ergo
731 992 927 1057 estis,et
948 1004 1049 1043 non
1065 988 1159 1057 lilii
1179 983 1334 1055 (Heli.
1350 983 1434 1038 12.
1454 980 1531 1053 8).
1548 980 1636 1036 l9.
1653 975 1992 1049 Aperitemihi
2009 981 2179 1043 portas

593 1084 807 1155 iustitia
830 1099 852 1149 ;
876 1083 1129 1151 ingressus
1154 1078 1207 1131 in
1234 1092 1319 1131 eas
1341 1072 1616 1143 conﬁtebor
1635 1069 1874 1125 Domino.
1899 1066 1966 1120 lis
1987 1064 2075 1136 qui
2098 1078 2181 1118 ca-

596 1174 862 1244 stigantur
884 1171 1052 1243 porta:
1081 1168 1412 1239 aperiuntur,
1435 1166 1502 1220 iis
1522 1164 1611 1234 qui
1639 1169 1853 1232 peccata
1881 1157 2175 1227 deponunt.

674 1263 730 1319 5.
780 1262 887 1329 Qui
931 1259 1265 1330 disciplinam
1320 1254 1594 1325 suscepit,
1634 1258 1811 1319 potest
1850 1246 2181 1305 conﬁdenter

595 1356 776 1413 dicere
807 1372 820 1408 :
851 1354 1057 1425 Aperite
1085 1352 1210 1409 mihi
1231 1362 1404 1424 portas
1414 1349 1656 1423 justitite.
1678 1348 1792 1403 Hoc
1813 1347 2011 1401 dictum
2037 1348 2179 1399 enim

598 1445 914 1503 sumendum
951 1454 1033 1500 est
1073 1444 1397 1515 anagogice,
1443 1451 1500 1497 et
1553 1440 1806 1496 caelorum
1845 1446 2012 1507 portae
2057 1444 2185 1489 sunt

597 1540 957 1611 intelligenda
980 1580 996 1603 ,
1024 1553 1146 1609 que
1196 1543 1322 1593 sunt
1363 1535 1563 1592 clausae
1605 1533 1887 1602 improbis,
1914 1544 2035 1599 qua:
2057 1536 2184 1583 sunt

601 1631 875 1700 pulsanda:
900 1644 997 1700 per
1022 1629 1297 1691 virtutem,
1326 1640 1424 1699 per
1443 1626 1840 1705 eleemosynam
1869 1663 1885 1687 ,
1914 1634 2010 1691 per
2031 1618 2187 1690 justi-

601 1723 754 1776 tiam.
782 1719 877 1775 2ο.
918 1718 1050 1775 Hac
1073 1727 1219 1790 porta
1244 1716 1452 1772 Domini
1477 1733 1498 1781 ;
1531 1715 1661 1788 justi
1687 1713 1943 1769 intrabunt
1971 1712 2026 1766 in
2049 1726 2182 1764 eant.

600 1813 740 1870 Sunt
762 1821 927 1884 portae
954 1813 1164 1879 mortis,
1190 1819 1321 1868 sunt
1348 1819 1515 1881 portae
1540 1809 1785 1885 interitus
1806 1847 1825 1874 ,
1863 1816 1989 1862 sunt
2017 1816 2183 1876 porta:

600 1907 747 1970 vitm,
797 1914 920 1960 sunt
965 1915 1132 1975 porta
1181 1912 1345 1959 arcta:
1371 1911 1426 1958 et
1469 1911 1729 1973 angusta.
1758 1901 2019 1969 Quoniam
2056 1914 2187 1969 ergo

599 2007 723 2057 sunt
744 1998 943 2065 multat,
961 1997 1086 2052 dicit
1115 1996 1325 2070 insigne
1336 1995 1568 2051 civitatis
1588 1994 1822 2060 Domini,
1837 1992 2182 2062 subjungeus:

614 2086 741 2143 Haec
782 2098 927 2160 porta
972 2086 1201 2142 Domini.
1257 2084 1366 2142 Illae
1405 2084 1553 2141 enim
1599 2098 1711 2141 non
1765 2094 1893 2141 sunt
1950 2083 2183 2139 Domini.

601 2179 883 2249 Quodnam
909 2189 994 2235 est
1030 2190 1209 2235 autem
1248 2180 1365 2250 ejus
1408 2180 1659 2250 insigne?
1686 2180 1841 2249 Quod
1884 2178 1974 2249 qui
2021 2179 2186 2233 casti-

611 2281 841 2344 gantur,
872 2272 961 2342 qui
1000 2270 1342 2342 afﬂiguntur,
1388 2286 1485 2342 per
1510 2287 1631 2327 eam
1665 2272 2056 2343 ingrediuntur.
2093 2270 2189 2325 Est

611 2362 756 2419 enim
780 2374 928 2419 stcta
956 2372 1012 2417 et
1031 2371 1253 2433 angusta
1283 2379 1297 2417 :
1326 2362 1371 2419 si
1403 2373 1582 2419 autem
1622 2374 1705 2419 est
1729 2373 1876 2419 arcta
1896 2405 1910 2429 ,
1936 2364 2028 2433 qui
2064 2373 2191 2418 sunt

606 2453 793 2511 nlilicti
814 2463 869 2510 et
912 2455 1152 2526 oppressi
1177 2495 1195 2521 ,
1225 2469 1323 2525 per
1347 2470 1466 2509 eam
1495 2454 1893 2525 ingredieutur:
1926 2455 2187 2525 quemad-

610 2545 829 2601 modum
850 2560 968 2614 qute
991 2546 1137 2601 ducit
1156 2544 1223 2600 ad
1264 2545 1535 2601 interitum
1559 2587 1573 2609 ,
1605 2546 1710 2601 lata
1744 2555 1827 2601 est
1851 2553 1905 2602 et
1930 2546 2185 2615 spatiosa.

679 2634 971 2689 Gratiarum
1003 2636 1133 2689 actio
1158 2634 1784 2706 maximum‘sacri/icium;
1810 2639 2088 2709 prophetia
2100 2653 2193 2692 cur

607 2721 899 2796 plerumque
941 2725 1196 2790 obscurat;
1246 2724 1474 2782 Christus
1510 2728 1642 2799 lapis
1685 2729 1971 2798 angularia.
1997 2758 2068 2769 —
2093 2728 2184 2784 21.

608 2815 897 2884 Conﬁtebor
921 2818 1010 2872 tibi
1043 2820 1278 2888 quoniam
1308 2818 1559 2874 exaudiui
1592 2835 1692 2887 me,
1742 2830 1788 2873 et
1808 2824 1973 2891 factus
1994 2837 2045 2875 es
2068 2822 2195 2874 mihi

608 2907 664 2961 iu
694 2908 922 2963 salutent.
965 2908 1080 2963 Non
1115 2909 1244 2964 dicit
1266 2908 1620 2975 solummodo,
1640 2908 1930 2974 Emudisti,
1956 2912 2051 2985 sed
2071 2926 2193 2967 cum

610 2999 758 3067 prius
771 2999 1081 3069 castigasset
1101 3007 1157 3054 et
1176 3000 1447 3055 meliorem
1472 3002 1700 3056 fecisset.
1720 3000 1789 3054 Et
1811 3002 1930 3056 ideo
1950 3003 2057 3072 agit
2075 3017 2197 3073 gra-

614 3090 715 3144 tias
736 3131 752 3156 ,
785 3105 892 3144 non
919 3091 1089 3146 solum
1122 3091 1262 3161 quod
1291 3092 1360 3146 sit
1387 3091 1667 3147 exauditus
1691 3133 1704 3158 ,
1737 3092 1833 3148 sed
1864 3093 2023 3147 etiam
2050 3094 2190 3163 quod

612 3181 773 3238 fuerit
795 3183 1099 3253 castigatus.
1131 3184 1254 3239 Ideo
1279 3183 1631 3255 namque-fuit
1654 3184 1935 3240 exauditus
1958 3196 2043 3240 :et
2074 3185 2195 3240 ubi-

613 3288 718 3342 quo
759 3288 1004 3344 magnum
1046 3282 1129 3330 est
1163 3273 1302 3344 apud
1342 3276 1512 3344 ipsum
1556 3274 1659 3330 hoc
1702 3289 1870 3345 genus
1909 3277 2195 3345 gratiarum

615 3364 858 3456 actionis.
898 3364 1352 3433 Quemadmodum
1369 3366 1522 3456 enim
1552 3366 1694 3451 dixi,
1739 3381 1835 3421 nec
1863 3367 2082 3421 cessabo
2110 3367 2194 3421 di-

616 3470 760 3519 cere,
778 3454 976 3510 hocest
993 3457 1278 3510 maximum
1297 3454 1613 3512 sacriﬁcium
1641 3467 1696 3513 et
1719 3458 1937 3512 oblatio.
1966 3458 2054 3511 22.
2088 3457 2193 3512 La-

618 3547 786 3617 pidem
806 3563 950 3618 quem
975 3546 1363 3617 reprobaaerunt
1390 3547 1719 3615 testiﬁcantes,
1744 3548 1827 3601 hic
1854 3552 2019 3618 factus
2044 3558 2114 3602 est
2143 3548 2196 3603 in

615 3646 767 3708 caput
791 3637 984 3709 anguli.
1008 3637 1158 3705 Quod
1182 3638 1282 3694 hoc
1315 3639 1382 3694 de
1402 3638 1615 3694 Christo
1634 3639 1832 3693 dictum
1867 3642 1957 3704 sit,
1985 3648 2068 3695 est
2086 3640 2199 3693 cui-

614 3728 698 3783 vis
725 3729 1077 3783 manifestum.
1112 3728 1227 3797 Ipse
1258 3729 1397 3783 enim
1427 3731 1477 3783 in
1493 3729 1789 3799 Evangeliis
1822 3728 2037 3786 adducit
2059 3728 2195 3785 hanc

620 3818 975 3887 prophetiam,
998 3819 1180 3874 dicens
1204 3837 1217 3871 τ
1249 3818 1542 3889 Numquam
1567 3820 2025 3890 legistis,Lapidem
2046 3837 2195 3889 quem

615 3908 1000 3977 reprobaaerunt
1020 3910 1349 3978 aediﬁcantes,
1376 3910 1458 3962 hic
1487 3914 1651 3982 factus
1670 3919 1741 3963 est
1766 3910 1818 3963 in
1838 3921 1991 3980 caput
2018 3912 2194 3981 anguli

616 3999 943 4068 (καται-ει.
970 4000 1222 4066 ιεςιιιο.
1249 4001 1339 4057 ao.
1375 3996 1509 4065 i7)?
1533 3985 1587 4055 si
1617 4010 1793 4057 autem
1816 4002 1964 4071 quod
1995 4001 2192 4056 dictum

616 4101 731 4155 est,
767 4107 871 4147 non
899 4094 1107 4149 videtur
1134 4086 1365 4161 pendere
1406 4107 1475 4148 ex
1513 4093 1751 4159 historia,
1782 4093 1872 4148 sed
1905 4094 2077 4148 media
2104 4092 2192 4148 in-

616 4190 851 4253 terrupta
878 4198 1059 4239 rerum
1088 4186 1225 4240 serie
1252 4186 1484 4254 ingressa
1514 4199 1632 4240 esse
1661 4186 1960 4255 prophetia,
1984 4202 2087 4241 non
2110 4196 2211 4242 est.

616 4271 828 4338 mirum,
854 4290 953 4331 nec
975 4292 1201 4331 novum:
1223 4277 1479 4345 siquidem
1506 4278 1774 4348 pleraeque
1800 4281 1876 4333 sic
1906 4281 2192 4335 enuntiatze

614 4364 820 4418 suntin
850 4364 1028 4419 Veteri
1055 4365 1395 4421 Testamento
1422 4367 1735 4436 prophetiae,
1752 4370 1892 4438 quod
1922 4380 2195 4436 oporteret

616 4464 744 4511 tunc
770 4457 1024 4525 temporis
1054 4456 1121 4509 ita
1145 4456 1357 4526 obtegi,
1385 4465 1443 4510 ut
1472 4472 1575 4510 non
1604 4458 1763 4512 etiam
1791 4459 1891 4528 ipsi
1918 4459 2035 4513 libri
2063 4461 2193 4515 abo-

614 4546 865 4604 lerentur.
899 4546 978 4601 De
1002 4547 1116 4616 ejus
1141 4547 1281 4602 enim
1308 4558 1426 4601 ortu
1453 4547 1727 4618 prophetia
1744 4549 1955 4605 videtur
1979 4551 2193 4620 quidem

616 4637 848 4711 pendere
874 4637 940 4692 ab
971 4636 1214 4703 historia,
1242 4638 1372 4692 nihil
1399 4649 1575 4693 autem
1599 4638 1757 4696 habet
1776 4655 2056 4697 commune
2072 4657 2193 4698 cum

616 4726 727 4789 illa,
756 4736 813 4781 ut
834 4727 983 4792 illud,
1014 4727 1143 4782 Ecce
1168 4729 1306 4798 uirgo
1325 4730 1377 4783 in
1407 4738 1548 4783 utero
1574 4731 1841 4801 concipiet,
1872 4743 1921 4786 et
1944 4734 2105 4801 pariet
2135 4735 2192 4791 h-

616 4816 760 4877 lium.
782 4828 830 4873 et
849 4820 1093 4872 vocabunt
1116 4820 1132 4851 ¹
1169 4832 1348 4873 nomen
1377 4822 1485 4883 eius
1511 4820 1811 4876 Emmanuel
1838 4821 2061 4893 (IsaiJ.
2083 4825 2193 4892 li),

616 4909 758 4978 quod
804 4919 887 4963 est
928 4911 1367 4979 interpretatum,
1413 4911 1698 4975 Nobiscum
1740 4913 1905 4968 Deus.
1952 4913 2198 4984 Lapidem

614 5016 768 5068 quem
789 5004 1179 5069 reprobaverunt
1202 5005 1510 5072 wdiﬁcanles
1540 5004 1751 5072 (Matth.
1779 5008 1826 5060 i.
1858 5007 1970 5077 25).
2001 5007 2195 5062 Ᾱξίάίίὶ-

616 5102 803 5146 cantes
830 5092 916 5146 hic
944 5094 1070 5148 dicit
1093 5094 1324 5160 Judams,
1357 5096 1486 5165 legis
1510 5097 1773 5159 doctores,
1805 5099 2026 5159 scribas,
2060 5099 2198 5153 Pha-

614 5185 820 5251 rismos,
849 5186 1273 5255 quandoquidem
1302 5188 1651 5257 reprobarunt
1680 5188 1848 5257 ipsum
1867 5229 1883 5250 ,
1912 5189 2152 5245 dicentes
2179 5208 2193 5245 :

616 5274 973 5332 Samaritanus
1004 5293 1055 5329 es
1074 5286 1128 5329 tu
1146 5318 1164 5343 ,
1189 5287 1235 5330 et
1265 5278 1567 5333 da'monium
1596 5279 1746 5333 habes
1779 5279 1955 5337 lJoan.
1984 5281 2035 5333 8.
2066 5280 2155 5349 48)
2178 5324 2191 5346 ,

616 5378 665 5420 ct
693 5383 917 5422 rursus:
956 5367 1053 5421 Hic
1091 5385 1192 5422 non
1234 5380 1305 5422 est
1351 5385 1414 5424 e1:
1456 5369 1594 5434 Deo,
1636 5370 1724 5423 sed
1763 5371 1955 5424 seducit
1996 5372 2193 5425 turbant

616 5460 791 5528 (Joan.
822 5462 871 5516 Ἰ.
906 5461 1016 5532 li).
1048 5462 1146 5518 Hic
1170 5472 1343 5516 tamen
1376 5463 1688 5530 reprobatus
1714 5464 1846 5518 adeo
1878 5464 2075 5534 probus
2101 5480 2193 5533 ap-

616 5552 804 5624 paruit,
835 5564 891 5607 ut
930 5558 1082 5610 fieret
1121 5566 1277 5625 caput
1306 5555 1502 5625 anguli.
1535 5554 1647 5608 Non
1679 5556 1817 5610 enim
1849 5571 2022 5610 omnis
2058 5556 2191 5624 lapis

613 5656 766 5713 aptus
792 5657 871 5701 est
898 5647 961 5701 ad
993 5649 1237 5718 angulum
1261 5691 1277 5715 ,
1317 5648 1411 5703 sed
1440 5649 1525 5718 qui
1553 5657 1634 5702 cst
1664 5649 2063 5718 probatissimus
2090 5692 2103 5711 ,
2136 5660 2190 5705 et

613 5746 785 5807 potest
813 5753 993 5794 muros
1017 5740 1281 5798 rerincire
1311 5756 1374 5796 cx
1402 5747 1623 5811 utroque
1649 5741 1831 5795 latere.
1880 5738 2031 5807 Quod
2061 5756 2187 5812 ergo

676 5840 691 5869 ι
726 5836 886 5897 δεινῇ..
908 5843 954 5890 α
976 5841 1181 5891 vetulus.

1299 411 1359 470 S.
1397 403 1676 467 JOANNIS
1710 388 2193 459 CHRYSOS‘I‘OHI
2230 386 2547 445 ARCHIEP.
2586 384 3123 447 CONSTANTINOP.

2280 502 2410 557 dicit
2438 504 2716 574 propheta,
2743 502 2845 558 tale
2869 512 2953 559 est
2978 502 2998 557 ’τ
3025 500 3125 571 Qui
3146 506 3227 557 est
3253 513 3289 556 a
3306 497 3507 555 Judmls
3531 497 3869 572 reprobatns,

2281 602 2334 649 et
2357 607 2456 662 pro
2484 580 2651 648 nihilo
2678 591 2911 657 habitus,
2934 590 3183 662 apparuit
3208 589 3345 646 adeo
3373 590 3655 658 mirabilis,
3683 599 3741 647 nt
3763 606 3869 649 non

2280 686 2455 742 solum
2484 694 2793 742 contexeret
2829 683 3113 739 editicium
3138 725 3152 749 ,
3180 683 3274 739 sed
3298 684 3434 739 duos
3456 684 3618 740 etiam
3644 686 3876 755 parietes

2282 776 2632 847 conjungeret
2658 790 2720 831 ac
2744 776 3049 832 revinciret.
3072 774 3219 842 Quos
3241 775 3458 831 tandem
3490 776 3753 846 parietes?
3780 776 3877 833 Ju-

2282 866 2432 924 dacos
2477 870 2702 933 scilicet,
2731 877 2787 924 et
2835 882 2931 924 eos
2980 869 3073 937 qui
3114 867 3408 923 credebant
3463 884 3529 923 ex
3579 868 3874 939 gentibus:

2283 962 2731 1031 quemadmodum
2753 961 2950 1016 Paulus
2968 975 3180 1032 quoque
3198 960 3329 1016 dicit
3352 978 3366 1015 :
3385 959 3508 1031 Ipse
3527 962 3659 1015 enim
3680 972 3754 1016 est
3773 978 3879 1033 pas

2286 1066 2475 1116 nostra,
2507 1056 2594 1128 qui
2618 1055 2735 1126 fecit
2758 1067 2967 1129 utraque
2992 1070 3169 1119 unum,
3189 1064 3236 1108 et
3260 1055 3391 1123 sepia
3411 1054 3558 1110 soluit
3584 1056 3876 1120 maceriam,

2286 1149 2577 1203 inimicitias
2604 1148 2657 1202 in
2681 1163 2833 1203 carne
2859 1162 2974 1207 sua.
3002 1147 3161 1217 legem
3185 1147 3561 1215 mandatorum,
3592 1163 3706 1217 qua
3728 1157 3801 1203 est
3824 1147 3879 1201 in

2286 1240 2519 1306 decretis,
2540 1240 2744 1293 abolens
2768 1255 2787 1292 :
2806 1249 2863 1292 ut
2882 1238 2970 1309 qui
2997 1237 3103 1292 duo
3123 1248 3287 1304 erant,
3303 1249 3621 1294 construeret
3641 1241 3695 1293 in
3722 1256 3881 1294 unum

2287 1346 2469 1383 nouum
2497 1330 2749 1384 hominem
2772 1328 2986 1398 (Ephes.
3015 1327 3069 1382 2.
3098 1328 3181 1383 14.
3208 1327 3318 1398 15).
3347 1327 3414 1383 Ει
3444 1344 3664 1383 rursus:
3686 1328 3884 1401 διψῶ

2287 1420 2530 1489 ludiﬁcati
2554 1436 2707 1486 super
2731 1419 3115 1489 fundamentum
3142 1420 3490 1486 apostolorum
3522 1429 3575 1473 et
3599 1421 3879 1491 propheta-

2287 1528 2419 1569 rum.
2448 1512 2561 1581 ipso
2586 1527 2782 1565 summa
2810 1511 3047 1581 angulari
3075 1511 3245 1580 lapide
3271 1509 3472 1565 Christo
3502 1511 3629 1566 Iesu
3658 1511 3880 1582 (Ephes.

2286 1601 2340 1656 2.
2373 1600 2488 1670 24)).
2515 1600 2617 1655 Per
2646 1601 2748 1656 hoc
2771 1609 2950 1656 autem
2971 1598 3111 1670 quod
3140 1600 3339 1656 dictum
3360 1611 3441 1656 est
3468 1604 3702 1658 maxime
3723 1617 3883 1659 accu-

2288 1703 2474 1749 santur
2499 1694 2668 1750 Judaei
2687 1737 2703 1762 ,
2732 1694 2872 1765 quod
2898 1708 3021 1748 cum
3050 1693 3377 1749 aediﬁcarent
3395 1736 3410 1760 ,
3442 1704 3624 1765 aptum
3654 1696 3883 1766 lapidem

2289 1800 2396 1840 non
2426 1785 2801 1855 dijudicarunt,
2825 1784 2920 1840 sed
2948 1801 3070 1841 eum
3095 1786 3255 1841 etiam
3277 1795 3336 1841 ut
3360 1787 3649 1855 reprobum
3678 1788 3886 1859 reject:-

2291 1887 2433 1943 runt,
2464 1881 2552 1946 qui
2578 1887 2786 1948 poterat
2814 1876 2918 1933 tale
2946 1877 3229 1933 aedilicium
3258 1879 3554 1935 continere.
3588 1878 3645 1934 Si
3674 1894 3755 1935 vis
3781 1893 3885 1935 au-

2292 1981 2399 2025 tem
2443 1970 2583 2024 scire
2624 1970 2840 2040 quinam
2883 1969 2991 2024 sint
3035 1968 3069 2023 ii
3119 1968 3227 2024 duo
3268 1970 3532 2039 parietes,
3558 1968 3683 2025 audi
3711 1970 3890 2039 ipsum

2291 2077 2501 2132 quoque
2542 2059 2813 2115 Christum
2857 2059 3121 2116 dicentem
3152 2077 3165 2114 :
3196 2060 3340 2115 Alias
3362 2061 3514 2115 etiam
3540 2077 3659 2123 oves
3688 2060 3846 2115 habeo
3867 2100 3885 2127 ,

2290 2168 2404 2224 qua
2428 2169 2530 2206 non
2562 2162 2680 2207 sunt
2716 2153 2783 2206 de
2821 2153 2916 2206 hoc
2947 2152 3066 2206 ovili
3084 2193 3100 2219 ,
3131 2161 3179 2206 et
3208 2167 3288 2206 me
3330 2152 3448 2206 illas
3474 2168 3673 2223 quoque
3706 2151 3892 2211 ducere

2291 2252 2488 2311 oportet
2516 2260 2535 2298 :
2560 2254 2606 2299 et
2644 2244 2732 2319 ﬁet
2773 2260 2930 2297 unum
2968 2244 3129 2308 ovile,
3160 2253 3207 2299 et
3230 2260 3364 2298 unus
3390 2254 3563 2315 pastor
3590 2242 3770 2312 (Joan.
3795 2242 3886 2299 1οι

2295 2337 2407 2401 16).
2432 2336 2548 2392 Hoc
2566 2336 2727 2392 etiam
2748 2335 2931 2391 multis
2953 2345 3100 2391 retro
3123 2334 3338 2390 seculis
3360 2343 3628 2406 tamquam
3648 2336 3699 2389 in
3722 2334 3889 2405 ﬁgura

2293 2432 2492 2487 iactum
2530 2439 2635 2485 est.
2678 2428 2947 2483 Abraham
2982 2426 3123 2482 enim
3154 2426 3252 2482 luit
3275 2436 3628 2498 utrorumque
3658 2427 3890 2497 patriar-

2274 2524 2416 2605 cha,
2444 2534 2499 2580 et
2521 2541 2706 2581 eorum
2732 2525 2822 2596 qui
2853 2525 2905 2581 in
2935 2525 3218 2597 praeputio,
3244 2510 3301 2581 et
3325 2539 3513 2581 eorum
3538 2529 3629 2595 qut
3658 2534 3808 2579 erant
3833 2522 3889 2579 in

2294 2617 2703 2673 circumcisione
2732 2634 2744 2670 :
2773 2616 2869 2673 sed
2902 2616 3030 2672 illud
3065 2618 3218 2688 quasi
3250 2617 3304 2672 in
3336 2618 3522 2687 lignra,
3569 2616 3672 2671 hoc
3708 2624 3887 2671 autem

2295 2707 2350 2762 in
2399 2708 2641 2763 veritate.
2688 2707 2789 2762 Hic
2833 2709 2999 2778 factus
3026 2718 3099 2762 est
3127 2708 3180 2761 in
3202 2716 3357 2777 caput
3384 2705 3560 2776 anguli
3594 2722 3621 2761 :
3639 2706 3885 2771 hoc-est,

2296 2810 2552 2867 utrasque
2594 2792 2781 2869 gentes
2824 2799 3118 2870 conjunxit.
3158 2798 3252 2853 23.
3299 2799 3344 2852 Α
3392 2796 3610 2853 Domino
3639 2800 3785 2869 facta.
3815 2804 3901 2851 est

2297 2892 2416 2945 ista.
2461 2891 2596 2959 Quid
2623 2901 2724 2957 est,
2750 2891 2795 2945 Α
2820 2890 3042 2945 Domino
3068 2895 3207 2962 facta
3224 2900 3296 2945 est
3320 2891 3457 2945 ista!
3482 2889 3600 2944 Non
3624 2899 3739 2945 erat
3758 2929 3781 2956 ,,
3803 2890 3887 2945 in~

2297 2983 2446 3051 quit,
2478 2982 2767 3037 humanum
2808 2982 2950 3053 quod
2993 2981 3191 3037 factum
3231 2992 3333 3048 est,
3361 2997 3468 3037 non
3491 2991 3609 3038 erat
3637 2982 3797 3036 unius
3820 2996 3890 3037 ex

2298 3076 2498 3138 multis,
2525 3091 2632 3130 non
2663 3085 2780 3130 erat
2802 3076 3138 3146 angelorum,
3168 3090 3275 3129 non
3302 3083 3420 3129 erat
3446 3073 3889 3145 archangelorum

2301 3167 2458 3221 talem
2489 3166 2740 3236 angulum
2769 3181 3117 3235 componere.
3156 3165 3326 3221 Nemo
3366 3180 3496 3235 ergo
3534 3165 3638 3220 hoc
3682 3167 3887 3235 potuit,

2300 3274 2408 3313 non
2429 3259 2623 3328 justus,
2655 3274 2763 3313 non
2795 3258 3052 3328 propheta
3076 3299 3091 3321 ,
3119 3272 3228 3313 non
3252 3257 3492 3328 angelus,
3524 3272 3632 3312 non
3660 3256 3890 3312 archan-

2298 3351 2468 3420 gelus,
2500 3350 2594 3404 sed
2619 3349 2784 3404 solius
2805 3349 2899 3403 Dei
2925 3358 3040 3403 erat
3069 3347 3171 3402 hoc
3196 3349 3509 3418 praeclarum
3543 3347 3747 3402 facinus
3773 3356 3889 3403 :est

2300 3440 2439 3494 enim
2488 3440 2605 3510 ejus
2649 3438 2943 3509 proprium.
2988 3438 3139 3492 Alius
3181 3437 3445 3507 interpres
3473 3436 3742 3507 (a)-dicit,
3776 3436 3893 3492 Iloc

2301 3535 2491 3604 factum
2514 3542 2585 3586 est
2612 3549 2645 3585 a
2673 3530 2927 3595 Domino;
2969 3530 3021 3585 id
3049 3540 3150 3596 est,
3177 3530 3279 3585 hoc
3308 3545 3442 3599 opus
3469 3529 3803 3595 admirabile,
3836 3539 3895 3586 et

2302 3624 2443 3695 quod
2471 3638 2685 3679 omnem
2710 3631 2929 3691 superat
2948 3621 3270 3691 opinionem,
3294 3622 3395 3676 hoc
3419 3622 3622 3676 scilicet
3640 3635 3775 3690 opus
3794 3636 3894 3676 an-

2299 3715 2427 3787 guli.
2457 3714 2523 3769 Et
2551 3725 2623 3768 est
2649 3714 2961 3767 admirabilis
2980 3715 3034 3766 in
3055 3713 3214 3766 oculis
3236 3712 3439 3766 nostris.
3468 3711 3595 3779 Quis
3615 3720 3701 3767 est
3719 3711 3893 3767 admi-

2301 3807 2519 3861 rabilis?
2551 3806 2791 3875 Angulus
2810 3806 3031 3868 scilicet,
3056 3805 3219 3859 coitio
3237 3804 3463 3859 duorum
3488 3804 3802 3873 populorum
3820 3804 3889 3858 ud

2301 3899 2571 3968 pietatem.
2609 3898 2683 3951 Ex
2714 3896 2912 3951 Judaeis
2941 3896 3082 3950 enim
3112 3897 3293 3950 multae
3320 3894 3661 3950 crediderunt
3688 3896 3890 3967 myrin-

2299 3988 2397 4043 des
2426 4006 2439 4041 :
2470 3989 2758 4057 quinetiam
2789 3988 2891 4056 ipsi
2928 3995 3081 4042 erant
3118 3987 3343 4055 apostoli
3369 4002 3433 4040 ex
3460 3986 3675 4041 Judzeis.
3724 3986 3899 4043 Recte

2300 4087 2479 4133 autem
2508 4078 2672 4142 dixit,
2703 4076 2769 4131 1η
2798 4078 2958 4131 oculis
2986 4078 3167 4130 nostris
3194 4093 3212 4130 :
3240 4092 3414 4147 neque
3437 4078 3579 4132 enim
3604 4076 3705 4132 hoc
3732 4078 3893 4131 mira-

2299 4174 2479 4228 culum
2500 4172 2746 4227 omnibus
2766 4180 2847 4225 est
2872 4169 3231 4224 manifestum.
3262 4170 3394 4237 Quis
3415 4170 3555 4224 enim
3580 4183 3684 4224 non
3704 4170 3893 4225 obstu-

2302 4274 2503 4334 pescat,
2547 4263 2667 4333 quis
2707 4277 2813 4316 non
2845 4261 3137 4315 admiretur
3175 4261 3318 4331 quod
3368 4261 3455 4316 ubi
3502 4261 3786 4317 cruciﬁxus
3808 4270 3894 4317 est

2300 4354 2543 4411 Christus
2565 4396 2579 4420 ,
2612 4354 2721 4409 illic
2744 4353 2987 4407 Christus
3015 4353 3266 4407 aduratur
3297 4369 3311 4403 :
3339 4359 3394 4407 et
3414 4352 3501 4422 qui
3524 4368 3645 4406 eum
3672 4353 3891 4421 quidem

2300 4447 2697 4510 cruciﬁxerunt,
2728 4444 3037 4513 ignominia,
3065 4444 3155 4512 qui
3181 4458 3310 4499 vero
3336 4443 3580 4517 adorant,
3611 4445 3777 4515 gloria
3805 4444 3891 4498 al"-

2302 4536 2585 4592 liciuntur?
2641 4534 2956 4589 Universum
3012 4533 3154 4586 enim
3206 4533 3393 4587 orbem
3448 4543 3603 4587 terra:
3659 4535 3895 4603 pervasit

2301 4629 2543 4692 verbum,
2567 4641 2754 4681 omnes
2777 4624 2983 4680 veritati
3010 4624 3357 4693 conjungens.
3392 4624 3485 4678 Est
3504 4639 3634 4694 ergo
3661 4626 3893 4681 admira-

2302 4727 2421 4780 bilis
2447 4768 2460 4791 ,
2491 4726 2575 4780 vel
2622 4725 2687 4777 iis
2732 4723 2822 4793 qui
2865 4719 3369 4792 quomodocumque
3417 4719 3468 4773 id
3514 4718 3896 4785 considerant,

2302 4820 2470 4873 multo
2510 4826 2684 4872 autem
2721 4813 2889 4885 magis
2912 4824 2968 4870 et
2996 4814 3151 4882 longe
3180 4813 3481 4867 evidentius
3522 4812 3600 4866 eis
3638 4813 3727 4884 qui
3770 4829 3890 4869 cre-

2303 4913 2454 4966 dunt.
2483 4910 2550 4965 Et
2570 4910 2688 4964 ideo
2710 4909 2862 4975 dixit,
2890 4906 2954 4960 In
2982 4905 3145 4960 oculis
3172 4906 3376 4959 nostris.
3404 4904 3493 4960 24.
3524 4904 3652 4959 ch
3671 4915 3743 4961 est
3788 4903 3900 4958 dies

2303 5020 2453 5072 quam
2478 5003 2591 5071 fecit
2628 5001 2906 5062 Dominus;
2935 4997 3259 5063 mallemus,
3286 5007 3331 5053 et
3353 4997 3648 5067 ltetemurvin
3676 5014 3753 5052 ea.
3787 4997 3896 5053 Vo-

2303 5106 2387 5149 cat
2413 5095 2497 5149 h.c
2525 5094 2687 5158 diem,
2721 5107 2826 5146 non
2852 5090 2978 5145 solis
3000 5104 3236 5153 cursum,
3261 5092 3354 5144 sed
3386 5089 3639 5159 prmclara
3661 5089 3892 5143 facinora

2304 5202 2423 5256 quae
2465 5189 2518 5241 in
2563 5201 2627 5240 eo
2673 5194 2821 5255 gesta
2863 5192 3007 5237 sunt.
3050 5182 3200 5239 Sicut
3232 5184 3371 5237 enim
3409 5182 3499 5252 qui
3528 5181 3668 5236 diem
3696 5184 3892 5237 malum

2304 5277 2451 5341 dicit,
2486 5291 2589 5330 non
2631 5282 2848 5329 cursum
2888 5274 3038 5340 solis,
3073 5270 3166 5327 sed
3194 5272 3329 5327 mala
3358 5288 3476 5340 qure
3502 5273 3552 5325 in
3586 5272 3701 5342 ipso
3724 5285 3845 5327 sunt
3878 5292 3891 5327 :

2304 5368 2374 5422 ita
2403 5368 2559 5421 etiam
2592 5367 2787 5419 bonum
2815 5367 2956 5419 diem
2988 5377 3139 5419 vocat
3166 5365 3419 5434 prmclara
3450 5364 3581 5420 facta
3606 5381 3722 5435 qure
3751 5367 3800 5419 in
3828 5382 3893 5421 co

2303 5457 2534 5512 fuerunt.
2578 5456 2731 5524 Quod
2766 5466 2947 5509 autem
2974 5455 3139 5517 dicit,
3170 5466 3249 5508 est
3279 5454 3541 5522 ejusmodi
3574 5455 3720 5511 :Res
3761 5471 3888 5525 prte-

2300 5554 2470 5607 claras
2500 5566 2617 5621 qua!
2658 5553 2709 5601 in
2751 5564 2815 5603 eo
2843 5559 3004 5616 gestzc
3044 5558 3170 5601 sunt
3217 5548 3352 5602 Deus
3388 5548 3555 5611 Tecit;
3592 5558 3709 5604 erat
3751 5549 3890 5604 enim

2301 5646 2440 5699 illius
2467 5643 2631 5697 solius
2661 5655 2848 5695 manus
2877 5639 3089 5694 efﬁcere
3119 5654 3237 5707 quae
3265 5639 3402 5694 facta
3428 5648 3571 5693 sunt.

2364 5777 2436 5837 (rt)
2461 5782 2544 5825 me
2565 5782 2811 5837 interpres
2834 5782 2910 5837 est
2935 5771 3123 5837 Aquila,
3147 5785 3559 5837 quemscquutus
3580 5781 3894 5837 Incrtmymua

2303 5833 2519 5889 vcrtct‘at
2537 5850 2549 5886 :
2566 5848 2599 5885 Α
2615 5836 2815 5887 Domino
2825 5836 3083 5895 fuctumesl
3098 5833 3245 5885 islttd.
3263 5833 3383 5883 Vide
3400 5849 3444 5884 tn
3459 5836 3684 5896 Humilis
3703 5833 3877 5892 tto—strix
3891 5884 3903 5893 ,
