4218 6424
189 369 293 429 33⁸1

261 483 317 539 6.
343 475 674 552 Quidigitur
696 480 874 546 potest
897 485 1021 528 cum
1054 467 1159 524 hoc
1190 465 1280 521 die
1312 459 1549 519 conferri
1566 500 1582 524 ,
1604 459 1666 552 in
1691 463 1800 527 quo

191 574 283 634 ﬁo
306 588 429 631 cum
454 551 767 628 hominibus
791 566 928 622 facta
961 570 1047 619 est
1075 556 1440 617 reconciliatio
1458 595 1475 618 ,
1504 561 1562 609 et
1584 551 1798 634 diutur-

347 663 549 722 hellum
580 659 686 716 fuit
706 651 1052 726 diremptum,
1075 658 1131 708 et
1152 658 1294 707 terra
1320 647 1511 703 caelum
1532 631 1724 706 evasit,
1748 647 1806 697 et

195 744 445 817 homines
466 765 613 812 terra
637 749 859 820 indigni,
879 747 977 803 visi
1004 753 1132 803 sunt
1159 756 1325 815 regno
1343 739 1512 810 digni,
1530 746 1585 793 et
1604 744 1805 791 nostra:

194 846 413 910 natura
432 849 681 922 primitiae
709 858 874 915 super
894 840 1058 897 caelos
1083 837 1310 895 sublata
1335 842 1481 896 sunt.
1503 840 1560 888 et
1586 840 1807 901 apertus

197 952 286 1001 est
312 940 615 1016 paradisus.
652 946 708 993 et
742 944 977 992 veterem
1008 930 1235 1003 patriam
1258 925 1561 997 recepimus
1585 964 1600 989 ,
1633 930 1688 977 et
1710 934 1809 977 ex-

196 1012 456 1107 punctum
472 1027 931 1093 estt'naledictum,
948 1031 1006 1080 et
1025 1020 1293 1078 sublatum
1326 1024 1625 1089 peccatum,
1642 1021 1699 1068 et
1717 1012 1808 1107 qui

198 1102 304 1198 per
329 1124 500 1196 legem
517 1119 692 1194 puniti
710 1117 941 1181 fuerant,
959 1115 1077 1169 sine
1100 1111 1220 1183 lege
1239 1110 1467 1166 salutem
1489 1102 1810 1198 consequuti

199 1196 368 1280 sunt,
402 1223 459 1269 et
484 1222 594 1269 tota
616 1218 767 1267 terra
802 1216 859 1264 et
885 1219 1039 1262 mare
1071 1218 1227 1258 suum
1253 1199 1471 1279 agnovit
1498 1196 1805 1259 Dominum,

202 1317 262 1362 et
288 1305 394 1361 alia
420 1301 558 1370 facta
581 1310 707 1359 sunt
734 1294 1169 1360 innumerabilia,
1201 1307 1322 1364 qua:
1365 1305 1472 1345 non
1519 1300 1811 1359 possumus

202 1396 454 1455 oratione
493 1382 779 1465 persequi?
826 1387 1090 1456 Quocirca
1126 1399 1247 1440 cum
1279 1382 1398 1437 haec
1421 1379 1601 1435 omnia
1632 1388 1814 1433 mente

204 1492 464 1566 agitasset
505 1486 765 1560 propheta
789 1524 807 1551 ,
844 1482 1024 1537 omnia
1054 1478 1169 1534 Deo
1193 1474 1489 1542 adscribit,
1520 1471 1815 1529 ostendens

204 1600 331 1656 quae
352 1591 497 1652 gesta
522 1588 678 1645 sunt,
704 1592 737 1632 a
765 1576 874 1631 Deo
897 1572 1043 1630 facta
1065 1582 1212 1627 esse.

274 1734 516 1793 Gaudere
543 1731 688 1785 bonis
726 1742 831 1782 non
866 1739 1025 1797 parva
1056 1721 1238 1776 uirtus.
1281 1746 1358 1761 --
1397 1714 1727 1772 Ennrltemus
1759 1717 1809 1764 et

200 1831 435 1886 (tutentur
458 1825 514 1880 in
537 1839 617 1879 ea.
647 1819 910 1877 Laetitiam
961 1816 1050 1870 hic
1112 1812 1245 1869 dicit
1269 1807 1605 1881 spiritualem
1626 1847 1644 1870 ,
1666 1803 1810 1860 laeti-

205 1922 342 1979 tiam
359 1918 584 1983 mentis,
614 1914 853 1971 laetitiam
881 1909 1068 1967 animi.
1104 1904 1437 1962 Exsultemus
1459 1943 1476 1970 ,
1502 1910 1555 1956 ct
1583 1900 1815 1955 listeinur

202 2015 259 2071 in
296 2028 382 2080 es,
410 2007 555 2082 quod
598 2016 745 2063 tanta
788 2003 946 2060 nobis
977 2000 1120 2058 bona
1150 1998 1461 2068 obtigerint.
1504 1992 1718 2050 Etenim
1746 2005 1816 2046 ne

202 2106 315 2163 hoc
342 2101 558 2177 quidem
586 2108 671 2155 est
695 2110 860 2169 parva
883 2094 1078 2161 virtus,
1098 2090 1334 2164 gaudere
1362 2088 1542 2150 bouis,
1574 2084 1813 2152 exsilire,

204 2193 577 2272 gsndloafiici
601 2233 618 2259 ,
650 2192 748 2248 Dei
779 2187 1040 2245 beneﬁcia
1061 2201 1189 2242 cum
1215 2183 1492 2254 voluptate
1519 2179 1816 2249 suscipere.

204 2271 306 2349 as.
337 2287 386 2346 0
422 2287 673 2354 Domine,
699 2283 897 2340 salttum
924 2282 1043 2353 fac,
1074 2279 1278 2335 obsecro
1305 2291 1325 2331 .-
1352 2292 1384 2330 ο
1419 2272 1673 2339 Domine,
1700 2271 1822 2326 bene

209 2395 518 2457 prosperare
538 2420 554 2447 ,
585 2378 812 2435 obsecro.
848 2373 1114 2444 Quoniam
1138 2368 1354 2426 videbat
1377 2366 1525 2422 orbis
1550 2374 1711 2455 terra:
1729 2376 1822 2419 res

210 2452 482 2533 secundas
499 2513 517 2539 ,
546 2482 837 2539 rerumque
864 2464 1242 2529 mutationem,
1268 2469 1327 2517 et
1370 2460 1426 2515 in
1468 2457 1661 2514 melius
1686 2452 1823 2511 eon-

211 2565 520 2624 versionem
567 2578 583 2617 :
620 2561 686 2616 iis
722 2560 812 2631 qui
858 2558 939 2613 eis
981 2557 1231 2612 fruuntur
1274 2549 1584 2622 gratulans,
1624 2546 1761 2604 dixit
1807 2564 1822 2601 :

217 2658 268 2715 0
304 2656 560 2723 Domine,
597 2669 773 2717 serua,
818 2650 1060 2716 obsecro;
1101 2664 1133 2704 ο
1159 2645 1413 2710 Domine,
1451 2643 1575 2699 bene
1614 2657 1827 2712 prospe-

214 2767 370 2819 rare,
398 2750 622 2805 obsecro.
663 2746 778 2802 Hoc
814 2754 899 2802 est
922 2786 938 2812 ,
969 2743 1243 2800 Conserva
1282 2754 1378 2795 eos
1407 2737 1500 2809 qui
1529 2734 1780 2791 fruuntur
1810 2753 1825 2791 :

216 2853 277 2902 et
331 2851 391 2900 ut
440 2841 766 2913 impleantur
813 2846 870 2894 et
915 2835 1086 2909 gratia
1142 2833 1337 2905 dignos
1388 2831 1591 2886 fructus
1641 2835 1829 2891 osten-

217 2935 374 3002 dant,
410 2933 579 2999 redde
610 2934 693 2988 eis
716 2932 856 2986 viam
881 2928 1115 2995 facilem,
1146 2935 1208 2982 ut
1241 2934 1528 2997 postquam
1554 2922 1831 2993 assequtiti

221 3029 443 3095 fuerint,
471 3042 502 3082 a
532 3011 729 3082 talibus
758 3026 915 3081 bonis
936 3040 1044 3079 non
1068 3023 1299 3092 amplius
1326 3008 1704 3075 excidant.'26.
1733 3014 1834 3071 Be-

221 3120 457 3177 nedictus
475 3119 562 3190 qui
588 3118 721 3173 venit
748 3117 801 3170 in
826 3116 1032 3171 nomine
1056 3112 1287 3170 Domini.
1325 3111 1517 3167 Nostra
1547 3110 1692 3166 enim
1726 3122 1832 3162 non

221 3212 530 3270 consistunt
553 3209 607 3265 in
627 3208 694 3265 iis
716 3217 922 3264 tantum
946 3222 1068 3278 quae
1087 3205 1227 3261 facta
1247 3212 1390 3267 sunt,
1416 3202 1509 3259 sed
1533 3199 1838 3274 procedunt

224 3303 296 3360 ad
322 3302 429 3359 alia
452 3302 679 3372 majora,
710 3299 1184 3363 resurrectionem,
1207 3311 1455 3366 regnum,
1480 3293 1834 3365 hereditatem

225 3408 353 3451 cum
378 3391 598 3450 Christo
620 3408 635 3447 :
654 3405 774 3462 quae
793 3389 972 3446 omnia
993 3390 1179 3445 volens
1207 3387 1518 3452 ostendere,
1537 3385 1834 3456 subjunxit,

174 3544 175 3547 η
230 3485 537 3543 Benedictus
561 3484 650 3555 qui
668 3484 803 3544 venit
827 3483 883 3538 in
903 3482 1108 3538 nemine
1125 3480 1355 3537 Domini.
1385 3479 1499 3535 Hoc
1519 3479 1683 3534 etiam
1705 3476 1841 3533 dixit

226 3577 479 3636 Christus
503 3575 707 3632 ludatis
738 3593 752 3629 :
786 3576 966 3640 Amen,
993 3590 1144 3629 amen
1163 3575 1282 3629 dico
1303 3571 1443 3629 vobis
1469 3588 1489 3626 :
1517 3586 1622 3626 non
1651 3584 1732 3625 me
1758 3571 1839 3625 vi-

229 3669 411 3727 debitis
432 3670 592 3724 donec
617 3668 819 3732 dicetis,
840 3665 1146 3722 Benedictus
1170 3667 1258 3738 qui
1282 3665 1414 3720 venit
1432 3666 1488 3719 in
1507 3664 1711 3727 nomine
1725 3661 1839 3717 Do-

230 3762 360 3818 mini
380 3759 596 3837 (Matth.
617 3757 843 3831 ηδε).
865 3758 1128 3827 Quoniam
1150 3757 1295 3813 enim
1321 3770 1469 3827 saepe
1493 3754 1837 3826 objiciebant,

232 3862 290 3910 et
312 3854 368 3909 id
388 3866 589 3923 susque
607 3851 783 3923 deque
807 3850 1125 3919 miscebant,
1143 3849 1286 3926 quod
1308 3863 1415 3903 non
1436 3857 1584 3906 esset
1608 3863 1675 3904 es
1706 3846 1841 3911 Deo,

232 3947 380 4021 quod
416 3954 565 4003 esset
597 3944 691 4001 Dei
729 3945 899 4001 hostis
931 3962 946 4001 :
974 3944 1105 4001 dicit
1127 3944 1228 4012 eis,
1257 3943 1364 4000 Vos
1391 3942 1523 3999 mihi
1554 3941 1740 3999 feretis
1764 3951 1845 3997 te-

234 4038 550 4095 stimonium
574 4038 719 4109 quod
745 4053 852 4095 non
878 4052 998 4094 sum
1027 4037 1121 4093 Dei
1140 4035 1338 4103 hostis,
1364 4036 1578 4107 quando
1602 4035 1845 4092 videritis

233 4130 545 4187 venientem
590 4129 645 4184 in
692 4129 943 4195 nubibus,
974 4139 1030 4185 et
1060 4128 1199 4189 hanc
1226 4129 1517 4184 emiseritis
1545 4143 1734 4185 vocem
1762 4127 1847 4185 di—

234 4230 425 4281 centes
445 4264 461 4289 ,
486 4219 792 4276 Benedictus
812 4221 898 4291 qui
921 4220 1053 4275 venit
1088 4221 1145 4275 in
1181 4220 1386 4275 nomine
1416 4218 1659 4285 Domini,
1690 4220 1847 4276 bonis

236 4315 423 4372 verbis
449 4324 505 4372 et
526 4314 887 4387 laude-plenis
908 4314 979 4370 ab
1001 4314 1146 4370 omni
1175 4313 1492 4371 defensione
1521 4316 1731 4386 seipsos
1754 4332 1849 4370 ex-

237 4409 543 4466 cludentes.
572 4408 772 4465 Eurum
798 4409 943 4466 enim
972 4423 1096 4481 quae
1121 4418 1251 4464 tunc
1275 4410 1407 4464 fient
1427 4408 1693 4465 evidentia
1724 4409 1846 4465 efﬁ-

237 4504 366 4567 ciet,
395 4510 453 4558 ut
478 4517 596 4557 eam
626 4516 813 4559 vocem
838 4503 1121 4567 emittant,
1160 4501 1321 4557 simul
1362 4512 1417 4557 et
1457 4501 1767 4571 laudantes,
1794 4513 1852 4561 et

240 4608 461 4666 gravem
511 4593 565 4648 in
612 4593 821 4664 seipsos
846 4594 1243 4649 accusationem
1275 4593 1636 4651 lnstituentes.
1680 4595 1848 4651 Bene—

243 4689 468 4743 diximtts
490 4688 629 4743 vobis
664 4689 728 4743 de
766 4688 918 4743 domo
948 4686 1177 4742 Domini.
1204 4686 1299 4742 27.
1328 4686 1471 4744 Deus
1499 4689 1774 4757 Dominus,
1804 4700 1851 4744 et

241 4780 417 4837 illuxit
456 4780 620 4836 nobis.
660 4779 797 4837 Dicit
836 4795 1053 4837 omnem
1098 4781 1356 4852 populum
1399 4781 1647 4850 ﬁdelem,
1675 4784 1767 4854 qui
1798 4783 1851 4841 in

244 4872 409 4929 domo
436 4871 649 4927 Domini
674 4870 903 4943 adeptus
929 4881 1014 4927 est
1042 4871 1496 4929 benedictionem.
1542 4873 1854 4931 Cet-nuntur

244 4965 391 5020 enim
432 4962 630 5051 ubique
666 4965 941 5034 propheta:
960 5006 976 5033 ,
1004 4963 1191 5022 beatos
1221 4965 1465 5022 dicentes
1489 4981 1585 5023 eos
1611 4967 1700 5037 qui
1728 4978 1856 5024 sunt

246 5055 524 5113 credituri.
548 5052 661 5127 Qua
682 5056 750 5113 de
769 5072 929 5114 causa
955 5056 1324 5123 benedixistis,
1348 5067 1404 5114 et
1425 5059 1695 5115 undenam
1725 5061 1854 5116 bea-

247 5144 456 5204 titudo?
482 5147 745 5216 Quoniam
777 5148 921 5205 Deus
945 5151 1193 5220 apparuit
1214 5150 1388 5206 nobis.
1406 5151 1664 5222 Apparuit
1685 5152 1853 5219 enim,

244 5241 440 5311 inquit,
469 5241 636 5313 gratia
663 5240 761 5297 Dei
783 5243 1046 5307 salutaris,
1074 5246 1312 5300 erudiens
1348 5261 1441 5299 nos
1462 5288 1477 5312 ,
1514 5255 1570 5300 ut
1608 5244 1857 5318 abnegata

248 5335 510 5405 impietate
536 5344 585 5390 et
609 5335 883 5391 mundanis
920 5336 1183 5392 desideriis
1206 5380 1221 5405 ,
1259 5337 1514 5403 modeste,
1533 5339 1679 5410 juste
1701 5348 1757 5405 et,
1778 5339 1859 5408 pie

248 5429 865 5500 meectantes
889 5431 1086 5485 beatam
1113 5447 1257 5501 spem
1276 5440 1323 5486 et
1350 5431 1722 5501 apparitionem
1743 5448 1860 5486 ma-

250 5528 342 5599 g'ti
370 5526 468 5583 Dei
491 5536 538 5584 et
574 5527 858 5585 Servatort.
896 5530 1056 5585 nostri
1078 5528 1205 5584 Jesu
1228 5526 1417 5586 Christi
1470 5528 1490 5600 (
1520 5523 1623 5583 Tit.
1666 5527 1725 5585 2.
1758 5528 1860 5585 ii-

254 5619 367 5695 l3).
393 5620 818 5679 incarnationem
839 5637 969 5694 ergo
986 5622 1076 5677 hic
1096 5619 1392 5678 admiratur
1414 5623 1697 5692 propheta,
1718 5620 1859 5694 quod

255 5730 379 5771 cum
409 5714 551 5790 Deus
578 5706 741 5783 esset,
770 5727 826 5773 et
852 5715 1131 5783 Dominus,
1156 5724 1211 5771 et
1236 5713 1380 5770 illius
1404 5715 1741 5782 substantias,
1768 5731 1863 5786 ap-

256 5807 515 5880 paruerit.
555 5808 700 5865 Dixit
734 5817 914 5864 autem
957 5807 1371 5880 apparitionem,
1407 5807 1587 5864 carnis
1611 5806 1863 5865 humana!

255 5900 653 5975 susceptionem
672 5942 691 5969 ,
735 5900 1053 5975 virginalem
1102 5898 1309 5960 scilicet
1346 5905 1564 5959 uterum
1607 5899 1860 5971 subiisse,

1332 332 1703 403 nxrosmo
1738 336 1807 419 tu
1843 333 2175 395 ΡεΑωιυη
2212 331 2398 390 CXIX.

3418 323 3524 382 338

1910 454 2185 510 hominem
2214 451 2415 508 factum
2441 464 2582 517 esse,
2611 457 2668 506 et
2691 453 2962 505 vei-satum
2990 460 3114 504 esse
3140 460 3265 504 cum
3290 446 3527 502 homini-

1913 547 2036 603 bus.
2077 535 2144 603 Et
2170 545 2293 601 ideo
2321 543 2460 600 dixit
2493 541 2893 600 :Benediximus
2919 540 3092 603 nobis,
3123 536 3263 609 quod
3295 538 3401 593 tale
3427 536 3530 593 do-

1913 655 2042 695 num
2083 628 2202 695 sitis
2238 636 2580 709 consequuti.
2613 632 2727 691 Hoc
2749 634 2913 691 etiam
2940 620 3189 689 Christus
3215 630 3528 702 signiﬁcans

1910 732 2128 790 dicebat
2157 751 2172 790 :
2205 726 2362 788 Hulti
2396 732 2659 803 propheta:
2686 741 2734 785 et
2748 729 2885 804 justi
2909 720 3325 807 desideraueth
3358 723 3530 780 sidere

1912 844 2029 897 quae
2047 828 2244 895 videtis,
2262 836 2313 883 et
2338 843 2440 881 non
2454 826 2707 890 uiderunt,
2721 831 2768 877 ‘et
2788 823 2970 876 audire
2993 826 3107 893 quis
3127 819 3337 887 auditis,
3360 826 3407 873 et
3426 834 3529 873 non

1914 920 2186 974 audierunt
2221 914 2435 988 (Matth.
2465 918 2556 975 15.
2586 918 2700 989 i7).
2746 914 3051 971 constituite.
3084 912 3220 968 diem
3251 909 3533 966 solemnem

1915 1012 1971 1065 in
1996 1011 2286 1078 condensis,
2317 1026 2477 1079 usque
2516 1010 2585 1065 ad
2626 1015 2788 1064 cornu
2824 1006 3027 1062 altaris.
3071 1005 3225 1060 Alius
3267 1003 3535 1073 interpres

1915 1106 1993 1161 ait
2021 1122 2034 1158 :
2061 1103 2314 1176 Colligate
2330 1104 2395 1159 in
2419 1104 2603 1159 celebri
2619 1109 2875 1156 conventu
2894 1098 3174 1154 condensa.
3208 1095 3382 1163 Alius,
3411 1095 3538 1150 Alli-

1915 1206 2032 1269 gate
2059 1200 2247 1270 festum
2269 1197 2323 1251 in
2347 1195 2638 1268 pinguibus.
2666 1196 2711 1249 A
2747 1191 3030 1264 prophetia
3058 1204 3250 1246 rursus
3278 1187 3442 1245 rediit
3466 1187 3537 1242 ad

1918 1290 2220 1345 historiam.
2272 1289 2386 1344 Hoc
2423 1297 2507 1344 est
2541 1294 2723 1342 autem
2749 1284 2894 1356 quod
2921 1283 3093 1340 dicit:
3126 1280 3348 1337 Festum
3374 1279 3536 1351 agite.

1919 1382 2230 1455 frequentes
2249 1381 2556 1438 convenite.
2579 1378 2721 1449 Quid
2741 1387 2825 1434 est
2844 1386 3047 1441 autem,
3078 1373 3382 1431 Cous’tituite
3405 1372 3542 1426 diem

1919 1478 2199 1532 solemnem
2216 1476 2272 1530 in
2292 1473 2600 1531 condensis?
2626 1466 2831 1529 Ut'vult
2848 1468 3065 1542 quidem
3088 1481 3229 1523 unus
3249 1466 3538 1535 interpres,

1921 1568 2228 1638 Sacriﬁcate
2254 1564 2555 1639 splendidas
2581 1565 2795 1620 hostias.
2821 1562 2896 1621 Ut
2923 1562 3062 1617 alius
3090 1566 3296 1625 autem,
3326 1554 3543 1613 Coronis

1921 1671 1970 1717 et
1991 1660 2151 1715 ramis
2170 1661 2419 1732 templum
2442 1659 2628 1730 cingite
2656 1655 2753 1729 (a).
2784 1655 3112 1713 Hebraicum
3141 1657 3323 1706 autem
3354 1648 3428 1705 ita
3457 1647 3543 1704 di-

1922 1754 2018 1820 cit,
2050 1752 2218 1809 Esrou
2252 1768 2320 1824 ag
2357 1751 2492 1806 baad
2530 1750 2769 1805 othtltim.
2820 1747 2958 1805 Sive
2987 1745 3094 1801 hoc
3132 1758 3264 1817 ergo
3305 1741 3396 1807 sit,
3426 1740 3545 1797 sive

1924 1845 2083 1911 illud,
2108 1845 2375 1916 signiﬁcat
2400 1843 2620 1907 festum,
2662 1850 2719 1898 et
2760 1840 2905 1897 diem
2947 1838 3157 1905 laetum,
3187 1846 3242 1891 et
3268 1833 3542 1891 celebrem

1922 1945 2277 1994 conventum.
2322 1936 2369 1992 A
2411 1933 2784 2006 spiritualibus
2822 1932 2968 1988 enim
3014 1928 3314 1985 orationem
3356 1938 3547 1981 rursus

1927 2029 2173 2087 traduxit
2193 2027 2260 2084 ad
2287 2026 2528 2093 sensilia,
2554 2025 2611 2082 et'
2635 2024 2884 2080 meminit
2909 2022 3125 2077 illorum
3152 2018 3379 2077 reditus.

2000 2123 2182 2179 Gratia
2201 2120 2312 2176 Deo
2340 2119 2542 2193 agenda
2578 2118 2731 2173 etiam
2755 2116 2868 2172 sine
2904 2114 3181 2184 beneﬁciis.
3198 2141 3271 2152 —
3290 2110 3384 2167 28.
3406 2107 3548 2165 Deus

1928 2231 2071 2270 meus
2090 2219 2141 2269 es
2165 2224 2242 2280 tu,
2274 2223 2320 2267 et
2349 2210 2629 2280 conﬁtebor
2650 2208 2744 2266 tibi
2774 2222 2796 2263 .'
2819 2205 2961 2263 Deus
2987 2222 3130 2260 meus
3159 2220 3211 2259 es
3236 2212 3312 2270 tu,
3331 2211 3380 2257 et
3403 2202 3549 2257 ml-

1930 2306 2048 2360 tabo
2073 2316 2139 2360 te.
2172 2303 2465 2373 Can/itebor
2493 2302 2583 2357 tibi
2607 2300 2851 2373 quoniam
2878 2295 3135 2354 exaudiui
3162 2311 3243 2351 me
3262 2334 3279 2361 ,
3306 2304 3353 2348 et
3382 2295 3550 2367 factus

1931 2415 1987 2469 es
2012 2399 2141 2455 mihi
2186 2398 2242 2452 in
2282 2398 2521 2453 salutem.
2563 2394 2664 2450 [lic
2690 2391 2926 2449 ostendit
2952 2384 3351 2460 etiam'absque
3377 2386 3547 2442 bene-

1934 2482 2073 2547 ﬁciis
2100 2490 2213 2546 Deo
2232 2492 2355 2545 esse
2380 2487 2619 2560 agendas
2643 2487 2845 2558 gratias
2865 2525 2880 2550 ,
2910 2492 2967 2541 et
2990 2492 3215 2554 propter
3241 2480 3346 2535 hoc
3374 2479 3548 2549 ipsum

1932 2598 2058 2642 esse
2075 2583 2245 2656 gloria
2262 2590 2319 2638 et
2335 2581 2541 2637 honore
2560 2576 2927 2644 afﬁciendum,
2946 2583 3167 2647 propter
3187 2571 3549 2643 majestatem,

1936 2686 2158 2750 propter
2177 2674 2555 2741 substantiam,
2575 2680 2799 2744 propter
2816 2660 3047 2742 gloriam
3067 2665 3415 2723 ineﬂ’abilem.
3438 2663 3555 2722 Hoc
3670 2682 3673 2685 ·

1935 2772 2086 2829 enim
2132 2769 2401 2843 significat
2419 2811 2435 2837 ,
2476 2776 2762 2839 postquam
2790 2765 2931 2821 dixit
2956 2761 3217 2821 beneﬁcia
3244 2762 3440 2834 quibus
3468 2768 3555 2817 est

1936 2864 2180 2932 aﬂ'ectus,
2219 2863 2299 2919 sic
2337 2862 2686 2934 subjungens.
2740 2859 2883 2916 Dicit
2919 2857 3064 2914 enim
3099 2874 3113 2912 :
3143 2857 3319 2913 Etiam
3349 2855 3557 2924 absque

1938 2957 2025 3013 his
2054 2972 2207 3028 agam
2232 2956 2469 3028 gratias,
2501 2963 2558 3010 et
2579 2952 2883 3010 confitebor
2902 2993 2918 3018 ,
2952 2950 3096 3023 quod
3130 2949 3291 3005 talem
3324 2947 3554 3004 habeam

1942 3049 2255 3115 Dominum,
2286 3048 2426 3104 adeo
2455 3048 2647 3114 altum,
2674 3045 2813 3101 adeo
2840 3059 3115 3115 magnum,
3142 3051 3199 3097 et
3220 3041 3310 3114 qui
3348 3055 3449 3097 nec
3474 3040 3559 3093 vi-

1940 3141 2079 3207 deri,
2108 3156 2209 3198 nec
2234 3137 2623 3211 comprehendi
2662 3144 2861 3208 potest.
2901 3133 3038 3191 Illud
3074 3134 3241 3198 enim,
3275 3131 3556 3197 Esaitabo,

1941 3234 2207 3305 significat
2224 3232 2557 3305 glorificaho.
2584 3229 2677 3287 29.
2701 3227 3029 3297 Confitemini
3055 3224 3295 3291 Domino,
3314 3225 3559 3298 quoniam

1943 3329 2126 3395 bonus,
2148 3329 2391 3396 quoniam
2408 3327 2464 3381 in
2478 3325 2724 3382 sarculum
2740 3321 3091 3379 misericordia
3116 3321 3248 3391 ejus.
3280 3318 3399 3376 Non
3429 3318 3562 3374 satis

1943 3421 2108 3477 habet
2148 3419 2296 3492 quod
2337 3419 2454 3490 ipse
2503 3417 2610 3474 hoc
2651 3415 2813 3472 oﬁ’ert
2848 3412 3199 3479 sacrificium,
3228 3411 3325 3469 sed
3364 3412 3561 3467 multos

1944 3517 2109 3574 etiam
2134 3523 2327 3581 vocat,
2357 3522 2416 3569 ut
2439 3513 2550 3570 sint
2577 3511 2712 3568 socii
2740 3519 2797 3567 et
2823 3509 3115 3581 participes
3139 3506 3315 3565 laudis
3345 3515 3401 3563 et
3435 3522 3565 3579 gra-

1944 3610 2142 3665 tiarum
2169 3606 2400 3664 actionis
2430 3624 2444 3661 :
2476 3613 2533 3661 et
2575 3603 2676 3659 Dei
2719 3601 3107 3674 benignitatem
3135 3598 3416 3673 praedicat,
3444 3597 3559 3668 ejus

1946 3701 2362 3775 perpetuitatem
2378 3707 2434 3756 et
2452 3698 2874 3770 magnitudinem
2890 3694 3093 3768 ubique
3105 3692 3407 3750 celebrans.
3424 3689 3560 3745 Cum

1948 3797 2068 3853 hazc
2095 3810 2227 3865 ergo
2255 3810 2355 3850 nos
2381 3807 2596 3866 quoque
2624 3792 2889 3858 sciamus,
2916 3802 3334 3863 permaneamus
3363 3784 3564 3856 gratias

1948 3898 2211 3961 perpetuo
2250 3896 2474 3960 agentes
2510 3885 2743 3957 benigno
2772 3883 2902 3950 Deo,
2938 3892 2995 3939 et
3033 3880 3140 3949 hoc
3180 3879 3232 3936 ei
3272 3877 3567 3935 oneramus

1948 3981 2294 4047 sacriﬁcium,
2330 3988 2392 4035 ut
2417 3978 2559 4035 bona
2588 3978 2751 4037 etiam
2778 3976 2958 4033 futura
2981 3989 3409 4046 consequamur,
3434 3986 3563 4044 gra-

1951 4074 2024 4131 tia
2046 4082 2101 4129 et
2125 4071 2453 4144 benignitate
2474 4068 2687 4126 Domini
2710 4068 2882 4142 nostri
2900 4067 3029 4124 Jesu
3050 4064 3249 4123 Christi
3272 4081 3286 4118 :
3309 4078 3433 4119 cum
3459 4077 3569 4135 quo

1950 4164 2094 4221 Patri
2116 4163 2187 4219 sit
2207 4163 2373 4235 gloria
2394 4160 2553 4217 simul
2573 4174 2698 4216 cum
2718 4167 2907 4215 sancto
2930 4157 3157 4231 Spiritu,
3176 4171 3321 4213 nunc
3343 4166 3400 4212 et
3424 4169 3570 4219 sem-

1866 4298 1873 4303 -
1950 4272 2069 4329 per,
2097 4256 2234 4313 etin
2259 4254 2456 4312 sucula
2484 4253 2830 4311 saeculorum.
2862 4252 3057 4308 Amen.

2443 4367 2513 4425 IN
2546 4364 2875 4424 PSALMUM
2904 4363 3095 4422 CXIX.

1990 4464 2257 4521 Canticum
2282 4464 2558 4538 graduum.
2592 4463 2746 4518 Alius
2774 4463 3042 4525 interpres
3068 4460 3236 4528 dicit,
3264 4458 3533 4517 Canticum

2016 4604 2019 4607 ς
2523 4561 2880 4612 ascensionum
2915 4553 3014 4627 (b).

1958 4658 2009 4713 ι.
2027 4654 2108 4710 Ad
2122 4651 2403 4708 Dominum
2429 4665 2543 4706 cum
2569 4647 2844 4703 tribularer
2859 4646 3098 4709 clamavi,
3118 4655 3166 4703 et
3184 4646 3443 4702 exaudiuit
3473 4662 3571 4701 me.

2031 4773 2083 4825 i.
2114 4768 2380 4824 Cratinum
2406 4765 2663 4820 canticum
2686 4769 2823 4818 unde
2848 4762 3062 4816 dictum.
3085 4792 3158 4803 --
3186 4762 3429 4816 Aliorum
3458 4762 3580 4832 qui-

1958 4861 2081 4917 dem
2113 4859 2455 4916 Psalmo‘rum
2488 4854 2858 4926 unusquisque
2883 4856 3153 4925 propriam
3185 4851 3350 4909 habet
3377 4853 3576 4909 inscri-

1958 4957 2196 5028 ptionem
2218 4996 2233 5020 ,
2269 4952 2360 5009 hic
2386 4962 2565 5009 autem
2595 4950 2779 5007 multis
2809 4948 2969 5005 simul
3006 4949 3312 5020 conjunctis
3338 4965 3443 5005 una
3478 4950 3579 5003 im-

1961 5050 2134 5121 posita
2161 5054 2246 5103 est
2274 5045 2582 5117 appellatio.
2617 5041 2893 5099 Canticum
2922 5039 3199 5114 graduum,
3222 5042 3328 5107 vel,
3354 5048 3411 5097 ut
3439 5041 3579 5099 alius
3620 5070 3621 5073 η

1961 5142 2102 5197 dixit
2152 5141 2460 5209 interpres,
2504 5136 2893 5217 Ascensionum.
2948 5124 3203 5190 Nonnulli
3250 5143 3432 5190 autem
3479 5151 3579 5191 eos

1962 5237 2123 5292 etiam
2150 5235 2344 5306 gradus
2363 5231 2656 5304 appellant.
2687 5230 2756 5286 Et
2778 5245 3009 5302 quanam
3041 5228 3110 5284 de
3138 5240 3321 5296 causa,
3341 5229 3574 5299 inquies.

2026 5350 2099 5414 (η)
2124 5358 2208 5400 tta:
2230 5347 2875 5414 interpretationesquinta;
2897 5345 3117 5396 fortasse.
3139 5350 3193 5396 et
3214 5352 3376 5396 sextae
3400 5344 3579 5396 Editio-

1961 5408 2237 5465 nuiu'suut.
2259 5408 2389 5460 Vide
2410 5411 2462 5459 in
2484 5408 2720 5472 Hexaplis
2739 5408 2830 5458 hoc
2854 5408 2978 5459 loco.

2026 5481 2098 5543 (b)
2140 5479 2454 5543 contulimus
2496 5470 2833 5543 cum—Codice
2870 5476 2996 5537 lteg.
3040 5473 3202 5543 2909,
3236 5473 3343 5543 qui_
3362 5470 3566 5543 mendis

1962 5530 2169 5594 scatétn'
2198 5542 2456 5604 interpres
2492 5552 2630 5604 vero
2666 5537 2797 5604 apud
2842 5530 2995 5604 quan
3040 5530 3270 5604 uagitum;
3308 5530 3565 5604 Canticum

1961 5604 2303 5667 ascensiOmtm
2327 5599 2924 5667 (dabﬂu'iryﬁydécemv)

1964 5667 2015 5719 in
2040 5665 2285 5727 Hexaplis
2316 5657 2519 5727 nostris,
2562 5664 2725 5727 Hujus
2766 5657 2916 5727 porro
2960 5666 3016 5710 et
3048 5662 3379 5727 sequentium
3421 5657 3567 5727 Psal-

1963 5744 2158 5780 morum
2189 5720 2555 5790 interpretatio
2600 5720 2784 5775 Lstina'
2815 5723 3035 5790 διώξω-ις
3062 5720 3317 5790 ir_t_'t‘.odic_e
3336 5720 3563 5790 quodam

1963 5791 2317 5849 Ottobontano,
2335 5782 2488 5847 'cujus
2509 5789 2619 5849 haec
2652 5794 2736 5849 est
2755 5794 2880 5849 uota,
2898 5784 2956 5835 Β.
2997 5784 3055 5849 Υ.
3084 5783 3161 5849 48.
3191 5782 3375 5845 Incipit
3392 5794 3563 5831 auem

1963 5854 2071 5916 sic:
2104 5856 2222 5916 Cum
2243 5844 2535 5916 cretei-{fere
2551 5846 2738 5916 singuli
2764 5846 2951 5901 Psalmt
2972 5844 3195 5913 singulas
3214 5858 3329 5896 suus
3346 5855 3568 5896 seorsum

1964 5915 2171 5969 habeant
2196 5911 2559 5979 inscriptiones,
2582 5911 2685 5965 ore.

2942 5637 2955 5652 .
2990 5605 3071 5646 est
3096 5593 3380 5649 Theodut‘n
3405 5609 3417 5643 :
3448 5594 3565 5644 vide
