4218 6446
686 392 793 454 3&9

686 510 757 566 ita
786 516 908 564 sunt
935 500 1223 577 appellati?
1255 498 1310 555 Si
1335 496 1613 553 historiam
1642 490 1854 563 quidem
1878 497 2112 560 spectes,
2135 501 2287 556 quo—

683 601 827 655 niam
854 576 1139 668 loquuntur
1160 594 1230 649 de
1254 592 1428 646 reditu
1452 604 1515 643 ex
1545 584 1839 657 Babylone,
1868 590 1921 637 et
1945 576 2270 672 captivitatis

682 706 803 761 qua
851 689 959 744 illic
1000 679 1098 742 fuit
1144 682 1467 740 mentionem
1506 676 1704 732 faciunt
1733 693 1748 730 :
1779 672 1873 728 sed
1900 673 1943 727 si
1971 685 2064 726 eos
2088 682 2271 761 sumas

681 760 990 851 anagogice,
1030 764 1172 848 quod
1199 772 1265 829 ad
1301 773 1437 826 viam
1470 769 1679 824 virtutis
1719 765 1984 821 deducam
2012 780 2025 815 :
2053 760 2268 831 quidam

682 871 827 927 enim
868 883 962 924 eos
1000 868 1071 922 ita
1110 870 1451 933 acceperunt.
1496 861 1631 916 Nam
1657 858 1742 913 via
1784 871 1902 927 quae
1931 870 1996 909 eo
2022 851 2266 912 deducit,

682 968 768 1015 est
790 957 986 1015 similis
1005 956 1276 1028 gradibus,
1302 955 1473 1007 virum
1503 952 1697 1004 virtute
1721 956 1774 1002 et
1800 946 2055 1016 sapientia
2080 942 2271 1011 praedi-

632 1084 639 1087 -
686 1065 796 1108 tum
836 1046 1093 1122 paulatim
1126 1049 1364 1103 evehens
1406 1053 1459 1099 et
1498 1042 1805 1104 sustollens,
1832 1048 1887 1093 et
1909 1052 2033 1093 eum
2070 1036 2121 1089 in
2154 1035 2270 1103 ipso

656 1143 816 1199 'cmlo
842 1152 1099 1197 statuens.
1128 1139 1229 1193 Alii
1262 1129 1441 1191 autem
1466 1134 1648 1188 dicunt
1675 1131 1915 1201 per-hec
1943 1124 2265 1182 subindicari

686 1232 884 1289 scalam
913 1229 1078 1287 Jacob
1098 1271 1115 1296 ,
1154 1243 1273 1298 quas
1312 1226 1411 1295 ipsi
1441 1233 1652 1278 ostensa
1682 1229 1764 1276 est
1790 1218 1857 1274 ad
1886 1218 2073 1273 caelum
2102 1228 2268 1283 usque

682 1323 1009 1395 pertingens.
1042 1322 1117 1376 lta
1142 1320 1300 1375 etiam
1320 1317 1570 1389 gradibus
1598 1325 1651 1371 et
1678 1313 1835 1368 scalis
1858 1309 2129 1380 subjectis,
2152 1308 2272 1361 loca

681 1415 749 1472 ad
775 1432 894 1487 quae
920 1430 1026 1470 non
1050 1422 1188 1483 patet
1209 1411 1402 1474 aditus,
1425 1418 1479 1464 et
1497 1423 1614 1479 qua:
1638 1415 1762 1462 sunt
1785 1403 2095 1464 excelsiora,
2118 1398 2269 1453 adire

683 1506 923 1580 possunt.
954 1506 1212 1574 Quoniam
1231 1514 1407 1559 autem
1428 1515 1523 1557 eos
1542 1499 1629 1569 qui
1653 1496 2266 1563 ascenduntgpostquam

681 1600 736 1655 in
757 1600 920 1667 altum
940 1600 1115 1653 evecti
1144 1598 1355 1661 fuerint,
1379 1594 1610 1663 caligare
1631 1603 1849 1646 necesse
1867 1596 1968 1651 est,
1989 1594 2265 1657 propterea

685 1706 793 1746 non
835 1703 930 1745 eos
972 1689 1141 1744 solum
1167 1687 1259 1757 qui
1288 1683 1614 1747 ascendunt,
1646 1680 1741 1736 sed
1770 1694 1864 1734 eos
1892 1678 2054 1732 etiam
2083 1675 2169 1745 qui
2200 1672 2265 1727 ad

682 1781 856 1851 ipsum
881 1794 1136 1834 cacumen
1169 1778 1544 1847 pervenerunt,
1568 1781 1784 1842 accepta
1809 1758 2054 1826 cautione
2072 1766 2269 1821 contir-

680 1872 816 1927 mari
844 1854 1073 1941 oportet.
1105 1868 1221 1925 Una
1262 1878 1345 1923 est
1384 1876 1562 1922 autem
1602 1864 1893 1927 securitas,
1921 1858 2132 1931 quando
2163 1873 2267 1911 non

681 1970 934 2033 quantum
962 1960 1300 2016 ascendimus
1329 1958 1738 2028 respexerimus,
1762 1958 1839 2010 ita
1867 1963 1923 2016 ut
1946 1952 2188 2024 superba:
2212 1961 2269 2006 et

682 2053 838 2109 elata
885 2053 1077 2106 mentis
1119 2050 1407 2106 evadamus
1436 2067 1450 2103 :
1477 2048 1571 2103 sed
1608 2054 1859 2117 quantum
1888 2052 2054 2100 restat
2075 2057 2267 2097 ascen-

683 2143 936 2208 dentium,
968 2140 1259 2212 conspicati
1306 2137 1561 2194 fuerimus
1583 2180 1600 2204 ,
1629 2146 1687 2193 et
1718 2137 1783 2191 ad
1824 2136 1953 2190 illud
1982 2134 2269 2209 tetenderi~

685 2249 821 2289 mus.
852 2233 1005 2299 Quod
1034 2234 1194 2288 etiam
1222 2232 1417 2286 Paulus
1442 2227 1768 2302 signiﬁcans,
1792 2226 2004 2281 dicebat
2029 2243 2041 2279 :
2074 2223 2268 2277 Eorum

684 2341 797 2395 qua!
816 2335 948 2379 retro
972 2334 1088 2378 sunt
1113 2324 1473 2384 obliviscentea,
1504 2320 1571 2371 ad
1600 2312 1854 2372 anferiora
1876 2325 2041 2369 autem
2062 2332 2151 2368 nos
2174 2330 2266 2367 ea:-

686 2414 938 2471 tendentes
978 2414 1251 2486 (Philipp.
1280 2414 1331 2467 5.
1360 2414 1428 2467 15
1448 2412 1490 2483 ).
1534 2411 1603 2466 Ει
1628 2420 1710 2465 est
1742 2411 1854 2463 haec
1881 2409 2097 2479 quidem
2132 2407 2270 2461 ratio

685 2520 951 2577 anagoges
976 2523 987 2557 :
1020 2520 1117 2559 nos
1140 2514 1315 2559 autem
1347 2502 1621 2571 deinceps,
1644 2500 1688 2554 si
1713 2499 1969 2563 videatur,
1994 2499 2271 2552 veniamus

685 2598 752 2653 ad
777 2597 1072 2663 historiam,
1104 2606 1157 2651 et
1185 2595 1459 2650 videamus
1498 2608 1591 2649 eos
1625 2594 1713 2663 qui
1759 2594 1971 2647 fuerunt
2003 2591 2213 2645 liberati
2239 2605 2269 2645 a

688 2691 1015 2759 captivitate.
1044 2688 1322 2759 Qudmodo
1350 2688 1511 2759 igitur
1535 2702 1564 2740 a
1586 2686 1891 2755 captivitate
1923 2684 2128 2738 liberati
2156 2683 2271 2738 fue-

688 2783 851 2838 runt?
880 2781 1153 2837 Desiderio
1180 2780 1633 2851 Jerosolymorum
1665 2779 1682 2809 ¹
1716 2796 1729 2831 :
1756 2792 1875 2831 cum
1900 2784 2084 2832 contra
2114 2771 2150 2829 ii
2179 2775 2269 2845 qui

689 2888 795 2928 non
826 2875 936 2942 pari
965 2874 1142 2929 studio
1165 2883 1318 2929 erant
1340 2872 1533 2937 allecti,
1558 2887 1626 2927 ex
1651 2870 1744 2926 Dei
1765 2871 1931 2941 gratia
1952 2869 2083 2925 nihil
2112 2869 2270 2924 lucri-

690 2960 931 3027 fecerint,
960 2963 1052 3017 sed
1081 2963 1132 3017 in
1162 2972 1409 3032 perpetua
1438 2962 1695 3016 servitute
1722 2960 1845 3015 dies.
1865 2975 1989 3015 suos
2018 2959 2267 3019 obierint,

688 3066 824 3126 quos
854 3067 951 3107 nos
978 3054 1136 3107 etiam
1162 3053 1205 3107 si
1237 3052 1504 3107 imitemur
1528 3092 1543 3118 ,
1573 3051 1804 3121 idipsum
1827 3034 2038 3121 passuri
2064 3064 2267 3105 sumus.

690 3143 743 3199 Si
770 3143 910 3199 enim
938 3159 1121 3199 amore
1146 3145 1434 3199 caelestium
1454 3186 1471 3211 ,
1498 3154 1552 3199 et
1576 3144 1841 3199 desiderio
1866 3143 2094 3200 ctelestis
2119 3142 2275 3199 Jeru-

691 3233 856 3289 salem
898 3250 1005 3288 non
1042 3244 1335 3299 teneamur,
1365 3235 1458 3289 sed
1496 3235 1542 3288 si
1586 3234 1833 3303 praesenti
1860 3235 1979 3289 vita:
2016 3244 2274 3303 perpetuo

691 3324 1011 3391 lnereamus,
1035 3325 1087 3378 in
1108 3339 1263 3379 emno
1283 3324 1616 3379 saecularium
1637 3338 1887 3380 curarum
1908 3326 2147 3393 volutati,
2167 3339 2271 3379 non

692 3414 981 3485 poterimus
1014 3417 1235 3484 patriam
1264 3416 1522 3485 recipere.

760 3505 1051 3576 Amictionis
1094 3506 1326 3571 luerunt;
1355 3505 1553 3575 afﬂictio
1586 3506 1861 3560 maximam
1902 3503 2273 3559 excusationem

692 3596 858 3650 liabet.
918 3625 991 3637 -—
1030 3595 1112 3650 Ad
1150 3594 1425 3650 Dominum
1462 3612 1579 3649 cum
1622 3595 1888 3649 tribularer
1931 3594 2143 3648 clamavi
2166 3635 2183 3662 ,
2228 3603 2274 3647 et

689 3686 944 3742 exaudivit
981 3702 1079 3741 nte.
1120 3685 1309 3741 Vidisti
1358 3687 1563 3741 lucrum
1603 3684 1946 3739 amictionis?
1973 3685 2150 3740 vidisti
2183 3696 2275 3739 ce-

693 3778 954 3839 leritatem
993 3778 1327 3834 clementia?
1365 3778 1593 3833 Lucrum
1630 3776 1955 3844 alﬂictionis,
1999 3777 2141 3847 quod
2183 3791 2276 3832 eos

708 3870 757 3924 Id
791 3885 947 3939 puras
973 3882 1161 3940 preces
1187 3868 1483 3924 fundendas
1511 3868 1825 3923 adduxerit:
1857 3867 2154 3923 clementia:
2182 3883 2275 3921 ce-

694 3961 977 4044 leritatem,
1005 3960 1148 4031 quod
1175 3961 1488 4017 vocantibus
1515 3961 1594 4014 eis
1618 3962 1794 4015 statim
1820 3960 2066 4014 amiuerit
2092 3978 2104 4013 :
2134 3959 2275 4029 quod

694 4053 853 4107 etiam
884 4054 1031 4121 prius
1064 4051 1189 4127 fecit
1230 4053 1296 4107 iis
1337 4052 1427 4122 qui
1477 4060 1631 4107 erant
1658 4053 1710 4106 in
1737 4050 1992 4123 Egypto.
2045 4050 2114 4106 Et
2156 4052 2277 4106 ideo

694 4147 854 4210 dicit,
895 4143 1080 4200 Videas
1104 4144 1208 4198 vidi
1234 4144 1571 4215 aﬂlictionent-
1584 4145 1762 4215 populi
1798 4144 1927 4211 mei,
1956 4151 1999 4197 et
2042 4143 2279 4213 gemitum

692 4254 868 4295 eorum
901 4239 1103 4306 audivi,
1145 4247 1195 4293 et
1235 4238 1469 4291 descendi
1496 4246 1551 4290 ut
1592 4252 1676 4292 eos
1714 4238 1958 4307 eriperem
1984 4233 2175 4306 (Exod.
2220 4236 2272 4289 5.

695 4329 750 4404 7.
782 4329 862 4399 8).
896 4328 960 4383 Et
988 4336 1045 4383 tu
1074 4343 1223 4398 ergo,
1253 4341 1289 4382 ο
1316 4327 1529 4393 dilecte,
1556 4326 1768 4397 quando
1794 4340 1856 4382 es
1883 4326 1936 4380 in
1966 4324 2275 4391 afﬂictione,

695 4434 765 4475 ne
791 4419 1044 4488 desperes
1063 4460 1079 4484 ,
1110 4432 1211 4473 nec
1239 4417 1453 4472 labores
1477 4408 1800 4486 indiligentia
1824 4457 1841 4483 ,
1866 4416 1961 4470 sed
1990 4426 2111 4470 tunc
2140 4424 2278 4469 tem-

697 4510 841 4579 poris
870 4508 1101 4562 maxime
1125 4506 1359 4563 excitare
1384 4524 1396 4560 :
1425 4515 1550 4561 sunt
1570 4508 1713 4562 enim
1736 4515 1863 4561 tunc
1882 4520 2069 4575 preces
2097 4506 2279 4575 purio-

696 4614 816 4668 res,
842 4609 898 4654 et
925 4599 1096 4668 major
1116 4606 1201 4655 est
1228 4598 1319 4653 Dei
1344 4598 1399 4652 in
1430 4606 1482 4653 te
1507 4597 1876 4653 benevolentia
1901 4614 1915 4652 :
1945 4604 2283 4668 et‘perpetuo
2338 4629 2353 4643 ι

676 4692 768 4745 -ita
796 4690 963 4763 vivas,
997 4698 1052 4744 ut
1090 4690 1160 4744 sit
1189 4688 1282 4745 tibi
1310 4689 1415 4744 vita
1445 4687 1708 4743 laboriosa
1729 4728 1745 4755 ,
1772 4688 1948 4743 sciens
1974 4702 2163 4743 omnes
2189 4688 2283 4757 qui

696 4784 782 4854 pie
818 4782 1005 4837 volunt
1046 4781 1225 4837 vivere
1266 4780 1320 4835 in
1360 4781 1575 4836 Christo
1618 4780 1764 4847 .lesu,
1814 4781 2280 4852 persequutionem

698 4890 979 4948 passuros,
1010 4884 1065 4931 et
1101 4890 1197 4946 per
1233 4875 1429 4931 multas
1455 4874 1769 4931 afflictiones
1798 4883 2047 4945 oportere
2075 4889 2175 4929 nos
2204 4876 2283 4929 in-

698 4980 841 5026 trare
864 4970 919 5024 in
949 4983 1169 5041 regnum
1194 4967 1288 5023 Dei
1319 4968 1393 5031 (2.
1423 4966 1561 5022 Tim.
1584 4968 1637 5023 3.
1668 4967 1770 5032 ης
1798 4968 1910 5021 Act.
1944 4968 2030 5022 14.
2060 4966 2175 5038 2i).
2201 4966 2284 5022 Ne

698 5062 914 5117 mollem
958 5076 1085 5131 ergo
1113 5060 1279 5115 vitam
1320 5071 1373 5115 et
1399 5060 1708 5115 dissolutam
1747 5060 1997 5115 dilexeris
2019 5102 2032 5123 ,
2075 5076 2175 5115 nec
2200 5062 2282 5113 via

699 5155 801 5211 lata
831 5154 966 5210 velis
986 5153 1188 5225 ingredi
1214 5152 1316 5225 (ea
1338 5154 1479 5212 enim
1507 5168 1612 5207 non
1636 5152 1781 5206 ducit
1808 5153 1861 5206 in
1886 5152 2073 5207 calum
2098 5153 2115 5221 )
2145 5195 2160 5219 ,
2189 5151 2283 5208 sed

698 5256 845 5301 arcta
886 5254 942 5301 et
986 5254 1228 5316 angusta.
1270 5243 1327 5300 Si
1373 5254 1550 5299 autem
1598 5244 1875 5313 pervenire
1916 5242 1982 5297 ad
2025 5258 2283 5313 supernas

701 5337 1007 5395 mansiones
1057 5336 1208 5399 velis,
1259 5335 1381 5408 fuge
1417 5336 1735 5406 voluptates,
1783 5342 2058 5391 externam
2102 5335 2283 5389 smculi
2314 5370 2339 5383 ..

703 5444 949 5499 pompam
979 5443 1043 5483 an
1075 5429 1311 5499 speciem
1346 5428 1621 5494 conculca,
1653 5442 1803 5500 opes,
1840 5426 2063 5499 gloriam
2090 5434 2146 5481 et
2187 5441 2283 5496 po.

703 5519 923 5577 tentiam
950 5517 1194 5592 neglige:
1222 5527 1586 5590 paupertatem
1611 5528 1787 5574 autem
1810 5559 1825 5584 ,
1856 5517 2051 5573 mentis
2080 5519 2288 5572 contri-‘-

704 5611 926 5675 tionem,
946 5608 1444 5680 eonfessiouemque
1462 5619 1514 5665 et
1534 5609 1892 5681 lacrymarum
1917 5606 2119 5664 fontem
2144 5623 2285 5676 tene,

703 5709 755 5755 et
780 5700 958 5755 omnia
982 5715 1101 5771 qua:
1129 5706 1353 5770 possunt
1376 5698 1664 5755 conciliare
1689 5698 1912 5754 salutem
1939 5712 2285 5769 persequere.

768 5801 786 5831 ι
821 5797 911 5850 aut
934 5799 1132 5863 addunt.
1155 5806 1287 5852 teste
1308 5799 1481 5851 savilio
1503 5783 1554 5850 in
1576 5800 1815 5863 margine,
1840 5798 2169 5865 ntetropoteos.

1393 381 1451 439 S.
1490 374 1771 436 JOANNIS
1803 368 2284 430 CllRYSOSTOMl
2324 361 2644 421 ARCHIEP.
2685 359 3224 417 CUNSTANTINOP.

3865 356 3975 411 340

2382 478 2457 533 Ea
2487 477 2631 533 enim
2670 482 2727 531 et
2770 475 3019 529 tutiorem
3057 471 3287 528 reddunt
3326 483 3450 525 eum
3480 468 3569 539 qui
3611 466 3869 540 possidet,
3913 481 3971 525 et

2380 585 2569 641 preces
2595 568 2827 624 reddunt
2862 567 3218 621 sublimiores.
3238 563 3305 618 Si
3336 563 3563 633 teipsum
3592 564 3663 617 ita
3687 576 3972 631 compara-

2376 661 2519 715 veris
2538 701 2552 724 ,
2582 668 2637 713 et
2659 658 2824 712 Deum
2851 670 2973 710 cum
3005 656 3105 710 hac
3131 664 3310 709 mente
3340 652 3640 719 vocaveris,
3671 661 3722 709 te
3748 652 3971 707 omnino

2375 749 2641 804 exaudiet.
2669 748 2737 803 Et
2764 748 2885 801 ideo
2912 746 3042 802 dixit
3073 746 3332 815 propheta
3352 788 3367 813 ,
3394 743 3523 800 Cum
3552 745 3820 799 tribularer
3857 743 3971 797 cta-

2376 844 2541 907 mavi,
2573 854 2618 895 et
2647 840 2903 896 exaudivit
2944 855 3042 904 nte,
3091 847 3148 892 ut
3187 838 3361 893 discas
3412 836 3664 907 paulatim
3710 849 3973 890 conscen-

2374 932 2503 987 dere
2522 972 2536 994 ,
2565 941 2648 996 et,
2682 938 2741 984 ut
2768 930 2837 983 ita
2862 928 3035 983 dicam
3060 969 3075 992 ,
3105 927 3273 981 alatas
3300 927 3632 996 precationes
3659 924 3835 980 facere
3854 966 3869 988 ,
3905 939 3976 980 ne

2374 1026 2619 1093 auguris,
2647 1037 2747 1077 nec
2774 1036 2913 1092 aegre
2933 1018 3074 1076 feras
3107 1019 3159 1073 in
3186 1017 3564 1072 alnictionibus
3588 1058 3603 1082 ,
3636 1016 3730 1072 sed
3772 1015 3973 1070 utilita-

2375 1123 2483 1168 tem
2510 1129 2577 1169 ex
2604 1114 2681 1167 eis
2708 1110 2991 1181 percipias.
3034 1108 3090 1165 Si
3120 1110 3262 1163 enim
3294 1107 3519 1163 Elismus
3556 1096 3813 1176 propheta
3846 1121 3970 1160 cum

2374 1214 2520 1259 esset
2550 1204 2729 1267 homo,
2764 1214 2869 1255 non
2900 1199 3142 1269 permisit
3168 1208 3226 1252 ut
3253 1197 3545 1267 discipulus
3574 1198 3873 1251 venientem
3900 1193 3973 1249 ad

2373 1310 2435 1349 se
2477 1294 2756 1348 mulierem
2801 1292 3131 1355 extnideret,
3173 1290 3390 1344 dicens:
3430 1286 3643 1348 Dimitte
3685 1304 3820 1352 eam,
3850 1288 3974 1357 quia

2374 1402 2586 1440 merere
2611 1394 2684 1440 est
2722 1382 2906 1451 aﬂ'ecta
2942 1383 3116 1459 animo
3145 1382 3255 1450 ejus
3283 1380 3359 1449 (4.
3386 1379 3515 1449 Reg.
3559 1380 3615 1435 4.
3655 1377 3788 1448 2‘7):
3835 1376 3971 1432 nihil

2373 1476 2517 1530 aliud
2542 1474 2728 1530 volens
2758 1489 2821 1528 ex
2847 1487 2913 1528 eo
2941 1469 3246 1535 ostendere,
3277 1470 3379 1523 nisi
3399 1467 3543 1539 quod
3569 1469 3971 1523 excusationem

2371 1578 2429 1626 et
2464 1565 2828 1621 defensionem
2869 1563 3153 1616 maximam
3196 1561 3453 1626 haberet,
3490 1574 3684 1629 nempe
3725 1559 3975 1613 afﬂictio—

2374 1670 2496 1711 nem
2523 1672 2536 1708 :
2569 1656 2736 1710 multo
2758 1655 2934 1708 minus
2960 1653 3100 1707 Deus
3127 1660 3179 1707 te
3219 1651 3476 1720 repellet,
3504 1650 3550 1704 si
3579 1664 3699 1703 cum
3745 1650 3881 1704 tristi
3913 1658 3975 1704 ct

2374 1746 2530 1800 anxia
2554 1744 2731 1799 anima
2752 1745 2816 1797 ad
2840 1758 2961 1797 eum
2984 1741 3229 1797 accedas.
3255 1740 3325 1795 Et
3350 1740 3470 1795 ideo
3490 1738 3737 1815 Christus
3757 1754 3975 1809 quoque

2375 1852 2469 1892 eos
2512 1838 2695 1892 beatos
2724 1835 3051 1905 pronuntiat,
3079 1835 3169 1903 qui
3195 1835 3398 1903 lugent,
3431 1840 3486 1887 et
3522 1834 3750 1886 miseros
3772 1832 3862 1901 qui
3892 1832 3974 1885 ri-

2375 1930 2503 1983 dent
2530 1926 2681 1999 (Luc.
2707 1925 2760 1981 6.
2791 1925 2906 1997 25).
2931 1924 3190 1990 Quocirca
3213 1923 3565 1978 beatitudines
3592 1923 3716 1976 hinc
3741 1937 3973 1977 exorsus

2374 2030 2453 2075 est
2472 2019 2567 2091 (a),
2582 2016 2765 2087 dicens
2790 2035 2805 2072 :
2823 2016 2963 2071 Beati
2986 2018 3069 2085 qui
3086 2018 3255 2086 lugent
3270 2013 3481 2085 (Matth.
3502 2014 3555 2068 5.
3571 2013 3649 2083 5}.
3665 2011 3721 2068 Si
3740 2014 3819 2066 vis
3838 2028 3973 2082 ergo

2376 2114 2474 2167 hos
2498 2110 2693 2181 gradus
2721 2108 3036 2175 ascendere,
3059 2108 3199 2179 quod
3227 2107 3390 2163 estin
3421 2107 3525 2160 vita
3557 2106 3715 2160 molle
3740 2119 3970 2161 enerva-

2377 2214 2594 2273 tumque
2634 2211 2689 2257 et
2730 2200 3044 2254 dissolutum
3095 2212 3297 2263 reseca,
3346 2206 3402 2252 et
3449 2190 3715 2252 laboriosa
3753 2194 3969 2250 vivendi

2374 2295 2581 2351 ratione
2608 2304 2659 2349 te
2699 2295 2867 2364 ipsum
2901 2293 3138 2361 astringe
3166 2299 3220 2346 et
3256 2288 3509 2344 contine:
3541 2305 3571 2342 a
3600 2288 3828 2343 terrenis
3866 2303 3968 2341 nc-

2374 2387 2531 2457 gotiis
2567 2384 2795 2439 abstine.
2848 2383 2943 2437 Hic
2981 2392 3063 2437 est
3097 2382 3299 2452 primus
3326 2394 3601 2435 ascensus.
3645 2378 3760 2433 Non
3794 2388 3975 2448 potest

2375 2478 2518 2532 enim
2541 2476 2678 2540 fieri,
2708 2492 2812 2528 non
2836 2484 3011 2543 potest
3038 2484 3094 2529 ut
3119 2472 3277 2527 simul
3305 2481 3357 2527 et
3385 2472 3584 2527 scalam
3608 2472 3971 2538 conscendas,

2378 2580 2433 2626 et
2462 2572 2514 2625 in
2547 2580 2687 2625 terra
2717 2568 2942 2623 haereus.

2447 2663 2500 2716 2.
2546 2661 2706 2716 Vides
2733 2670 2929 2730 quanta
2959 2659 3029 2713 sit
3055 2658 3172 2713 cieli
3200 2656 3421 2712 altitudo
3445 2673 3458 2710 :
3487 2655 3628 2711 nosti
3655 2656 3974 2710 brevitatem

2377 2753 2633 2824 temporis
2664 2770 2676 2805 :
2708 2752 2814 2806 scis
2847 2766 3005 2821 quam
3033 2752 3102 2803 sit
3140 2763 3285 2803 mors
3322 2749 3547 2802 incerta.
3589 2747 3667 2802 Ne
3698 2748 3978 2801 cuncteris

2374 2860 2503 2915 ergo
2525 2886 2541 2911 ,
2570 2858 2669 2898 nec
2690 2842 2903 2897 diﬂ'eras
2923 2882 2936 2905 ,
2966 2840 3059 2894 sed
3100 2839 3236 2894 hanc
3261 2837 3741 2909 peregrinationem
3779 2852 3975 2905 magna

2376 2941 2427 2993 vi
2455 2936 2761 3009 aggredere,
2796 2944 2852 2990 ut
2882 2949 2988 2989 uno
3016 2932 3104 2988 die
3132 2933 3286 2999 duos,
3322 2943 3451 2998 tres,
3482 2932 3666 2987 decem
3697 2942 3752 2985 et
3783 2930 3976 3000 viginti

2376 3031 2573 3100 gradus
2601 3026 2949 3084 conscendas.

2448 3118 2629 3173 Dolori
2654 3117 2917 3189 fugiendi;
2943 3114 3276 3185 improbitatis
3306 3113 3629 3183 supplicium.
3666 3139 3738 3152 —
3771 3111 3827 3166 2.
3865 3109 3980 3166 οο-

2378 3212 2533 3275 mine,
2562 3208 2719 3263 libera
2744 3207 2966 3259 animant
2994 3222 3156 3258 meam
3180 3220 3211 3257 a
3240 3204 3386 3257 labiis
3412 3204 3594 3272 iniquis
3612 3241 3628 3268 ,
3663 3211 3711 3257 et
3740 3218 3772 3255 η
3796 3202 3980 3271 lingua

2377 3303 2571 3357 dolosa.
2606 3298 2736 3355 Vide
2762 3298 2848 3353 hic
2871 3311 3082 3383 qupque
3112 3298 3291 3350 lucere
3325 3302 3644 3363 praeceptum
3667 3292 3794 3347 illud
3811 3307 3984 3348 evan-

2376 3394 2605 3463 gelicum
2631 3409 2644 3445 :
2669 3390 2842 3457 Orate,
2866 3390 3136 3444 ne'intretis
3150 3390 3202 3441 in
3219 3387 3539 3443 tentationem
3557 3386 3710 3457 (Luc.
3741 3384 3977 3456 22.46).

2378 3485 2530 3540 Nulla
2543 3485 2684 3539 enim
2700 3492 2802 3548 est,
2814 3494 2849 3536 o
2863 3480 3073 3544 dilecte,
3092 3480 3304 3550 gravior
3320 3480 3559 3543 tentatio,
3575 3492 3731 3547 quam
3750 3478 3801 3531 in
3821 3475 3983 3531 dolo-

2381 3590 2497 3630 sum
2527 3573 2796 3628 hominem
2824 3570 3095 3626 incidere:
3128 3571 3173 3623 is
3202 3570 3395 3639 quippe
3422 3576 3504 3623 est
3527 3570 3611 3623 vel
3643 3568 3829 3637 quavis
3857 3565 3974 3623 fera

2381 3666 2746 3723 truculentior.
2794 3665 2866 3719 Ea
2898 3664 3038 3718 enim
3068 3662 3117 3717 id
3156 3661 3297 3732 quod
3323 3669 3550 3716 estesse
3587 3661 3852 3716 cernitur:
3884 3658 3977 3715 hic

2382 3769 2557 3814 autem
2583 3743 2967 3812 obtento'velo
2994 3753 3415 3807 mansuetudinis
3429 3760 3499 3807 ~et
3524 3751 3805 3823 probitatis
3828 3764 3977 3821 saepe

2383 3850 2529 3904 virus
2559 3848 2809 3909 occultat,
2837 3855 3011 3900 utnec
3050 3845 3205 3899 facile
3242 3844 3446 3914 possint
3477 3842 3803 3913 deprehendi
3841 3844 3975 3897 insi-

2381 3941 2503 4005 diae,
2524 3948 2579 3995 et
2605 3940 2656 3993 in
2678 3938 2983 3993 barathrum
3002 3937 3140 3990 nulla
3164 3935 3396 3991 adhibita
3418 3936 3662 3990 cautione
3690 3934 3970 3991 incidatur.

2383 4030 2719 4099 Quapropter
2748 4027 2943 4096 ubique
2967 4042 2995 4080 a
3028 4026 3139 4081 Deo
3168 4026 3268 4080 hoc
3297 4026 3509 4081 assidue
3537 4026 3786 4096 postulat,
3819 4034 3879 4080 ut
3906 4027 3974 4081 li-

2383 4122 2600 4178 beretur
2640 4138 2670 4173 a
2716 4120 2909 4174 talibus
2957 4119 3372 4173 insidiatoribus.
3411 4118 3469 4175 Si
3515 4127 3690 4173 autem
3740 4118 3971 4190 fugiendi

2384 4223 2508 4269 sunt
2528 4212 2847 4268 i'raudulenti
2872 4220 2927 4267 et
2953 4211 3223 4276 malitiosi,
3254 4212 3423 4266 multo
3450 4212 3616 4281 magis
3635 4210 3970 4282 deeeptores,

2384 4316 2437 4361 et
2466 4306 2553 4375 qui
2585 4306 2721 4359 mala
2749 4304 2995 4373 dogmata
3021 4302 3319 4373 proferunt.
3348 4304 3574 4358 Maxime
3593 4315 3769 4360 autem
3794 4306 3973 4375 iniqua

2385 4413 2447 4453 ea
2474 4398 2611 4453 labia
2648 4412 2769 4452 esse
2797 4397 3034 4461 dixeris,
3067 4410 3187 4466 quae
3232 4396 3288 4451 in
3328 4396 3522 4452 virtute
3551 4396 3784 4465 laedunt,
3824 4407 3882 4454 et
3906 4398 3973 4453 ad

2386 4489 2572 4543 vitium
2598 4486 2884 4542 adducunt.
2912 4486 2978 4541 Et
3004 4487 3122 4542 ideo
3144 4486 3230 4542 hic
3250 4485 3506 4556 propheta
3530 4496 3682 4558 rogat
3702 4498 3759 4543 ut
3786 4488 3976 4544 libere-

2387 4590 2475 4635 tur
2502 4579 2642 4635 illius
2679 4580 2892 4633 anima:
2924 4592 2990 4633 eo
3026 4579 3169 4633 enim
3209 4579 3310 4633 tela
3340 4579 3539 4649 dirigit.
3572 4581 3624 4636 5.
3665 4580 3803 4646 Quid
3831 4581 3975 4636 detur

2389 4674 2507 4739 tibi,
2553 4680 2649 4744 aut.
2684 4669 2806 4742 quid
2852 4679 3140 4741 apponatur
3190 4668 3281 4724 tibi
3321 4670 3391 4723 ad
3430 4671 3656 4741 linguam
3702 4673 3978 4728 dolosam?

2388 4764 2540 4819 Alius
2579 4762 2842 4830 interpres
2868 4761 2977 4814 ait:
3010 4760 3147 4827 Quid
3174 4759 3409 4829 prwbebit
3432 4760 3539 4827 tibi,
3570 4770 3659 4814 aut
3686 4761 3811 4832 quid
3834 4763 3977 4832 adji-

2387 4859 2481 4913 ciet
2509 4858 2685 4927 lingua
2713 4856 2889 4910 dolosa
2906 4856 2933 4910 ?
2953 4855 3103 4909 Alius
3142 4866 3347 4921 autem,
3385 4855 3521 4923 Quid
3546 4850 3737 4911 dederit
3764 4859 3893 4925 tibi,
3931 4871 3981 4915 et

2388 4948 2511 5020 quid
2536 4948 2622 5001 tibi
2653 4947 2891 5015 adjecerit
2917 4946 3091 5016 lingua
3116 4946 3393 5000 secundum
3427 4946 3645 5001 dolum!
3681 4948 3819 5003 Nihil
3850 4961 3982 5019 ergo

2388 5039 2530 5093 aliud
2568 5038 2801 5093 ostendit
2839 5036 2981 5105 quod
3021 5036 3219 5111 dictum
3263 5047 3377 5104 est,
3424 5039 3527 5093 nisi
3574 5039 3698 5104 hoc,
3731 5056 3979 5112 magnam

2340 5128 2355 5137 '
2390 5144 2509 5185 esse
2551 5127 2967 5197 improbitatem,
3015 5135 3070 5181 et
3098 5135 3291 5182 tetrum
3337 5142 3509 5199 genus
3544 5129 3677 5185 vitii.
3717 5130 3981 5199 Quocirca

2389 5222 2538 5277 vides
2575 5220 2735 5276 etiam
2766 5219 3079 5290 prophetam
3110 5220 3427 5280 irascentem
3446 5262 3461 5284 ,
3505 5235 3940 5296 commatumqne
3962 5268 3978 5292 ,

2391 5324 2445 5370 et
2468 5312 2731 5369 dicentem
2758 5330 2770 5364 :
2797 5312 2919 5383 quid
2943 5312 3086 5368 detur
3105 5313 3214 5377 tibi,
3244 5321 3333 5367 aut
3352 5313 3474 5380 quid
3492 5325 3781 5385 apponatur
3804 5315 3896 5370 tibi
3914 5319 3983 5371 nd

2394 5407 2617 5479 linguam
2654 5406 2883 5461 dolosam
2903 5407 2929 5461 7
2954 5405 3106 5473 Quod
3148 5392 3343 5462 autem
3367 5405 3516 5471 dicit,
3560 5415 3645 5463 est
3677 5407 3938 5478 ejusmodi
3971 5427 3988 5464 :

2392 5501 2669 5569 Quodnam
2700 5498 2803 5554 hoc
2845 5498 2972 5554 vitio
3014 5498 3231 5569 dignum
3274 5496 3575 5554 inveniatur
3618 5501 3991 5570 supplicium?

2455 5674 2529 5736 (a)
2552 5674 2723 5725 Nescio
2744 5686 2833 5723 cur
2850 5672 2981 5736 dicat
3002 5672 3372 5736 Chrysostomus
3387 5673 3631 5725 Christum
3646 5662 3982 5729 beatitudioea

2730 5736 2794 5786 ab
2822 5733 2941 5801 illa,
2978 5733 3116 5801 Beati
3134 5734 3228 5801 qui
3251 5734 3430 5801 lugent,
3454 5749 3564 5801 cum
3587 5738 3841 5801 uec_apud
3868 5748 3982 5791 ttat.

2394 5798 2574 5849 timum
2597 5811 2690 5849 nec
2710 5797 2838 5860 apud
2860 5804 3027 5849 Lucam
3048 5799 3112 5848 sit
3130 5797 3473 5862 isthmc'prima
3496 5797 3763 5852 beatitudo;
