4154 6428
93 454 161 522 iii
1168 446 1533 511 EXPOSIﬂO
1571 444 1637 505 IN
1668 444 1997 506 PSALNUH
2037 442 2229 505 CXIX.

93 579 207 647 0nd
223 578 373 634 etiam
398 572 617 639 ludam
661 570 879 630 dicebat
899 569 1062 627 Isaias
1086 586 1101 626 :
1126 568 1264 636 Quid
1285 567 1457 624 adhuc
1478 581 1661 635 peva

94 671 241 728 -ίιί
264 662 565 743 diem
596 665 923 736 iniquitatem
946 659 1097 735 (Issi.
1128 661 1180 718 l.
1208 659 1315 732 5)?
1343 657 1458 716 uoc
1498 656 1663 713 etiam

94 763 339 835 μω.
372 757 971 828 uesanam“:
996 753 1122 826 quid
1158 747 1664 823 apponaturtibicd

94 859 269 928 Elp-
294 854 530 913 ddunt
551 850 581 906 Ρ
615 850 717 907 Vel
746 849 850 905 hoc
884 861 1015 918 ergo
1059 845 1225 901 dicit:
1258 843 1341 900 vel
1370 841 1532 898 etiam
1558 838 1665 895 hoc

94 948 221 1017 ipsa
257 959 376 1002 esse
420 941 787 1014 supplicium,
818 946 873 994 et
910 946 1040 994 ante
1088 935 1377 991 vindictam
1419 931 1663 988 tibi-vin-

93 1036 240 1095 εαυ-
259 1033 500 1106 exquiris
525 1074 544 1101 ,
576 1048 652 1089 ex
679 1032 852 1099 teipso
877 1028 1063 1083 vilium
1093 1026 1328 1097 pariens.
1372 1022 1663 1079 laximum

92 1125 194 1184 sui
216 1125 539 1197 supplicium
572 1123 775 1181 anima
802 1129 888 1177 est
914 1119 1100 1175 vitium
1122 1159 1137 1184 ,
1164 1116 1330 1175 etiam
1374 1123 1664 1185 antequam

92 1221 309 1291 palatur.
336 1217 637 1289 Quodnam
671 1226 806 1285 ergo
850 1210 1171 1282 supplicium
1213 1207 1372 1265 fuerit
1413 1207 1504 1263 tali
1534 1206 1667 1263 vitio

92 1311 285 1381 mum?
311 1310 409 1365 Hic
432 1307 670 1379 quidem
700 1305 924 1367 nullum,
946 1302 1039 1358 sed
1064 1303 1215 1371 plaga
1242 1316 1363 1371 quae
1382 1314 1412 1354 a
1445 1300 1557 1357 Deo
1585 1299 1668 1353 in-

92 1402 233 1457 luta.
259 1401 432 1456 llomo
450 1400 610 1455 enim
634 1413 742 1452 non
769 1396 967 1467 poterit
986 1393 1177 1464 dignas
1197 1406 1386 1461 pinnas
1405 1404 1622 1446 sumere
1648 1405 1662 1443 :

94 1511 181 1551 ιιι
197 1508 403 1551 unum
430 1490 745 1551 cruciatum
770 1495 992 1559 superat
1019 1484 1335 1558 improbitas
1361 1503 1375 1540 :
1399 1484 1542 1541 Deus
1566 1498 1665 1540 au-

94 1597 169 1643 tsu
186 1588 249 1643 illi
274 1587 490 1658 plagam
509 1579 748 1655 indiget.
766 1582 835 1639 Et
863 1582 985 1641 ideo
1010 1578 1115 1637 hoc
1143 1582 1322 1651 ipsum
1343 1577 1661 1644 ostendens,

92 1693 182 1734 uox
204 1677 522 1750 ηϋῖιιιιιὶιε
555 1676 615 1734 Δ.
642 1674 865 1745 Sagitta
889 1672 1108 1744 potentis
1140 1680 1309 1726 acuta
1335 1686 1454 1725 cum
1483 1669 1663 1725 carbo-

92 1766 199 1823 ιῆιι
220 1766 570 1825 laetata-iis.
599 1763 835 1836 Sagittas
860 1756 949 1819 hic
978 1777 1168 1829 rursus
1188 1761 1421 1833 appellat
1456 1761 1664 1832 suppli-

91 1861 163 1915 cia.
186 1860 322 1918 Alios
345 1869 537 1919 autem
564 1858 833 1928 interpres
852 1854 1007 1923 dixit,
1032 1853 1250 1927 Sagitta
1269 1853 1487 1925 potentis
1502 1863 1669 1909 acuta

94 1960 177 2006 ut
198 1965 306 2009 ιιι-
333 1948 657 2009 urbanius
693 1948 934 2022 aggestis.
967 1946 1035 2003 Et
1061 1944 1234 2014 alius,
1268 1944 1396 2002 Cum
1426 1945 1666 2005 carboni-

93 2046 159 2097 tu
498 2083 517 2109 ,
542 2041 824 2097 nominum
856 2038 1206 2095 translatione
1231 2051 1434 2110 augens
1464 2045 1667 2094 metum

94 2136 311 2205 Ipplicii.
331 2134 469 2190 Nam
492 2143 557 2191 et.
590 2132 742 2196 illud.
772 2130 1023 2204 Aggestis,
1050 2139 1107 2186 et
1134 2129 1238 2185 hoc
1261 2170 1277 2198 ,
1306 2126 1628 2199 Juniperinis
1647 2171 1664 2197 ,

94 2226 296 2287 autem
324 2226 497 2283 habet.
546 2238 793 2282 sensum.
828 2223 940 2277 Illic
962 2221 1106 2278 enim
1135 2219 1377 2277 ostendit
1420 2221 1666 2277 multitu-

94 2316 263 2384 dinea;
290 2319 378 2375 hic
404 2328 599 2374 autem
627 2316 935 2388 qualitatem
960 2324 1015 2370 ct
1040 2313 1432 2370 vehementiam
1457 2314 1669 2385 suppli-

94 2412 160 2467 cii.
185 2412 323 2480 Quod
350 2411 585 2484 quidem
627 2407 979 2479 Septuaginta
1016 2421 1229 2478 quoque
1257 2406 1622 2480 signiﬁcantes
1643 2447 1659 2475 ,

96 2507 193 2561 ει-
219 2510 524 2565 moenibus
562 2507 920 2573 desolatoriis,
953 2504 1273 2572 ediderunt,
1302 2504 1404 2559 hoc
1431 2510 1516 2559 est
1536 2541 1549 2565 .
1576 2502 1670 2572 qui

98 2611 297 2671 vastant,
341 2602 614 2673 perdunt,
658 2610 715 2656 et
742 2608 1084 2656 consumunt.
1132 2597 1212 2654 Ex
1239 2596 1479 2655 materiis
1523 2592 1669 2651 enim

100 2712 190 2761 tu
210 2706 324 2754 sunt
346 2697 495 2767 apud
536 2710 637 2751 nos
662 2693 954 2759 terribiles,
988 2692 1086 2751 Dei
1118 2691 1378 2748 ultionem
1408 2688 1670 2759 attingunt

100 2784 350 2858 Scriptura
373 2830 389 2853 ,
416 2788 652 2859 sagittas
681 2796 737 2842 et
762 2785 941 2857 ignem
963 2799 1028 2840 ea
1056 2795 1331 2841 vocantes.
1364 2783 1463 2840 llic
1488 2792 1669 2838 autem

102 2878 199 2932 lilii
222 2879 430 2937 videtur
456 2876 806 2936 subindicare
827 2876 1103 2933 barbaros.
1129 2875 1195 2930 Et
1223 2875 1345 2931 ideo
1370 2873 1508 2931 alius
1533 2890 1671 2945 quo-

101 2983 178 3036 tae
198 2970 456 3041 interpres
474 2970 590 3024 hoc
612 2966 942 3037 signiﬁcans.
973 2964 1208 3030 dicebat,
1239 2963 1674 3021 Libera'animain

104 3076 277 3116 -η
294 3062 434 3119 tabis
457 3059 715 3116 audaci.
748 3058 898 3115 Talia
929 3060 1073 3115 enim
1099 3068 1227 3113 sunt
1246 3072 1432 3113 eorum
1463 3056 1624 3113 verba
1651 3099 1669 3124 ,

105 3151 328 3209 Nasidi
355 3153 569 3211 ettales
592 3150 799 3207 insidia:
818 3192 834 3218 ,
862 3150 1018 3221 plena
1047 3149 1229 3205 omnia
1260 3147 1449 3205 fraude
1470 3158 1525 3205 et
1556 3164 1673 3204 ma-

106 3244 217 3297 sitao
239 3246 461 3303 scelere.

160 3334 400 3408 Peregrini
417 3338 475 3392 in
494 3338 594 3391 hac
612 3336 714 3390 vita
734 3351 925 3390 sumus.
955 3365 1027 3375 —
1046 3333 1099 3391 5.
1148 3328 1247 3388 Hei
1276 3334 1423 3401 mitti,
1447 3336 1567 3405 quia
1589 3336 1673 3389 in-

107 3429 261 3483 uictus
288 3448 428 3485 utens
471 3429 808 3501 prolongntus
853 3438 946 3481 est.
993 3424 1237 3481 Habitari
1277 3443 1391 3481 cum
1440 3430 1675 3483 taberna-

105 3522 204 3574 culis
241 3523 420 3579 ϐιαίαν.
474 3524 629 3577 Alius
672 3522 935 3590 interpres
977 3522 1093 3574 ait:
1147 3518 1248 3573 Hei
1317 3520 1481 3585 mihi,
1552 3522 1676 3589 quia

107 3614 340 3669 halm
369 3614 623 3686 protrusi.
658 3614 827 3679 Alius,
866 3612 964 3667 Hei
1009 3613 1154 3679 mihi,
1193 3612 1390 3667 advena
1416 3614 1492 3683 [ui
1523 3613 1675 3685 longo

110 3712 309 3772 tmpore.
341 3708 405 3762 Hi
431 3706 649 3777 quidem
693 3704 797 3759 hoc
825 3705 985 3759 modo
1021 3704 1382 3759 lamentantur
1411 3704 1476 3759 de
1506 3707 1679 3777 capti-

110 3798 238 3851 vitate
274 3798 598 3871 Babylonica
625 3814 639 3849 :
671 3796 868 3852 Paulus
898 3805 1074 3850 autem
1101 3795 1170 3851 de
1207 3811 1270 3849 ea
1297 3811 1419 3865 qua:
1448 3796 1536 3851 hic
1558 3797 1674 3853 lono

108 3889 198 3953 [ius
236 3890 462 3946 trahitur
506 3903 681 3954 mora,
711 3886 894 3944 dicens
932 3906 944 3942 :
980 3886 1179 3941 Etenim
1222 3886 1346 3941 dum
1395 3903 1571 3942 sumus
1622 3888 1674 3942 in

112 3977 182 4030 hac
214 3980 549 4043 tebanacufo,
592 3980 969 4049 ingentiscimas
1008 3975 1211 4051 gravati
1231 3978 1307 4047 (2.
1352 3976 1469 4032 Cor.
1500 3977 1553 4033 5.
1593 3978 1673 4048 4).

115 4067 181 4135 Et,
214 4069 324 4126 Non
350 4072 600 4126 autemid
621 4071 808 4136 solum,
842 4068 932 4125 sed
978 4069 1128 4124 etiam
1155 4068 1392 4123 [tabentes
1422 4070 1521 4139 ipsi
1572 4071 1679 4139 pri-

112 4162 246 4216 Iiti-ts
261 4163 509 4234 Spiritus,
526 4174 573 4220 et
592 4165 692 4234 ipsi
709 4164 760 4218 in
784 4164 928 4219 nobis
948 4164 1075 4232 ipsis
1096 4162 1474 4233 ingemiscinuts
1493 4160 1670 4235 (Rom.

114 4252 152 4304 8.
173 4253 273 4326 εδ).
295 4258 385 4313 Est
408 4260 554 4314 enim
589 4273 827 4328 praesens
855 4260 962 4311 vita
990 4257 1273 4312 incolatus.
1306 4256 1372 4310 Et
1393 4256 1518 4326 quid
1555 4254 1677 4310 dico

116 4348 381 4414 inodstum.
410 4368 534 4408 cum
574 4368 662 4406 res
702 4352 773 4406 sit
807 4351 892 4407 vel
934 4350 1165 4405 incolatu
1214 4348 1473 4404 inferior?
1522 4348 1679 4405 Unde

114 4435 319 4498 Christus
340 4445 501 4500 etiam
531 4446 701 4513 ipsam
742 4442 1144 4506 vocavit'viatn,
1171 4442 1359 4497 dicens
1395 4458 1408 4495 :
1448 4442 1679 4511 Angusta

116 4540 169 4583 at
190 4546 338 4601 porta,
363 4546 410 4590 et
455 4548 597 4589 arcta
644 4536 721 4589 riu
749 4549 863 4604 qua
885 4535 1026 4587 ducit
1070 4534 1141 4587 ad
1189 4536 1343 4587 vitam
1377 4532 1589 4603 (Matth.
1623 4533 1653 4587 7

118 4622 205 4691 ii).
230 4626 329 4681 lloc
348 4631 493 4683 enim
524 4639 602 4682 est
625 4627 867 4681 doctrina
895 4625 1097 4695 optima
1128 4635 1288 4695 atque
1314 4624 1451 4680 adeo
1482 4626 1675 4694 prima,

119 4714 224 4769 xire
259 4734 351 4773 nos
387 4734 514 4775 esse
557 4715 848 4788 inquilinos
876 4718 927 4771 in
955 4717 1066 4771 vita
1111 4715 1385 4786 pra'scnti.
1416 4718 1675 4783 Quocirca

124 4815 295 4864 veteres
318 4826 533 4881 quoque
560 4809 611 4864 id
639 4809 1041 4865 cunlitcbantur
1072 4824 1087 4861 :
1119 4818 1173 4861 et
1213 4808 1335 4863 ideo
1362 4808 1526 4862 habiti
1552 4816 1680 4863 sunt

124 4894 160 4945 in
184 4902 387 4956 maxima
414 4902 792 4957 admiratione.
828 4901 940 4955 Hoc
962 4901 1123 4955 etiam
1146 4900 1344 4955 Paulus
1372 4900 1681 4971 signiﬁcans

125 4990 358 5049 tdistentio
378 4993 595 5049 dicebat
621 5012 633 5047 :
667 4991 888 5063 Propter
912 4993 1046 5045 hanc
1070 5008 1279 5045 causam
1309 5008 1411 5045 non
1434 4991 1681 5047 erubescit

124 5090 184 5129 ⁸⁸⁸
200 5078 336 5149 θαι.
353 5083 496 5140 Deus
518 5100 693 5139 eorum
721 5085 894 5138 vocari
920 5082 1104 5155 (Hebr.
1131 5084 1218 5137 ll.
1247 5083 1359 5153 16).
1380 5082 1682 5151 Quamnam

125 5168 175 5221 ob
194 5175 423 5231 causam?
452 5176 541 5230 dic
579 5176 729 5230 mihi.
762 5176 897 5244 Quia
927 5174 1166 5232 confessi
1192 5188 1317 5230 sunt
1343 5191 1402 5230 se
1431 5191 1553 5231 esse
1581 5176 1682 5231 ho-

126 5265 666 5341 tpitesetperegriuos
696 5268 859 5340 (Ibid.
907 5286 956 5323 υ.
1002 5270 1117 5339 15).
1154 5268 1266 5324 lloc
1294 5279 1377 5324 est
1429 5270 1581 5325 radix
1630 5278 1687 5327 et

129 5354 479 5420 [ammentum
528 5365 708 5418 omnis
759 5362 992 5417 virtutis.
1047 5362 1147 5431 Qui
1176 5364 1320 5417 enim
1355 5377 1535 5417 rerum
1565 5379 1687 5434 qum

130 5450 190 5504 hic
225 5467 334 5513 sunt
373 5467 456 5513 at
508 5459 726 5528 hospes,
756 5458 858 5513 erit
904 5473 1084 5512 rerum
1134 5472 1489 5528 supernamm
1530 5460 1682 5511 civis.

130 5544 392 5605 Quieorutn
430 5566 552 5619 qua:
598 5551 685 5604 hic
728 5534 981 5604 sunt'est
1031 5547 1251 5619 hospes,
1282 5563 1387 5604 non
1440 5550 1687 5604 lubenter

134 5638 379 5695 lambitur
409 5641 462 5695 in
493 5640 883 5712 praesentibus:
913 5656 1018 5693 non
1046 5639 1260 5705 domus,
1280 5655 1387 5696 non
1415 5641 1681 5711 pecuni-.9.

134 5733 210 5778 Non
232 5729 476 5799 alimenti,
508 5746 613 5788 nec
654 5730 792 5785 alius
838 5730 1102 5800 ejusmodi
1133 5746 1319 5785 curam
1365 5742 1514 5801 geret
1542 5748 1555 5783 :
1589 5730 1683 5785 sed

134 5823 525 5882 Maecium
555 5824 647 5895 qui
678 5824 731 5878 in
757 5823 933 5877 aliena
966 5825 1188 5894 regione
1217 5837 1517 5889 versantur,
1554 5823 1684 5878 nihil

137 5920 372 5985 “agunt
397 5929 452 5975 et
497 5918 794 5973 moliuntur
827 5924 882 5969 ut
913 5918 1097 5986 patriae
1145 5931 1256 5975 sum
1301 5918 1670 5984 restituantur,

3285 434 3393 507 si:

1774 572 1830 619 et
1856 564 2094 635 quotidie
2122 570 2315 635 urgent
2343 568 2398 618 et
2427 559 2705 627 festinant,
2740 566 2799 615 ut
2838 571 2955 613 cam
2981 570 3103 628 quae
3127 569 3224 612 eos
3267 556 3391 611 ιιιιιι

1773 655 2025 713 vidum:
2059 654 2132 710 ita
2157 653 2319 710 etiam
2350 652 2443 725 qui
2472 666 2661 708 amore
2694 650 2997 705 futurorum
3026 656 3260 714 tenetur,
3288 660 3392 703 nec

1773 747 1934 803 rebus
1957 744 2317 819 praesentibus
2342 743 2587 800 adversis
2611 740 2851 799 animum
2882 738 3152 805 demittet.
3171 752 3273 795 nec
3302 750 3391 793 se-

1772 838 1964 894 cundis
1990 851 2051 895 se
2073 835 2283 903 cil‘eret,
2304 834 2400 892 sed
2430 844 2656 905 utraque
2687 838 3087 903 praztercurret,
3108 838 3390 900 tamquam

1772 930 1863 1000 qui
1878 930 1979 986 iter
1992 928 2388 1003 agit.Quocirca
2404 926 2659 1001 iubentur
2674 927 2837 982 etiam
2852 924 3036 981 dicere
3052 924 3107 980 in
3118 923 3389 991 oratione,

1772 1022 2021 1081 Adveniet
2048 1039 2265 1095 regnum
2310 1032 2455 1077 tanta:
2478 1018 2694 1093 (Matth.
2727 1021 2779 1076 6.
2807 1018 2911 1084 10;
2942 1016 3072 1079 Luc.
3104 1016 3194 1074 il.
3223 1015 3307 1087 3),
3332 1024 3397 1072 ut

1771 1117 1917 1175 illius
1960 1115 2067 1173 diei
2113 1114 2444 1177 desiderium
2493 1124 2548 1173 et
2586 1113 2939 1185 cupiditatem
2976 1110 3161 1167 animo
3203 1118 3396 1167 nostro

1771 1218 2154 1274 versantes,et
2192 1210 2368 1280 ipsum
2399 1223 2511 1280 pra:
2549 1206 2724 1263 oculis
2774 1204 3059 1270 habentes,
3088 1218 3157 1260 ne
3202 1201 3393 1259 videa-

1773 1319 1893 1361 mus
1917 1303 2135 1375 quidem
2186 1303 2491 1374 prteseutia.
2546 1299 2603 1358 Si
2636 1302 2781 1356 enim
2832 1298 3008 1356 Judtei
3052 1295 3395 1369 Jerosolyma

1770 1397 2165 1465 desiderantes,
2213 1398 2378 1453 etiam
2420 1404 2704 1467 postquam
2753 1393 2966 1451 liberati
3015 1401 3161 1459 stant,
3193 1390 3398 1448 deflent

1772 1491 2044 1563 pmterita
2082 1508 2095 1544 :
2139 1506 2388 1561 quaenam
2433 1488 2650 1545 dabitur
2696 1487 2853 1546 nobis
2904 1485 3097 1553 venia,
3141 1499 3393 1556 quaenam

1773 1581 2107 1654 relinquetur
2144 1580 2410 1648 defensio,
2454 1580 2500 1637 si
2530 1594 2639 1637 non
2679 1595 2931 1651 superna:
2971 1578 3273 1635 Jerusalem
3306 1586 3390 1631 te-

1772 1690 2000 1733 neamur
2028 1672 2339 1733 vehementi
2366 1672 2639 1731 desiderio
2658 1671 2684 1727 γ

1846 1766 1899 1825 3.
1924 1764 2061 1824 Vide
2085 1780 2215 1838 ergo
2238 1764 2510 1837 quomodo
2538 1763 2593 1820 bi
2615 1778 2833 1836 quoque
2856 1763 3221 1819 lamentantur
3242 1759 3394 1832 quod

1772 1870 1896 1916 cum
1932 1859 2040 1915 illis
2064 1868 2369 1926 versentur,
2403 1856 2666 1925 Habitari,
2697 1856 2961 1925 dicentes,
2994 1872 3111 1911 cum
3151 1854 3395 1915 taberna-

1771 1952 1903 2013 culis
1926 1950 2093 2010 Cedar
2120 1968 2139 2008 :
2166 1951 2383 2007 multum
2417 1951 2587 2006 incola
2624 1950 2723 2020 fuit
2750 1950 2929 2005 animo
2954 1962 3086 2004 mea.
3119 1947 3221 2004 llic
3244 1947 3394 2002 enim

1774 2061 1882 2105 non
1906 2044 2082 2102 solum
2112 2043 2334 2107 deﬂent.
2351 2044 2496 2117 quod
2526 2044 2579 2099 in
2605 2042 2780 2099 aliena
2811 2039 3080 2108 habitent,
3105 2039 3199 2096 sed
3224 2039 3391 2095 etiam

1773 2137 1917 2207 quod
1949 2152 2075 2194 cum
2102 2120 2349 2191 barbaris
2375 2144 2678 2193 versentur.
2702 2134 2856 2203 Quod
2887 2132 3103 2203 quidem
3128 2132 3219 2188 alii
3247 2146 3391 2203 quo-

1773 2247 1880 2304 que
1906 2228 2176 2287 faciebant
2198 2228 2475 2300 prophetae
2494 2228 2563 2284 de
2586 2224 2839 2299 praesenti
2872 2226 2981 2281 vita
3007 2226 3391 2286 lamentantes.

1772 2335 1827 2380 et
1855 2323 2135 2380 dicentes:
2173 2319 2272 2383 Hei
2310 2321 2475 2377 mihi!
2498 2320 2618 2391 quia
2648 2321 2797 2391 periit
2826 2319 2942 2391 pius
2971 2336 3004 2373 a
3042 2328 3199 2383 terra,
3232 2324 3281 2371 et
3306 2316 3395 2385 qui

1772 2424 1905 2471 recte
1943 2422 2067 2487 agat
2110 2430 2212 2469 non
2252 2423 2325 2470 est
2366 2414 2421 2468 in
2466 2412 2757 2468 hominibus
2805 2408 2991 2484 (Hielt.
3027 2408 3081 2465 7.
3123 2408 3173 2464 l.
3204 2406 3300 2479 2);
3338 2417 3397 2462 et

1774 2506 1936 2563 etiam
1972 2504 2059 2562 hic
2086 2505 2205 2576 ipse
2226 2504 2412 2562 dicens
2459 2522 2473 2557 ε
2524 2503 2687 2562 Serva
2713 2520 2813 2570 me,
2859 2500 3101 2567 Domine,
3149 2500 3396 2573 quoniam

1775 2597 1957 2669 defecit
1982 2606 2188 2653 sanctus
2215 2596 2390 2668 (Psal.
2422 2597 2513 2653 il.
2542 2594 2622 2667 2).
2652 2595 2837 2667 Neque
2864 2594 3008 2650 enim
3041 2592 3159 2650 hmo
3184 2592 3288 2648 vita
3312 2601 3397 2646 est

1774 2708 1841 2748 eo
1884 2698 2093 2748 tantum
2140 2691 2431 2754 laboriosa.
2463 2689 2607 2763 quod
2641 2690 2927 2761 plurimam
2960 2688 3157 2744 habeat
3180 2687 3395 2743 Vanita-

1778 2795 1909 2853 tem,
1941 2793 1998 2841 et
2018 2800 2179 2843 curas
2217 2786 2573 2855 importunus,
2604 2783 2699 2840 sed
2720 2784 2863 2855 quod
2902 2784 3065 2838 etiam
3093 2783 3295 2837 multus
3324 2782 3400 2837 sit

1778 2879 2041 2935 malorum
2070 2886 2384 2949 proventus.

1852 2969 2116 3026 latorum
2143 2970 2455 3025 consuetudo
2507 2969 2652 3025 bonis
2709 2975 2784 3023 est
2844 2966 3246 3029 molestissima;
3292 2965 3396 3020 vita

1780 3077 2003 3135 prasens
2022 3062 2166 3119 bonis
2192 3064 2348 3134 longa
2370 3062 2587 3128 videtur,
2610 3062 2761 3117 matis
2783 3072 2955 3115 autem
2979 3057 3396 3115 brevis.—Nilnl

1777 3165 1862 3213 est
1891 3163 2074 3212 autem
2104 3156 2319 3228 gravius
2342 3163 2397 3211 et
2420 3152 2726 3221 molestius,
2748 3168 2908 3223 quam
2936 3166 3060 3207 cum
3089 3151 3397 3222 lntjusmodi

1781 3247 2090 3304 hominibus
2134 3247 2464 3318 congressio.
2498 3240 2684 3315 Neque
2721 3244 2868 3300 enim
2923 3243 3105 3301 fumus
3146 3253 3201 3300 et
3228 3256 3399 3314 vapor

1781 3342 1854 3396 ita
1899 3341 2041 3395 solet
2068 3354 2298 3408 gravare
2324 3337 2534 3401 oculos,
2569 3346 2627 3391 ut
2656 3337 3024 3409 improborum
3054 3334 3395 3392 consuetudo

1780 3432 2019 3493 animum
2051 3432 2265 3485 tristitia
2293 3429 2479 3484 allicit.
2513 3427 2633 3484 Non
2678 3429 2827 3485 vides
2861 3430 3150 3485 Dominum
3179 3443 3395 3500 quoque

1782 3534 2027 3582 nostrum
2053 3524 2239 3580 Iesum
2270 3522 2547 3579 Christum
2578 3523 2869 3579 ostendere
2889 3540 3048 3595 quam
3074 3526 3145 3581 sit
3170 3525 3398 3580 molesta

1781 3617 2045 3688 ejusmodi
2072 3616 2448 3674 consuetudo?
2493 3616 2722 3683 Quando
2752 3618 2897 3671 enim
2938 3617 3091 3684 dicit,
3124 3616 3401 3683 Quousque

1780 3725 1868 3765 ero
1897 3707 2194 3764 uobiscum?
2222 3724 2484 3778 quousque
2515 3711 2678 3779 feram
2704 3725 2790 3763 vos
2822 3706 3037 3777 (Matth.
3063 3709 3150 3764 17.
3182 3708 3314 3773 l7)?
3343 3710 3397 3762 id

1784 3800 1936 3865 dicit,
1972 3799 2076 3859 hoc
2102 3800 2334 3855 obscure
2364 3799 2693 3871 significans.
2728 3800 2974 3855 Habitari
3014 3818 3129 3855 cum
3158 3801 3400 3856 taberna-

1782 3884 1912 3939 culis
1940 3882 2129 3939 Cedar.
2160 3884 2455 3940 Barbarum
2484 3899 2653 3956 genus
2681 3894 2765 3940 est
2792 3885 2944 3950 illud,
2972 3885 3247 3941 efferatius
3272 3901 3398 3942 cum

1782 3976 2013 4032 subditis
2051 3976 2222 4031 instar
2274 3976 2509 4032 ferarum
2559 3992 2754 4048 agere,
2812 3986 2871 4033 ut
2912 3979 3001 4049 qui
3055 3979 3302 4035 tentoriis
3346 3991 3401 4032 et

1786 4068 2012 4139 tuguriis
2061 4077 2301 4135 utantur,
2345 4078 2399 4123 et
2442 4068 2510 4124 ad
2566 4069 2957 4126 immanitatem
3010 4070 3245 4127 ferarum
3294 4072 3403 4128 sint

1784 4160 2011 4214 redacti.
2062 4158 2170 4214 Sed
2223 4159 2305 4213 his
2354 4161 2523 4215 multo
2571 4170 2698 4216 sunt
2741 4160 3076 4219 eﬂ‘eratiores
3130 4173 3397 4233 raptores.

1783 4257 1930 4310 avari
1956 4264 2010 4310 ct
2028 4257 2120 4326 qui
2150 4256 2416 4329 impudice
2442 4273 2505 4313 ac
2533 4258 2820 4316 libidinose
2847 4270 2901 4316 et
2922 4262 2974 4316 in
3005 4261 3213 4319 deliciis
3233 4264 3399 4320 vitam

1786 4347 2109 4419 transigunt.
2143 4349 2199 4403 9.
2230 4345 2455 4404 Multum
2498 4352 2668 4406 incola
2711 4353 2811 4421 {uit
2852 4353 3026 4407 anitna
3070 4371 3203 4409 mea.
3236 4357 3401 4427 Atqui

1787 4457 1893 4495 non
1925 4441 2193 4507 multum;
2239 4440 2451 4497 fuerunt
2485 4443 2628 4498 enini
2660 4446 2835 4499 solum
2865 4448 3201 4517 septuaginta
3235 4450 3360 4502 anui
3386 4466 3398 4501 :

1787 4532 1881 4586 sed
1911 4546 2019 4586 non
2062 4532 2300 4600 appellat
2329 4533 2553 4588 multum
2603 4548 2821 4603 propter
2858 4536 3274 4603 multitudinem,
3304 4540 3402 4592 sed

1789 4634 2011 4693 propter
2040 4640 2218 4678 rerum
2248 4624 2638 4680 difficultatem.
2689 4627 2801 4681 Etsi
2836 4641 2978 4682 enim
3026 4630 3097 4684 sit
3126 4631 3397 4700 exiguum.

1789 4716 2002 4771 videtur
2029 4730 2150 4771 esse
2176 4717 2403 4771 multum
2433 4718 2496 4772 iis
2524 4718 2614 4787 qui
2646 4716 2977 4788 afﬂiguntur.
3004 4718 3078 4775 Ita
3111 4724 3269 4776 etiam
3304 4738 3404 4777 nos

1787 4819 2004 4878 Oportet
2032 4807 2192 4873 aftici,
2223 4816 2277 4863 et
2305 4810 2552 4879 quamvis
2582 4809 2670 4865 hic
2702 4812 2885 4881 paucis
2907 4814 3065 4868 anuis
3087 4816 3399 4877 vixerimus.

1786 4916 1882 4955 ens
1919 4912 2097 4955 tamen
2128 4900 2326 4955 multos
2353 4916 2475 4955 esse
2506 4911 2694 4971 putare
2726 4916 2946 4974 propter
2980 4902 3281 4961 futurorum
3311 4907 3404 4961 de-

1787 4994 2069 5047 siderium.
2103 4992 2229 5048 Haec
2254 4994 2376 5049 dico
2420 5009 2525 5049 non
2559 4998 2722 5051 vitam
2756 5009 3077 5067 praesentem
3106 5015 3402 5061 accusans;

1788 5085 1965 5139 absit:
1991 5100 2054 5140 ea
2082 5093 2167 5139 est
2195 5084 2337 5141 enim
2368 5099 2503 5159 opus
2532 5086 2628 5142 Dei
2659 5106 2671 5141 :
2705 5088 2799 5143 sed
2825 5089 2891 5144 ad
2925 5090 3223 5147 futurorum
3253 5106 3407 5149 amu-

1790 5193 1904 5231 rem
1953 5192 2051 5232 vos
2077 5179 2319 5253 excitans
2344 5188 2399 5235 et
2430 5180 2679 5245 incitans,
2712 5190 2768 5237 et
2798 5198 2865 5237 ne
2893 5183 2945 5237 in
2978 5183 3140 5239 rebus
3169 5200 3407 5255 praesen-

1792 5271 1933 5325 tibus
1964 5271 2213 5326 lubenter
2248 5274 2560 5339 versemini,
2592 5290 2693 5329 nec
2714 5276 2927 5346 corpori
2957 5274 3104 5331 affixi
3128 5278 3283 5332 sitis:
3307 5294 3408 5333 nec

1790 5366 1861 5421 ita
1893 5365 2229 5434 aﬂiciatuini,
2264 5377 2323 5423 ut
2348 5369 2592 5423 nonnulli
2626 5384 2657 5425 e
2678 5370 2839 5441 vulgo
2868 5370 3065 5441 abiecti
3096 5371 3284 5438 animi,
3314 5377 3405 5443 qui

1789 5458 1892 5514 etsi
1927 5475 2024 5528 per
2054 5462 2251 5517 multus
2280 5477 2452 5518 annos
2490 5463 2743 5530 vixerint,
2775 5478 2872 5521 eos
2916 5480 3116 5537 paucos
3155 5482 3280 5523 esse
3322 5467 3407 5522 di-

1792 5561 1941 5605 cunt.
1972 5551 2181 5621 Quibus
2214 5556 2346 5625 quid
2394 5570 2514 5611 esse
2567 5565 2745 5627 potest
2797 5573 2828 5611 a
2881 5559 3091 5615 ratione
3141 5560 3409 5616 alienius!

1762 5692 1763 5695 η
1792 5643 1930 5711 Quid
1955 5658 2086 5698 vero
2104 5648 2341 5702 crassius
2370 5648 2434 5701 iis
2460 5649 2551 5717 qui
2592 5651 2726 5705 cado
2749 5652 3050 5721 proposito,
3078 5662 3136 5709 et
3160 5652 3228 5708 iis
3254 5653 3407 5709 bonis

1791 5749 1913 5804 quae
1938 5744 2067 5790 sunt
2099 5736 2151 5789 in
2172 5738 2347 5794 cadis.
2369 5737 2498 5803 Qua:
2524 5756 2616 5794 nec
2654 5742 2832 5797 oculus
2854 5743 2997 5806 vidit.
3022 5760 3114 5799 nec
3141 5745 3284 5800 auris
3310 5761 3378 5799 att
3394 5776 3407 5787 -

1792 5827 1917 5881 dirit
1962 5830 2040 5899 (ι.
2070 5826 2189 5884 Cor.
2234 5830 2287 5885 2.
2320 5829 2399 5901 9),
2427 5825 2526 5885 ore
2575 5830 2757 5888 hiante
2802 5837 3019 5892 umbras
3063 5846 3303 5908 stupent.
3349 5851 3399 5893 et

1794 5918 1977 5974 volunt
2006 5920 2129 5973 vitm.
2154 5924 2435 5991 prtesentis
2466 5925 2713 5995 euripum
2748 5927 3017 5998 trajicere,
3047 5930 3097 5983 in
3130 5934 3405 6001 perpetuis
