4218 6442
736 457 841 513 335

731 566 1015 631 ﬂuctibus,
1061 564 1464 635 tempestatibus
1515 570 1568 615 et
1614 556 1903 630 naufragiis
1950 554 2213 612 volutati?
2260 554 2325 607 At

734 674 844 718 smn
874 658 953 716 sic
982 655 1215 713 Paulus:
1245 651 1341 710 sed
1383 651 1673 709 festinabat
1698 658 1754 705 et
1801 646 2042 719 urgebat,
2066 655 2126 701 et
2162 658 2329 698 unum

733 752 910 810 solum
937 763 1063 806 eum
1090 746 1373 813 retinebat,
1404 758 1600 815 nempe
1623 728 1769 797 salus
1800 739 2075 796 hominum
2104 734 2327 809 (Philip.

736 844 791 905 1..
816 840 937 915 23).
959 841 1014 895 7.
1043 839 1173 896 Cum
1208 837 1286 892 his
1319 837 1406 908 qui
1439 840 1655 891 oderunt
1686 848 1858 902 pacein
1882 846 2023 886 eram
2050 827 2293 901 pacificus
2313 840 2332 878 :

740 948 861 990 cum
880 933 1122 1004 loquebar
1142 931 1268 996 illis,
1292 926 1661 1000 impugnabant
1690 940 1770 978 me
1795 923 1974 995 gratis.
1993 920 2183 976 Vidisti
2198 932 2331 990 quo-

733 1025 901 1082 modo
927 1022 1164 1081 ostendit
1182 1036 1345 1093 quam
1368 1034 1529 1091 grave
1547 1017 1618 1073 sit
1645 1016 1755 1071 illic
1775 1012 2021 1071 versari?
2043 1011 2159 1067 Non
2183 1009 2329 1066 enim

735 1118 896 1185 dixit,
912 1116 1054 1174 Cum
1072 1114 1141 1171 iis
1160 1114 1251 1185 qui
1280 1127 1385 1168 non
1411 1111 1611 1166 habent
1638 1121 1847 1178 pacem,
1874 1104 1991 1171 sed,
2008 1102 2136 1158 Cum
2161 1101 2226 1156 iis
2246 1100 2331 1172 qui

737 1209 858 1269 odio
886 1208 1069 1265 habent
1099 1223 1274 1279 pacem
1300 1220 1436 1261 eram
1485 1202 1748 1273 paciﬁcus.
1772 1198 1964 1255 Vidisti
1987 1193 2328 1252 commodum

626 1316 633 1319 ‘
733 1300 1078 1362 afﬂictionis?
1119 1296 1299 1353 vidisti
1348 1298 1578 1351 ﬂuctum
1623 1287 1987 1362 captivitatis?
2035 1284 2141 1342 Sed
2188 1300 2330 1339 num:

733 1392 856 1464 quis
881 1402 1127 1450 nostrum
1158 1390 1261 1445 hoc
1278 1388 1477 1461 poterit
1501 1386 1726 1441 dicere?
1752 1382 1894 1439 Satis
1915 1381 2060 1437 enim
2082 1377 2263 1441 fuerit,
2284 1378 2328 1431 si

735 1498 860 1540 cum
890 1479 1127 1556 paciﬁcis
1153 1480 1322 1537 simus
1354 1477 1558 1549 paciﬁci
1602 1493 1619 1531 :
1665 1474 1752 1530 hic
1794 1482 1971 1529 autem
2007 1470 2169 1529 etiam
2206 1483 2328 1524 cum

738 1574 805 1630 iis
826 1572 919 1645 qui
945 1586 1130 1643 pacem
1157 1570 1389 1627 oderant
1416 1576 1534 1623 erat
1558 1565 1833 1638 paciﬁcus.

806 1665 940 1722 Belli
967 1682 1031 1721 ac
1056 1679 1242 1737 pugni:
1258 1677 1419 1717 conn
1446 1660 1727 1732 praecipua.
1769 1653 1926 1709 Hane
1957 1653 2085 1718 ovis,
2111 1660 2161 1707 et
2184 1650 2330 1723 lupos

732 1756 1032 1827 snperabis;
1057 1752 1392 1810 mansuetudo
1418 1750 1505 1805 ubi
1529 1749 1750 1804 niaxiine
1766 1743 2172 1802 ostendatda.—
2188 1740 2329 1809 Quo-

734 1849 898 1907 modo
922 1863 1053 1920 crgo
1080 1863 1180 1905 nos
1206 1852 1420 1919 quoque
1455 1845 1511 1901 iu
1533 1842 1635 1899 hac
1655 1856 1713 1898 re
1738 1849 1886 1897 recte
1911 1836 2230 1912 geremus'l
2275 1835 2329 1893 Si

734 1952 1009 2011 tamquam
1029 1938 1274 2012 inquilini
1305 1936 1393 1993 hic
1414 1949 1726 1999 versemur;
1757 1943 1944 1987 rursus
1962 1930 2106 1987 enim
2126 1927 2333 1985 deduco

736 2031 1037 2088 cntionem
1064 2029 1132 2085 ad
1162 2030 1341 2100 ipsum
1366 2034 1778 2097 argumentum;
1813 2023 1871 2085 si
1898 2029 1960 2078 ut
1997 2019 2258 2091 hospites,
2286 2020 2330 2076 si

734 2122 889 2178 nullo
905 2136 1094 2179 eorum
1117 2136 1236 2191 qua:
1262 2127 1384 2174 sunt
1412 2116 1695 2188 praesentia
1726 2112 2003 2171 retardati.
2024 2111 2165 2168 Nihil
2187 2112 2331 2167 enim

733 2228 891 2288 aqua
914 2230 1105 2288 pugna:
1129 2223 1185 2270 et
1208 2213 1333 2269 belli
1363 2224 1524 2267 causa
1560 2219 1665 2278 est,
1687 2217 1748 2265 ut
1776 2221 1929 2263 amor
1961 2204 2327 2276 praesentium,

737 2316 799 2365 ut
822 2307 906 2366 vel
942 2307 1152 2380 gloriae,
1183 2306 1269 2361 vei
1310 2305 1571 2377 pecuniae,
1602 2302 1685 2359 vel
1707 2301 2025 2359 deliciarum
2049 2298 2329 2369 cupiditas.

735 2398 965 2469 Quando
983 2414 1115 2454 vero
1140 2400 1239 2453 lms
1261 2411 1450 2453 omnes
1471 2396 1627 2451 funes
1656 2390 1962 2464 praecideris
1978 2431 1996 2457 ,
2026 2399 2081 2447 et
2099 2390 2331 2447 animam

739 2490 892 2549 nullo
919 2489 1110 2548 horum
1138 2489 1361 2545 retineri
1409 2485 1740 2560 penniseris,
1772 2493 1900 2540 tunc
1924 2482 2129 2540 videbis
2165 2481 2335 2539 unde-

737 2592 863 2639 natu
882 2580 1081 2638 bellum
1100 2581 1261 2637 ducat
1288 2579 1630 2652 principium,
1652 2586 1706 2632 et
1732 2576 2001 2632 undenam
2031 2574 2103 2630 sit
2126 2574 2337 2630 virtutis

740 2674 1044 2748 iaciendum
1082 2672 1509 2729 fundamentum.
1536 2670 1825 2741 Propterea
1850 2667 2005 2740 jubet
2030 2666 2194 2725 etiam
2238 2681 2335 2721 nos

740 2766 989 2825 Christus
1016 2780 1145 2823 oves
1175 2780 1297 2822 esse
1344 2768 1483 2821 inter
1529 2765 1685 2834 lupos
1732 2760 1944 2832 (Matth.
1978 2759 2067 2817 l0.
2110 2759 2234 2831 16):
2266 2775 2337 2816 ne

742 2858 911 2926 dicas,
938 2857 1064 2915 ﬂare
1102 2868 1158 2915 ct
1199 2858 1286 2913 illa
1335 2871 1523 2929 passus
1564 2870 1705 2923 sum,
1732 2852 1854 2909 ideo
1880 2853 2025 2909 evasi
2069 2867 2245 2909 saevus
2283 2861 2339 2907 et

742 2948 1013 3008 emeatus.
1040 2948 1282 3015 Etiamsi,
1324 2948 1493 3019 inquit
1516 2987 1530 3011 ,
1579 2961 1769 3018 passus
1816 2943 1982 3000 fueris
2025 2943 2337 3000 innumera-

742 3040 891 3109 bilis,
916 3056 1074 3099 mane
1100 3042 1241 3113 ovis,
1261 3049 1317 3097 et
1346 3030 1423 3095 ita
1465 3039 1619 3110 lupos
1651 3035 1950 3108 superabit.
1976 3034 2078 3092 Hic
2120 3045 2205 3091 est
2234 3036 2337 3090 im-

636 3186 639 3191 .
742 3130 948 3203 probus
986 3140 1042 3189 et
1074 3129 1403 3202 profligatus,
1433 3128 1528 3185 sed
1569 3128 1736 3184 habes
1761 3136 1935 3183 tantas
1976 3126 2139 3194 vires,
2170 3134 2231 3181 ut
2255 3125 2341 3182 vei

744 3222 903 3284 malis
929 3224 1177 3296 superior
1198 3220 1417 3280 evadas.
1434 3219 1573 3289 Quid
1591 3228 1676 3276 est
1695 3234 1796 3275 ove
1821 3217 2189 3279 mansuetius?
2214 3216 2340 3289 quid

746 3329 878 3371 vero
906 3316 1033 3388 lupo
1086 3315 1385 3387 agrestiua?
1416 3314 1507 3369 llle
1537 3324 1712 3369 tamen
1740 3310 1811 3367 ab
1839 3311 1939 3368 hac
1966 3311 2339 3383 superabitur:

749 3406 910 3482 idque
935 3414 1211 3465 ostensum
1241 3417 1324 3464 est
1354 3407 1405 3462 in
1433 3404 1710 3477 apostolis.
1738 3402 1881 3460 Nihil
1908 3411 1993 3459 est
2016 3403 2159 3459 enim
2189 3417 2341 3458 man-

748 3499 1035 3557 suetudine
1061 3500 1350 3572 potentius,
1375 3497 1508 3553 nihil
1538 3497 1754 3553 lenitate
1783 3495 2007 3551 validius
2024 3510 2089 3551 ac
2109 3495 2339 3552 ﬁrmius.

750 3589 1007 3660 Quocirca
1034 3589 1281 3647 Christus
1304 3603 1516 3662 quoque
1538 3588 1692 3659 jubet
1716 3602 1846 3643 oves
1865 3602 1984 3644 esse
2003 3586 2143 3644 inter
2164 3586 2338 3659 lupos.

757 3678 965 3739 Deinde
1002 3691 1283 3753 postquam
1312 3681 1393 3737 sic
1422 3680 1574 3745 dixit,
1607 3688 1876 3750 tamquam
1923 3691 2030 3734 non
2078 3677 2346 3735 sufﬁceret

750 3775 872 3832 lituo
916 3774 1291 3842 mansuetudo,
1334 3773 1470 3840 ovis,
1524 3775 1770 3843 inquam,
1822 3770 1871 3825 ei
1926 3784 2085 3840 quem
2133 3770 2247 3825 vult
2286 3786 2345 3826 se

752 3862 1041 3922 ostendero
1085 3864 1426 3935 discipulum,
1458 3860 1657 3935 aliquid
1701 3860 1845 3917 aliud
1886 3860 2069 3931 adjicit
2101 3879 2114 3915 :
2148 3859 2345 3929 Estote,

730 3955 946 4030 inquit,
985 3956 1239 4029 simplices
1280 3956 1410 4010 sicut
1452 3955 1737 4018 columbas;
1772 3952 1999 4009 duorum
2043 3962 2351 4009 mansueto-

754 4062 879 4103 rum
902 4056 961 4101 et
987 4045 1309 4116 simplicium
1352 4045 1663 4099 animalium
1708 4042 1943 4098 miscens
1980 4036 2347 4098 mansuetudi-

756 4150 882 4193 nem
912 4153 926 4191 :
969 4144 1168 4191 tantam
1194 4152 1224 4190 a
1252 4135 1409 4191 nobis
1447 4134 1614 4206 exigit
1646 4133 1938 4198 lenitatem,
1967 4131 2182 4203 quando
2208 4133 2349 4188 inter

757 4243 931 4287 saevos
972 4237 1030 4285 et
1078 4237 1321 4300 agrestes
1365 4242 1662 4283 versamur.
1707 4225 1785 4282 Ne
1812 4225 1955 4281 enim
1985 4224 2205 4292 diseris,
2258 4224 2349 4281 Est

757 4322 1056 4395 improbus,
1105 4336 1204 4377 nec
1256 4319 1398 4377 ferre
1446 4324 1683 4391 possum;
1729 4316 1881 4374 Tunc
1925 4316 2070 4373 enim
2118 4312 2351 4373 maxime

758 4412 1089 4471 ostendenda
1114 4420 1200 4468 est
1224 4411 1599 4477 mansuetudo,
1630 4410 1845 4481 quando
1875 4424 1964 4466 res
1999 4408 2155 4465 nobis
2195 4409 2352 4465 fuerit

757 4520 884 4562 cum
918 4504 1077 4563 saevis
1104 4504 1487 4574 et’agrestibus
1517 4502 1842 4569 hominibus,
1869 4500 2081 4572 quando
2122 4517 2243 4557 eum
2290 4502 2354 4557 iis

756 4599 853 4671 qui
884 4607 1010 4654 sunt
1026 4596 1097 4653 ab
1122 4596 1453 4652 humanitate
1473 4596 1665 4651 alicui:
1688 4606 1815 4651 tunc
1838 4594 1956 4665 ejus
1980 4594 2149 4649 virtus
2175 4603 2354 4650 osten-

761 4692 927 4757 ditur,
960 4701 1084 4747 tunc
1113 4691 1231 4760 ejus
1254 4705 1447 4745 tnttuus
1476 4700 1530 4745 et
1569 4688 1807 4742 ofﬁcium
1855 4686 2166 4757 fructusque
2195 4684 2356 4739 reful-

763 4794 874 4855 get.
904 4780 1029 4842 Cum
1056 4785 1297 4855 loquebar
1333 4784 1466 4846 illis,
1500 4782 1866 4854 impugnabant
1895 4797 1975 4835 me
1998 4780 2175 4852 gratis.
2208 4780 2358 4833 Alius

768 4888 945 4935 autem
992 4879 1257 4950 interpres
1278 4876 1354 4951 (η)
1385 4875 1531 4940 dicit,
1566 4874 1637 4929 Et
1682 4874 1885 4945 quando
1934 4873 2173 4946 loquebar
2210 4871 2355 4943 ipsis,

765 4968 1036 5036 bellabant,
1062 4970 1146 5024 vel
1174 4968 1276 5023 hoc
1319 4967 1647 5038 signiﬁcans,
1676 4966 1799 5020 Cum
1828 4966 1891 5020 iis
1923 4966 2009 5035 qni
2026 4966 2238 5020 oderant
2261 4982 2351 5033 ρα-

766 5077 874 5118 csm
911 5077 1051 5118 erant
1074 5060 1319 5132 paciﬁcus
1350 5075 1371 5114 :
1408 5059 1514 5124 vel,
1551 5057 1768 5128 quando
1793 5057 1922 5126 ipsis
1954 5055 2230 5127 loquebar,
2261 5056 2356 5124 ipsi

768 5170 861 5213 me
888 5152 1285 5226 oppugnabant.
1316 5150 1469 5221 Quod
1496 5159 1674 5206 autem
1705 5148 1851 5213 dicit,
1882 5146 1990 5202 tale
2008 5155 2090 5202 est
2118 5164 2131 5199 :
2163 5145 2217 5200 In
2247 5145 2361 5216 ipso

773 5258 1015 5318 tempore
1040 5243 1312 5316 colloquii,
1335 5241 1547 5314 quando
1581 5240 1832 5305 maxime,
1867 5238 2056 5309 inquit,
2086 5238 2360 5292 caritatem

629 5345 632 5348 ’
732 5412 736 5416 Δ
770 5335 1142 5400 ostendebam,
1171 5334 1385 5407 quando
1411 5333 1570 5389 verba
1616 5332 1669 5387 in
1710 5330 1896 5403 primis
1936 5329 2105 5384 amica
2149 5328 2361 5381 emitte-

770 5433 917 5497 ham,
946 5439 1071 5485 tunc
1100 5427 1479 5491 elferabautur,
1509 5435 1636 5481 tunc
1659 5422 1813 5479 dolos
1841 5420 2122 5478 struebant
2147 5428 2202 5474 et
2230 5418 2363 5474 nihil

774 5538 871 5579 eos
898 5522 1178 5577 coercebat
1210 5538 1223 5573 :
1258 5535 1356 5588 ego
1387 5528 1564 5575 tamen
1592 5515 1860 5587 propriam
1887 5511 2239 5568 ostendebam
2264 5510 2368 5562 vir-

835 5710 852 5738 ι
890 5702 1046 5754 Aliam
1068 5701 1333 5752 lectionem
1353 5707 1497 5766 attert
1535 5700 1581 5747 in
1616 5697 1838 5766 margine
1860 5693 2099 5765 sat-ilius:
2130 5701 2275 5766 quam

770 5777 856 5818 nor
884 5753 970 5815 nos
984 5776 1268 5828 persnastun
1284 5760 1581 5819 habebimus,
1600 5757 1685 5822 qui
1706 5753 1853 5808 e'tiam
1877 5756 1926 5806 in
1950 5756 2130 5807 amicos
2152 5753 2370 5804 hostilnn

777 5823 992 5892 perimus
1007 5825 1223 5892 animum
1246 5823 1269 5875 ἒ)

815 5875 913 6001 ἐξ)
943 5889 1058 5946 Quia
1088 5888 1153 5937 sit
1183 5888 1432 5949 interpres
1461 5884 1540 5933 hic
1572 5894 1667 5931 nou
1702 5878 1842 5931 facile
1873 5886 1951 5930 est
1978 5878 2215 5927 divinare.
2243 5875 2369 5925 tu...

919 5962 1037 6001 νει-υ
1061 5950 1165 5999 haec
1190 5947 1529 6001 interpretatio
1552 5944 1657 5996 fere
1685 5943 1860 5995 callem
1883 5949 1957 5992 est
1980 5952 2090 6001 quae
2115 5947 2242 5989 Lxx.

781 5943 1037 6013 qnh'vero
1061 5950 1165 5999 haec
1190 5943 1529 6011 interpretatio
1552 5944 1657 5996 fere
1685 5943 1860 5995 callem
1883 5949 1957 5992 est
1980 5952 2090 6005 quae
2115 5947 2242 5989 Lxx.

1433 445 1490 504 S.
1529 437 2323 504 JOANNIS‘CIIRYSOS‘IOMI
2366 433 2685 491 λιιοηιει».
2726 429 3261 489 οοκετωτικοιι.

3925 427 4059 482 ιιι

2440 560 2632 618 tutem,
2653 551 2780 607 licet
2807 550 2842 605 il
2868 550 2941 605 ita
2967 547 3145 606 allecti
3172 555 3376 606 essent.
3409 548 3484 603 lla
3502 546 3664 603 etiam
3691 559 3794 602 nos
3816 556 4060 618 oportet

2437 640 2598 707 afﬁci,
2629 656 2822 712 nempe
2848 641 2971 697 licet
2994 654 3096 695 nos
3129 639 3341 697 illorum
3370 647 3612 695 amantes
3639 639 3711 693 ab
3738 638 3843 694 illis
3866 638 4009 694 feria
4032 668 4055 677 ο

2438 750 2580 797 mur,
2612 734 2739 793 licet
2768 734 2920 791 nobis
2946 734 3024 790 illi
3068 732 3408 800 insidientur,
3439 749 3539 789 nos
3569 743 3747 789 nostra
3777 731 4059 790 exhibere

2436 836 2669 897 oportet,
2698 828 2839 883 illius
2863 825 3132 897 parabolae
3155 839 3443 890 memores,
3463 841 3582 898 qua
3607 824 3762 897 jubet
3783 838 3885 881 nos
3907 839 4061 883 esse

2436 930 2710 992 tamquam
2734 934 2868 976 oves
2894 929 2949 975 et
2970 919 3251 976 columbas
3276 919 3332 975 in
3371 918 3554 975 medio
3592 919 3867 989 luporum,
3891 926 3957 974 ut
3980 928 4065 974 et

2437 1013 2560 1070 illos
2587 1014 2839 1070 meliores
2863 1011 3171 1077 reddamus,
3205 1022 3263 1069 et
3286 1011 3390 1085 ipsi
3406 1012 3548 1068 bona
3574 1010 3812 1068 celestis
3840 1023 4066 1067 consc—

2436 1119 2663 1175 quamur
2694 1122 2712 1160 :
2740 1120 2862 1174 qua:
2889 1102 3052 1161 detur
3093 1103 3252 1159 nobis
3277 1103 3530 1159 omnibus
3556 1102 3835 1174 consequi,
3861 1103 4060 1173 gratia

2435 1206 2489 1251 et
2522 1196 2852 1267 benignitate
2880 1196 3091 1252 Domini
3130 1195 3301 1252 nostri
3327 1195 3458 1253 Jesu
3484 1195 3704 1264 Christi,
3746 1195 3831 1251 cui
3859 1192 4059 1265 gloria

2436 1292 2490 1345 in
2516 1291 2709 1348 saecula
2736 1291 3083 1349 mulorum.
3108 1292 3301 1347 Amen.

2918 1423 2986 1480 IN
3022 1421 3349 1481 Ρεωωιι
3384 1421 3549 1481 CXX.

2470 1515 2737 1570 Canticum
2756 1514 3029 1588 graduum.
3059 1515 3233 1581 Alius,
3250 1513 3449 1573 Cantus
3475 1517 3530 1571 in
3556 1518 3874 1574 escensiones
3895 1518 4003 1590 (a).

2438 1608 2493 1661 l.
2528 1608 2712 1665 ιονσυὶ
2740 1608 2915 1663 oculos
2939 1623 3078 1664 meos
3117 1608 3173 1663 in
3198 1617 3413 1675 montes,
3442 1608 3581 1663 unde
3604 1610 3762 1664 vestiet
3784 1610 4057 1666 duilium

2507 1717 2696 1755 meum.
2728 1700 2897 1767 Alius,
2933 1698 3062 1756 Leno
3090 1700 3265 1757 oculos
3291 1716 3431 1756 meos
3455 1701 3507 1755 in
3540 1711 3754 1772 montes,
3784 1701 3925 1757 unde
3950 1717 4046 1755 ee-

2507 1795 2610 1850 niet
2643 1795 2894 1851 auxilium
2917 1811 3106 1850 meum.

2510 1912 2562 1966 l.
2604 1908 2739 1965 Vide
2783 1909 3054 1974 animam,
3084 1925 3205 1980 qua:
3246 1910 3402 1966 malis
3445 1909 3714 1981 implicata
3756 1900 3947 1983 nequit
3983 1928 4055 1963 sa

2436 2000 2717 2071 expedire,
2744 2010 2800 2057 et
2820 2001 3063 2056 invenire
3084 2002 3310 2068 exitum,
3331 2009 3388 2057 et
3407 2000 3522 2057 vult
3545 2002 3756 2072 assequi
3782 2001 4055 2059 solatium

2436 2092 2503 2147 ad
2551 2090 2717 2148 Deum
2760 2091 3076 2162 respiciens.
3119 2091 3247 2149 Haec
3294 2108 3484 2150 rursus
3524 2092 3874 2151 tentationum
3914 2106 4056 2151 sunt

2434 2186 2598 2250 bona,
2625 2202 2747 2257 quas
2775 2186 2921 2241 illam
2950 2185 3164 2259 erigunt
3188 2194 3245 2243 et
3270 2188 3527 2255 excitant,
3556 2195 3613 2243 et
3649 2186 3717 2244 ad
3745 2203 4052 2259 supernum

2436 2278 2693 2334 auxilium
2722 2278 3075 2335 invocandum
3098 2287 3338 2347 movent,
3362 2269 3613 2352 atqoe'ab
3630 2281 3902 2349 omnibus,
3919 2297 4055 2355 qua:

2437 2368 2504 2423 ad
2531 2368 2674 2427 hanc
2702 2369 2865 2426 vitam
2895 2371 3188 2441 pertinent,
3237 2370 3527 2429 abducunt.
3567 2371 3623 2428 Si
3647 2372 3792 2429 enim
3826 2372 4002 2430 Judaei
4026 2414 4051 2441 ,

2439 2459 2535 2540 qui
2556 2460 2724 2516 crassi
2747 2469 2902 2518 erant
2929 2470 2985 2518 et
3014 2449 3174 2519 terra
3211 2460 3378 2531 afﬁxi,
3405 2463 3475 2519 ab
3500 2461 3791 2521 afﬂictione
3812 2466 4052 2536 captivi-

2445 2555 2570 2607 tatis
2596 2551 2734 2610 adeo
2759 2552 2888 2611 boni
2913 2553 3233 2622 evadebant,
3273 2566 3329 2612 et
3351 2556 3417 2612 ad
3445 2558 3634 2613 calum
3681 2559 3755 2614 ita
3783 2559 4053 2630 respicie-

2442 2642 2574 2699 hant
2603 2661 2616 2697 :
2644 2643 2816 2701 multo
2834 2644 3032 2716 iustius
3050 2655 3134 2703 est
3158 2656 3216 2702 ot
3237 2661 3336 2703 nos
3354 2645 3459 2703 hoc
3485 2646 3743 2705 faciamus
3761 2648 3817 2705 in
3843 2652 4054 2707 nostris

2441 2734 2851 2802 calamitatibus,
2901 2744 2959 2792 et
3003 2736 3071 2792 ad
3121 2737 3292 2793 Deum
3336 2738 3726 2809 confugiamus,
3769 2756 3801 2795 ι
3848 2740 4055 2812 qulbm

2443 2824 2599 2896 longe
2645 2826 2817 2897 major
2840 2842 3001 2898 quam
3050 2827 3119 2883 ab
3145 2827 3249 2884 illis
3278 2828 3537 2901 perfectio
3564 2831 3874 2901 requiritur.
3904 2832 4053 2902 Quia

2441 2919 2586 2973 etaim
2618 2918 2695 2974 illi
2718 2929 2845 2976 tunc
2868 2932 3023 2977 erant
3048 2923 3101 2977 in
3128 2922 3321 2979 mediis
3338 2922 3605 2990 hostibus,
3636 2935 3691 2981 et
3711 2941 3887 2997 neque
3910 2928 4056 2984 civi-

2444 3017 2608 3064 tatem
2640 3009 2927 3078 habebant,
2961 3027 3060 3069 nec
3088 3028 3288 3073 arcem.
3320 3029 3421 3070 nec
3449 3014 3742 3072 humanum
3768 3017 4055 3087 auxilium,

2449 3116 2549 3157 nec
2596 3103 2911 3172 pecuniam,
2958 3120 3136 3175 neque
3169 3105 3369 3177 aliquid
3417 3105 3561 3163 aliud
3612 3107 3899 3179 ejusmodi,
3950 3112 4055 3168 sed

2447 3194 2639 3264 captivi
2667 3204 2723 3250 et
2765 3198 2902 3252 servi
2934 3197 3285 3254 versabantur
3321 3198 3480 3254 simul
3529 3199 3669 3255 inter
3701 3200 3955 3259 dontinos
3994 3213 4058 3260 et

2450 3286 2634 3344 hostes
2651 3304 2673 3343 :
2703 3288 3064 3346 calamitatum
3085 3298 3265 3346 autem
3293 3292 3661 3363 magnitudine
3689 3295 3959 3363 oppressi,
3980 3295 4057 3351 ad

2452 3377 2705 3434 imictarn
2734 3394 2951 3436 manum
2970 3380 3372 3451 confugiebant,
3404 3382 3552 3438 etab
3573 3381 3825 3440 humanis
3850 3384 4060 3443 deserti

2451 3466 2735 3538 prasidiis,
2770 3485 2838 3525 ex
2881 3485 2943 3526 ea
2992 3470 3107 3542 ipsa
3156 3470 3465 3531 desertione
3508 3471 3859 3530 conferebant
3894 3490 3958 3531 se
3983 3476 4058 3530 ad

2448 3560 2863 3632 philosophiam.
2914 3562 2980 3618 Et
3000 3562 3126 3618 ideo
3161 3563 3412 3620 dicebant
3441 3582 3455 3620 :
3481 3562 3668 3620 ιεωυε
3707 3565 3884 3623 oculos
3915 3583 4060 3623 meo:

2450 3654 2503 3707 in
2534 3660 2746 3721 montes,
2777 3654 2911 3708 unde
2927 3657 3088 3710 ueniet
3121 3657 3375 3711 auxilium
3403 3673 3589 3712 meum.
3616 3655 3748 3725 Quae
3786 3658 3855 3714 ab
3881 3656 4061 3715 homi-

2453 3747 2608 3803 nibus
2636 3746 2867 3804 confetri
2896 3757 3139 3819 possunt,
3162 3748 3341 3804 omnia
3360 3748 3693 3818 defecerunt,
3713 3751 3896 3807 omnia
3928 3767 4059 3823 per-

2454 3840 2663 3907 ierunt,
2693 3841 2870 3896 omnia
2894 3840 3077 3911 procul
3109 3851 3452 3897 recesserunt
3482 3860 3496 3896 :
3526 3859 3652 3908 una,
3680 3844 3887 3916 inquit,
3912 3847 4060 3901 salua

2455 3931 2709 4002 deinceps
2752 3933 2937 3989 relicta
2967 3943 3073 4007 est,
3114 3948 3236 4003 qua
3281 3932 3487 3990 scilicet
3527 3934 3747 3992 affertur
3777 3951 3808 3991 a
3839 3937 3969 3994 Deo.
3998 3939 4061 3995 ί.

2459 4024 2719 4082 Auxilium
2748 4042 2913 4081 meum
2937 4042 2971 4080 α
3012 4024 3253 4092 Domino,
3283 4026 3374 4097 qui
3402 4027 3523 4099 fecit
3548 4029 3730 4083 caelum
3771 4039 3820 4083 et
3847 4039 4060 4089 terrain.

2460 4117 2650 4173 \‘idisti
2678 4132 2774 4175 eos
2803 4117 2972 4174 Deum
2995 4117 3193 4189 ubique
3218 4118 3508 4189 quaere?
3535 4135 3599 4175 ex
3622 4129 3786 4190 terra,
3806 4136 3873 4178 ex
3900 4122 4062 4189 caelo,

2458 4224 2522 4264 ex
2571 4208 2875 4272 montibus,
2909 4224 2974 4265 ex
3018 4208 3400 4266 solitudinibus
3446 4224 3570 4266 eum
3615 4211 3809 4283 ubique
3851 4212 3952 4270 sibi
3990 4215 4063 4271 oh

2459 4302 2644 4356 oculos
2674 4300 2922 4371 ponere?
2951 4299 3132 4356 vidisti
3170 4314 3357 4356 eorum
3385 4310 3624 4356 mentem
3651 4300 3766 4358 ﬁeri
3791 4304 4062 4362 excelsio-

2460 4414 2598 4466 rem,
2643 4407 2699 4454 et
2742 4412 3006 4453 summam
3057 4398 3150 4453 Dei
3201 4398 3591 4469 providentiam
3636 4400 3704 4455 ab
3746 4401 3827 4458 eis
3869 4403 4063 4475 ubique

2464 4488 2786 4559 praedicari?
2837 4487 3023 4561 Neque
3070 4490 3213 4545 enim
3261 4490 3616 4563 nequicquam
3675 4492 3776 4548 hoc
3819 4494 4060 4565 adjecit:

2468 4586 2571 4651 Qui
2605 4585 2723 4657 fecit
2767 4584 2947 4639 calum
2973 4592 3022 4639 et
3050 4592 3271 4651 terrain;
3314 4584 3408 4639 sed
3441 4584 3545 4639 hoc
3580 4584 3807 4641 obscure
3848 4587 4064 4642 tatioci~

2468 4694 2624 4748 nans,
2661 4685 2718 4733 et
2749 4677 2935 4734 dicens
2966 4696 2979 4730 :
3010 4677 3069 4732 Si
3115 4676 3241 4732 fecit
3285 4677 3477 4733 caelum
3525 4687 3577 4732 et
3625 4686 3845 4746 terram,
3892 4689 4063 4747 potest

2466 4772 2625 4826 etiam
2658 4770 2710 4823 in
2738 4769 2911 4826 aliena
2942 4770 3159 4840 regione
3186 4784 3345 4839 opem
3378 4768 3542 4835 ferre,
3570 4777 3627 4824 et
3656 4769 3871 4839 ubique,
3902 4771 4064 4826 etiam

2469 4869 2520 4924 i-i
2548 4850 2777 4919 barbara
2808 4870 2972 4926 terra,
3004 4875 3218 4914 manum
3251 4858 3568 4929 adjutricem
3599 4859 3864 4929 prmbere,
3891 4870 3944 4915 ct
3971 4880 4065 4916 em

2468 4958 2556 5027 qui
2586 4970 2617 5012 e
2658 4955 2827 5026 patria
2872 4950 3087 5022 expulsi
3133 4960 3257 5005 sunt
3284 4964 3623 5006 conservare.
3668 4950 3721 5005 Si
3764 4952 3907 5006 enim
3954 4951 4071 5008 haec

2468 5051 2735 5104 elementa
2786 5045 2951 5100 verbo
2996 5041 3171 5098 solum
3222 5041 3507 5113 produxit,
3555 5042 3726 5097 multo
3771 5041 3942 5113 magis
3968 5057 4065 5097 nos

2471 5138 2669 5209 poterit
2712 5137 2945 5193 liberare
2985 5149 3016 5188 a
3044 5132 3305 5189 barbaris.
3339 5130 3504 5189 Vides
3540 5132 3808 5199 quomodo
3834 5132 4067 5202 philoso-

2473 5233 2705 5303 phantur
2724 5230 2816 5300 qui
2845 5227 3039 5283 minori
3060 5240 3221 5281 sensu
3244 5231 3400 5279 erant
3423 5221 3633 5294 praediti
3658 5237 3817 5292 quam
3845 5222 4065 5293 lapides,

2476 5326 2600 5379 dum
2631 5324 2685 5378 in
2712 5322 2884 5377 aliena
2917 5317 3136 5389 regione
3179 5325 3461 5371 versantur
3479 5314 3506 5369 ν
3533 5312 3649 5369 Non
3675 5312 3906 5384 amplius
3927 5314 4067 5369 enim

2478 5415 2680 5488 templi,
2708 5413 2803 5470 sed
2831 5412 2949 5468 caeli
2976 5420 3030 5466 et
3047 5419 3202 5465 terra:
3229 5406 3608 5464 meminerunt.
3640 5405 3775 5461 Vide
3800 5407 4064 5476 quomodo

2478 5507 2663 5564 mundi
2690 5504 3017 5563 creationem
3042 5502 3243 5572 Deique
3269 5498 3587 5570 sapientiam
3607 5505 3661 5552 et
3688 5495 4065 5567 providentiam

2477 5576 2793 5675 prmdicant.
2824 5597 2925 5666 Qui
2948 5595 3094 5651 enim
3119 5601 3278 5657 antea
3308 5590 3455 5661 ligno
3478 5588 3746 5655 dicebant,
3774 5586 3914 5642 Deus
3939 5604 4067 5643 meus

2130 5695 2341 5761 quonva

2481 5713 2530 5749 cs
2557 5705 2631 5759 tu,
2659 5700 2715 5748 et
2737 5688 2920 5761 lapidi,
2942 5686 3024 5742 Tu
3050 5703 3129 5741 me
3153 5684 3371 5757 genuisti
3402 5680 3534 5753 (Jer.
3565 5676 3619 5732 9.
3650 5678 3766 5749 27),
3798 5694 3936 5733 nunc
3956 5680 4061 5732 uni»

2544 5809 2619 5870 (α)
2666 5813 2777 5855 nec
2820 5801 2968 5870 lectio
3008 5798 3335 5870 praetermissa
3374 5794 3466 5870 [υίι
3502 5791 3821 5870 uasere
3853 5793 3919 5870 td.
3934 5791 4071 5870 1mm:

2485 5852 2743 5921 Nabim—nt.
2901 5864 2949 5912 in
2975 5852 3601 5929 pi-mcedesui__l‘salni0}19
3618 5852 3770 5929 posita
3792 5852 3976 5913 fuerat;
4004 5866 4071 5904 rat

2486 5915 2749 5987 iulium
2776 5915 2988 5978 iidetur:
3011 5924 3143 5975 iusta
3170 5920 3383 5987 Aquilam
3410 5929 3459 5970 et
3484 5915 3835 5983 syunuachum.
