4218 6442
170 78 207 105 Β
212 90 213 93 η

134 303 293 365 «Ii-3

186 426 336 478 versi
369 430 519 478 urbis
547 430 707 478 terra:
736 420 993 493 Opilieem
1013 429 1329 490 agnoscunt.
1357 419 1620 473 Auxilium
1642 433 1808 473 meum

184 531 221 565 ιι
249 511 510 577 Domino,
543 531 651 571 non
702 514 768 571 ab
817 514 1143 580 hominibus,
1189 527 1291 569 nec
1333 512 1401 568 ab
1431 511 1614 582 equis,
1649 527 1753 566 non
1780 528 1808 565 a

190 608 468 677 factum,
517 623 619 663 nec
665 608 896 673 asociis,
948 620 1048 661 nec
1089 621 1119 659 a
1166 604 1601 675 propugnaculis.
1644 604 1779 657 Λυκί

191 698 331 759 hin
382 708 624 753 nostrum
653 712 683 751 a
714 698 938 752 Domino
964 712 979 764 ;
1016 697 1117 751 hoc
1154 696 1410 750 auxilium
1440 703 1525 749 est
1554 693 1804 748 invictum.

188 800 248 849 α
303 790 725 861 inexpugnabile
771 808 785 846 :
828 805 934 844 non
990 788 1166 843 solum
1238 796 1417 842 autem
1477 786 1807 854 inexpugna-

188 884 322 948 bile,
357 883 454 938 sed
475 883 636 938 etiam
668 881 976 951 expeditum
999 890 1054 934 et
1080 880 1250 934 facile.
1278 877 1459 948 Neque
1483 876 1626 932 enim
1649 875 1806 945 longe

185 986 275 1031 est
308 974 785 1046 proﬁciscendum,
815 987 919 1028 non
947 981 1029 1027 est
1059 970 1437 1031 blandiendum
1462 967 1801 1039 janitoribus,

188 1082 305 1122 non
334 1076 471 1123 sunt
510 1065 889 1122 consumenda:
919 1068 1187 1135 pecunire,
1217 1078 1323 1119 non
1363 1062 1657 1133 legationes
1683 1060 1808 1115 mit~

184 1156 399 1223 tandm,
429 1157 523 1212 sed
556 1166 729 1226 potest
770 1156 891 1226 quis
935 1155 1080 1214 domi
1128 1169 1350 1208 manens
1382 1152 1486 1209 hoc
1523 1152 1590 1206 ad
1621 1167 1680 1206 se
1708 1166 1804 1204 auo

187 1250 387 1305 silium
451 1248 757 1312 attrahere,
805 1248 853 1302 si
910 1257 1116 1301 tantum
1172 1246 1409 1314 scipsnm
1456 1245 1801 1313 sejungeusa

184 1340 361 1397 rebus
412 1340 684 1406 humanis,
730 1338 807 1393 illi
835 1339 948 1407 spei
980 1336 1268 1396 adha'reat,
1298 1348 1555 1405 acresque
1594 1343 1646 1387 et
1678 1347 1802 1402 per-

183 1433 439 1503 spicaees
467 1431 658 1487 oculos
688 1430 899 1492 habeat,
926 1437 983 1484 et
1009 1429 1115 1482 alta
1146 1428 1416 1496 respiciat.

261 1526 344 1581 υτ
367 1524 565 1580 homini
585 1522 797 1577 subfime
816 1521 953 1576 dedit
977 1519 1501 1588 Deus.—-Propterea
1527 1516 1670 1571 enim
1702 1515 1804 1570 hoc

184 1618 371 1675 solum
426 1617 623 1671 animal
670 1617 811 1671 Deus
860 1622 1064 1670 rectum
1108 1612 1330 1677 creavit,
1374 1618 1428 1665 et
1475 1610 1658 1664 oculos
1681 1624 1804 1663 enr-

186 1710 346 1773 noris
376 1708 453 1763 illi
483 1709 535 1763 in
566 1707 676 1762 alto
705 1706 920 1769 locavit,
967 1703 1169 1758 docens
1196 1702 1355 1757 etiam
1384 1716 1414 1755 a
1446 1701 1606 1756 rebus
1631 1700 1804 1755 sensi-

185 1798 398 1854 bilibus
422 1807 674 1869 oportere
700 1796 751 1851 in
780 1796 944 1851 altum
980 1796 1269 1864 respicere.
1314 1792 1500 1848 Solum
1526 1793 1668 1847 enim
1702 1793 1803 1846 hoc

182 1890 395 1945 animal
444 1894 529 1945 est
584 1889 660 1944 ita
709 1888 1043 1944 formatum:
1074 1885 1277 1954 reliqua
1322 1894 1501 1939 autem
1550 1884 1801 1938 animalia

185 1999 363 2054 mna
390 1992 539 2049 sunt,
566 1992 618 2040 et
650 1992 845 2039 terram
870 1981 1122 2038 deorsum
1150 1980 1472 2051 despiciunt.
1504 1980 1602 2035 Hie
1619 1988 1799 2035 autem

184 2080 243 2132 iu
269 2076 472 2133 escium
503 2087 583 2132 est
610 2085 844 2142 erectus,
874 2085 931 2131 ut
957 2091 1077 2147 qua:
1100 2075 1211 2130 illic
1237 2083 1362 2129 sunt
1388 2073 1717 2140 consideret,
1746 2074 1798 2127 in

185 2166 299 2224 illis
322 2166 767 2239 philosophetur,
802 2168 886 2221 illa
916 2165 1283 2238 apprehendat
1311 2175 1365 2223 et
1393 2166 1580 2221 oculos
1605 2166 1800 2221 anima:

180 2276 346 2316 acres
392 2260 609 2317 habeat.
640 2260 899 2328 Quocirca
946 2259 1158 2315 dicebat
1199 2273 1411 2329 quoque
1452 2258 1668 2327 quidam
1714 2273 1802 2312 sa.

181 2353 369 2424 piens,
415 2352 674 2422 Sapientis
715 2353 848 2407 oculi
897 2352 950 2407 iu
987 2353 1155 2423 capite
1192 2353 1304 2422 ejus
1345 2348 1544 2420 (Eccle.
1575 2351 1632 2406 2.
1686 2349 1794 2421 Η),

185 2445 295 2500 hoc
343 2456 450 2505 est,
482 2444 737 2499 liberatus
773 2452 857 2500 est
884 2444 953 2500 ab
977 2444 1226 2500 omnibus
1268 2443 1466 2499 infimis
1492 2444 1674 2508 rebus,
1702 2459 1799 2511 per

179 2538 385 2592 caelum
425 2548 680 2608 vagatur,
727 2544 782 2592 ct
826 2536 1218 2607 contemplatur
1270 2534 1539 2589 sublimia.
1582 2534 1637 2589 5.
1678 2533 1795 2588 Non

181 2632 274 2687 des
304 2632 362 2686 in
407 2632 791 2685 commotionem
836 2629 1016 2701 pedem
1060 2639 1225 2696 tuum,
1277 2640 1441 2696 neque
1477 2625 1791 2680 dormitabit

181 2728 274 2794 qui
299 2726 526 2781 custodit
563 2734 627 2779 te.
680 2724 839 2779 Vides
866 2733 1118 2794 quautam
1143 2737 1173 2777 a
1202 2722 1355 2778 nobis
1382 2721 1548 2791 exigit
1569 2720 1796 2791 diligen-

187 2818 323 2871 tiam
358 2815 411 2870 id
441 2815 585 2885 quod
612 2814 852 2869 dicitur?
879 2814 1007 2882 Quia
1033 2828 1177 2868 enim
1205 2811 1389 2867 auxilii
1410 2812 1792 2875 meminerunt,

181 2915 241 2961 et
271 2920 567 2976 supernam
598 2920 757 2976 opem
803 2907 1071 2968 invocant,
1100 2902 1414 2957 adhortatur
1438 2912 1494 2958 et
1522 2902 1792 2966 consulit,

184 3002 291 3055 hoc
319 2997 707 3070 propemodum
738 2998 924 3053 dicens
952 3015 966 3051 :
996 2996 1054 3052 Si
1093 2997 1226 3052 velis
1251 3012 1371 3051 eam
1411 2996 1643 3067 assequi,
1674 3013 1795 3066 qua:

186 3102 281 3146 tua
309 3105 528 3162 quoque
551 3100 676 3145 sunt
699 3089 967 3145 conferas.
999 3088 1135 3156 Quid
1167 3096 1252 3143 est
1271 3098 1454 3143 autem
1482 3089 1626 3159 quod
1665 3104 1795 3145 cuu-

184 3181 365 3239 sltlit?
392 3181 529 3237 Audi
561 3200 575 3235 :
610 3180 732 3236 Non
760 3181 848 3236 des
891 3181 944 3234 in
982 3181 1366 3234 commotionem
1399 3180 1575 3250 pedem
1603 3190 1742 3234 tuum
1774 3198 1793 3235 :

183 3274 292 3332 hoc
315 3282 423 3343 est,
448 3274 525 3329 Ne
553 3273 843 3344 dejicisris,
870 3288 938 3327 ne
969 3273 1265 3342 prolabaris
1284 3312 1300 3338 ,
1330 3282 1383 3327 et
1415 3266 1542 3327 tunc
1567 3272 1793 3329 habebis

184 3366 363 3424 Deum
386 3380 599 3421 manum
626 3364 975 3435 praebentem,
997 3378 1096 3419 nec
1123 3373 1175 3419 te
1189 3362 1673 3435 derelinquentem,
1697 3380 1795 3419 nec

184 3460 579 3516 demitteutem.
1302 3456 1308 3462 ‘
1465 3510 1473 3524 λ

260 3551 471 3608 Arbitrii
499 3551 655 3605 nostri
682 3550 905 3605 libertas.
932 3578 1006 3590 —-
1030 3550 1072 3603 A
1098 3548 1250 3603 nobis
1280 3550 1457 3618 itaque
1488 3560 1611 3603 sunt
1642 3549 1793 3618 prin-

187 3643 329 3714 cipia
377 3641 481 3713 (a),
525 3650 579 3697 et
607 3640 657 3695 id
703 3641 866 3695 situm
909 3650 991 3695 est
1032 3638 1086 3694 in
1116 3648 1299 3694 nostra
1329 3648 1613 3709 potestate.
1657 3640 1791 3694 Cum

187 3749 322 3807 ergo
348 3735 399 3789 id
432 3734 486 3789 in
515 3744 697 3788 nostra
741 3739 1009 3802 potestate
1036 3730 1127 3795 sit,
1159 3731 1374 3800 quando
1400 3732 1649 3787 volumus
1687 3733 1792 3787 ali-

189 3828 321 3896 quid
365 3827 603 3897 assequi,
653 3832 865 3896 oportet
910 3838 1008 3879 uos
1052 3838 1265 3894 quoque
1312 3832 1496 3879 nostra
1547 3822 1795 3880 conferre

191 3919 291 3989 (ita
314 3921 458 3975 enim
480 3916 593 3971 vult
615 3915 773 3987 Dens)
801 3931 955 3985 :quze
976 3923 1102 3969 sunt
1129 3930 1287 3983 parva
1315 3915 1530 3983 quidem
1558 3924 1615 3969 et
1642 3916 1789 3982 vilia,

189 4027 253 4066 ca
281 4022 459 4066 tamen
493 4025 589 4065 nos
610 4017 832 4078 oportet
856 4006 1125 4072 conferre,
1157 4022 1261 4059 non
1291 4006 1516 4073 otiosos,
1546 4022 1644 4062 nec
1669 4006 1794 4062 dor-

192 4104 465 4167 mitantes,
493 4116 601 4157 non
624 4109 935 4178 stertentes,
962 4114 1062 4155 nec
1084 4098 1326 4168 supinos,
1355 4097 1451 4153 sed
1477 4108 1783 4169 operantes,

190 4194 506 4253 etstudium
547 4192 867 4247 adhibentes
892 4190 959 4245 ad
1007 4189 1230 4245 salutem
1262 4199 1522 4243 nostram.
1566 4190 1631 4244 Et
1674 4190 1794 4246 ideo

192 4287 474 4345 undecima
505 4300 714 4355 quoque
745 4284 875 4337 hora
906 4282 1166 4337 conduxit
1212 4280 1427 4351 (Matth.
1456 4280 1549 4336 ΞΟ.
1585 4281 1661 4353 6).
1692 4281 1794 4336 Ta-

191 4379 349 4437 metsi
381 4378 639 4447 quidnam
674 4376 803 4429 tanti
847 4373 1104 4428 momenti
1149 4381 1303 4427 erant
1350 4373 1481 4427 hora
1514 4373 1793 4429 undecima

195 4472 430 4531 facturi?
458 4470 513 4525 Id
564 4470 788 4531 scilicet,
823 4478 877 4522 ut
920 4468 1162 4539 operatio
1205 4475 1350 4521 esset
1375 4466 1456 4523 eis
1501 4466 1714 4521 occasio
1740 4474 1795 4522 et

198 4580 357 4621 causa
388 4577 726 4617 coronarum.
758 4561 835 4614 Et
873 4560 992 4614 ideo
1016 4560 1147 4613 dicit
1180 4579 1191 4613 :
1228 4557 1349 4611 Non
1386 4558 1474 4613 des
1499 4560 1553 4613 in
1580 4575 1795 4615 commo-

198 4663 383 4715 tionem
412 4657 589 4728 pedem
617 4666 780 4719 tuum,
813 4671 970 4724 neque
1014 4652 1307 4708 dormitabit
1340 4653 1428 4724 qui
1463 4654 1679 4709 custodit
1724 4663 1791 4708 te.

196 4754 252 4805 Si
285 4760 373 4805 tua
406 4747 717 4819 praebueris,
752 4762 871 4817 qua:
914 4754 1043 4800 sunt
1070 4745 1215 4800 illius
1241 4760 1455 4815 quoque
1478 4754 1789 4815 sequentur.

199 4844 278 4897 Bx
303 4841 407 4897 hoc
448 4840 501 4893 id
546 4854 759 4909 quoque
806 4837 1130 4899 ostenditur,
1176 4834 1319 4905 quod
1358 4836 1567 4892 etiamsi
1611 4847 1793 4891 nostra

193 4934 515 4998 aderamus,
571 4932 648 4985 sic
701 4940 876 4985 tamen
942 4929 1059 5000 ejus
1110 4943 1323 4999 quoque
1370 4944 1588 5000 egemus
1640 4931 1794 4985 auxi-

196 5024 304 5090 lio,
332 5022 471 5078 utin
515 5027 629 5075 tuto
671 5021 862 5086 simus,
900 5030 955 5073 ut
1004 5033 1316 5075 maneamus
1354 5018 1495 5073 ﬁrmi
1522 5027 1578 5073 et
1606 5020 1794 5075 immo-

196 5120 348 5173 biles.
371 5128 377 5133 '

268 5210 321 5265 Ξ.
354 5210 544 5265 Pedem
582 5210 636 5261 in
661 5206 1045 5261 commotionem
1068 5205 1191 5258 dare
1218 5204 1341 5274 quid
1363 5221 1379 5268 ;
1420 5204 1793 5257 muttdttuarttm

199 5319 366 5356 rerum
396 5300 721 5354 instabilitas.
796 5326 824 5336 -
852 5297 985 5363 Quis
1025 5305 1107 5349 est
1137 5305 1313 5349 autem
1344 5296 1433 5363 qui
1486 5295 1671 5363 pedem
1702 5293 1793 5347 dat

201 5398 255 5450 in
282 5390 738 5450 commotionem?
777 5389 877 5457 Qui
909 5402 996 5442 res
1024 5386 1191 5440 lluxas
1216 5395 1269 5441 et
1293 5386 1518 5439 caducas
1549 5386 1794 5455 aggredi-

261 5527 335 5591 (e)
356 5533 604 5593 imputes
635 5523 1026 5593 Cllrymstomum
1064 5522 1146 5571 hie
1174 5520 1574 5593 semipelagianis
1606 5518 1791 5591 favere.

197 5582 567 5653 “aliquidem
593 5593 671 5653 est
686 5582 1007 5653 Chrysosumii
1033 5597 1190 5653 mens,
1216 5582 1561 5653 Christianum,
1586 5582 1627 5628 si
1663 5582 1794 5642 prin,-

198 5656 324 5715 ripio
514 5657 566 5699 et
587 5648 710 5717 vilia_
729 5646 1027 5717 contulerit,
1053 5648 1232 5717 majora
1257 5649 1632 5717 asseqnttturtnn
1650 5656 1791 5717 esse.

196 5702 366 5778 si.ka
405 5725 606 5778 negare
630 5708 743 5778 vult-
769 5710 832 5778 ab
871 5702 1241 5778 itxsonprinéipiO
1282 5702 1592 5755 nos'auxilin
1630 5704 1794 5751 divina

199 5795 223 5843 ιν
256 5768 569 5828 ἐνυηιτίἶιη
596 5773 667 5823 bis
690 5768 910 5836 pluribus
930 5768 1061 5820 alibi.

1297 304 1659 364 EXI’OSITIO
1699 305 1762 361 IN
1804 304 2126 365 ιιςΑιδιωι
2162 305 2324 363 CXX.

3426 300 3540 356 33K

1920 428 2027 483 tur,
2076 429 2130 474 et
2173 433 2401 490 quarum
2446 415 2593 474 basis
2624 418 2843 475 minime
2889 416 3040 472 ﬁrma
3086 426 3199 485 est,
3225 416 3529 489 cujusmodi

1917 522 1999 568 est
2025 528 2178 567 amor
2218 512 2479 582 pecuuite,
2526 512 2829 583 cuiusmodi
2860 522 2943 568 est
2981 512 3309 568 desiderium
3340 526 3531 568 earum

1918 621 2096 658 rerum
2122 620 2243 675 quae
2262 605 2328 659 ad
2354 605 2494 661 hanc
2522 608 2685 661 vitam
2712 606 2983 677 pertinent
3010 624 3023 659 :
3054 616 3110 661 et
3131 606 3251 661 ideo
3279 606 3531 675 frequen-

1916 704 1997 747 ter
2040 696 2427 750 subvertuntur
2462 708 2518 752 et
2562 697 2840 760 decidunt,
2870 705 2927 752 et
2968 697 3037 751 de
3084 698 3248 752 rebus
3280 696 3533 751 maximis

1917 788 2213 855 periculum
2245 803 2392 858 sa'pe
2431 800 2615 844 creant
2663 789 2789 855 sibi,
2836 792 2927 860 qui
2969 789 3060 844 illa
3106 788 3403 855 possident.
3437 786 3529 844 Illa

1914 880 2059 935 etaim
2095 896 2389 949 numquam
2446 890 2575 935 sunt
2622 883 2772 936 firma
2826 896 2892 935 ac
2938 881 3175 941 stabilia,
3225 890 3524 950 numquam

1914 979 2040 1026 sunt
2062 972 2377 1033 immobilia,
2410 971 2506 1026 sed
2539 987 2755 1043 semper
2783 981 3079 1034 mutantur,
3106 970 3529 1025 transferuntur.

1912 1072 1968 1118 et
2007 1063 2176 1134 magis
2220 1078 2379 1133 quam
2409 1063 2604 1118 ﬂuetus
2650 1064 3051 1133 perturbantur,
3084 1077 3243 1132 quam
3285 1060 3530 1116 ﬂuviales

1914 1152 2073 1209 undae
2117 1154 2276 1208 citius
2322 1164 2620 1221 transeunt,
2650 1169 2716 1208 ac
2741 1155 2932 1225 quavis
2971 1168 3147 1207 arena.
3176 1151 3527 1207 imbecilliora

1912 1255 2056 1311 sunt,
2086 1255 2137 1301 et
2170 1248 2339 1317 magis
2356 1249 2645 1319 periluunt.
2666 1248 2719 1302 ι.
2752 1247 2885 1300 Ecce
2905 1264 3007 1300 non
3032 1245 3347 1310 dormitabit,
3366 1261 3526 1315 neque

1912 1339 2131 1391 dormiet
2157 1339 2241 1409 qui
2265 1341 2482 1393 custodit
2512 1337 2701 1393 Israel.
2732 1338 2789 1393 Si
2814 1348 2881 1402 te,
2921 1339 3111 1409 iuqttit,
3147 1340 3218 1393 ita
3244 1354 3526 1407 compara-

1912 1432 2076 1495 veris,
2108 1431 2230 1485 Non
2260 1432 2572 1495 dormitabit,
2621 1448 2781 1503 neque
2825 1433 3063 1497 dormiet,
3116 1432 3219 1487 hoc
3263 1444 3367 1496 est,
3416 1449 3521 1487 non

1909 1521 2268 1593 derelinquet,
2299 1538 2404 1577 non
2433 1527 2595 1591 siuet,
2628 1540 2732 1578 non
2760 1523 2998 1579 dimittet
3026 1524 3227 1578 nudum
3254 1534 3309 1579 et
3332 1524 3521 1580 deser-

1912 1624 2057 1668 tum.
2082 1615 2193 1671 lloc
2220 1628 2401 1671 autem
2435 1618 2625 1671 volens
2662 1615 3025 1682 subindicarc,
3056 1632 3164 1670 non
3196 1617 3292 1670 abs
3322 1631 3379 1670 re
3422 1633 3521 1685 po-

1908 1709 2017 1763 snit
2048 1708 2197 1773 illud,
2248 1708 2349 1776 Qui
2392 1708 2612 1764 custodit
2661 1708 2848 1764 Israel.
2880 1709 2994 1764 lloc
3023 1718 3105 1764 est
3152 1718 3331 1763 autem
3376 1709 3519 1778 quml

1908 1800 2041 1855 dicit
2076 1820 2089 1855 :
2120 1800 2175 1855 Si
2206 1799 2309 1854 hoc
2336 1811 2419 1854 est
2456 1800 2575 1870 ejus
2603 1810 2921 1871 perpetuum
2947 1815 3163 1869 munus,
3188 1809 3247 1855 ut
3272 1809 3350 1855 tot
3370 1809 3521 1856 retro

1906 1905 2033 1950 ante
2058 1894 2193 1950 actis
2218 1894 2449 1957 saeculis,
2479 1903 2530 1948 et
2561 1910 2590 1948 a
2625 1895 2730 1949 tuis
2757 1894 3051 1965 majoribus
3080 1905 3132 1950 te
3162 1894 3215 1950 in
3249 1904 3364 1949 tuto
3394 1896 3479 1950 col
3504 1926 3513 1934 -

1910 1986 2069 2050 locet,
2100 2001 2130 2041 a
2160 2001 2258 2041 suo
2286 2000 2393 2041 non
2424 1984 2667 2041 discedet
2692 1984 2893 2053 oflicio,
2917 1994 2973 2040 et
2998 1984 3049 2041 id
3075 1985 3221 2057 quod
3238 1988 3521 2041 consuevit

1907 2076 2086 2133 facere
2135 2092 2242 2134 non
2272 2077 2507 2144 deseret,
2539 2078 2639 2133 nisi
2670 2086 2725 2133 tu
2771 2076 2987 2133 dederis
3017 2078 3069 2132 in
3097 2076 3517 2133 commotionem

1906 2170 2099 2240 pedem
2143 2180 2318 2226 tuum.
2351 2170 2535 2241 Neque
2562 2185 2694 2226 vero
2719 2171 2894 2225 solum
2924 2186 3033 2225 non
3062 2170 3296 2237 deseret,
3328 2169 3425 2225 sed
3464 2179 3518 2225 te

1905 2265 2067 2320 etiam
2096 2280 2219 2321 cum
2249 2280 2438 2335 magna
2460 2263 2749 2319 securitate
2766 2261 3039 2318 defendet.
3062 2261 3130 2317 Et
3149 2261 3272 2319 ideo
3286 2260 3514 2333 subjun-

1902 2358 1979 2426 git
2008 2357 2193 2413 dicens
2218 2379 2232 2414 :
2260 2358 2314 2412 4.
2349 2357 2600 2412 Dominus
2629 2357 2846 2412 custodit
2874 2366 2957 2422 te;
2992 2354 3243 2410 Dominus
3273 2356 3515 2427 protectio

1904 2460 1990 2503 tua
2019 2467 2173 2520 super
2198 2467 2404 2505 manum
2435 2451 2695 2505 dexteram
2725 2461 2885 2505 tuam.
2919 2451 3072 2505 Alius
3100 2449 3174 2521 (a)
3205 2459 3385 2504 autem
3417 2452 3513 2511 ait,

1903 2542 1985 2595 Ad
2008 2559 2219 2597 manum
2243 2542 2501 2598 dexteram
2527 2554 2685 2597 tuam.
2713 2543 2851 2607 Erit,
2878 2543 3065 2615 inquit,
3092 2525 3347 2598 defensor
3370 2552 3513 2607 tuus,

1901 2633 2137 2705 adjutor,
2161 2634 2468 2690 auxiliator.
2496 2634 2662 2691 Vides
2683 2635 2955 2706 quomodo
2977 2636 3064 2691 hic
3089 2650 3301 2707 quoque
3330 2643 3382 2691 te
3401 2636 3518 2691 vult

1903 2724 1955 2780 in
2001 2742 2167 2797 opere
2213 2726 2575 2782 exerceri?A
2622 2726 2939 2798 metaphora
2980 2737 3161 2782 autem
3193 2743 3382 2783 eorum
3425 2728 3515 2798 qui

1900 2826 2047 2873 stant
2070 2820 2122 2871 in
2148 2819 2286 2884 acie,
2317 2817 2479 2875 stabit
2508 2819 2577 2875 ad
2606 2834 2823 2876 manum
2852 2829 2995 2874 tuam
3024 2819 3327 2885 dexteram,
3355 2829 3413 2875 ut
3441 2822 3519 2874 sis

1901 2910 2353 2981 inexpugnabilis,
2402 2920 2458 2966 ut
2502 2912 2682 2982 gravis
2722 2926 2787 2967 ac
2832 2920 3104 2975 strenuus,
3153 2923 3211 2967 ut
3241 2913 3424 2969 valens
3462 2922 3519 2967 et

1902 3012 2113 3072 potens,
2134 3012 2194 3057 ut
2224 3012 2487 3071 troiiamm
2514 3004 2711 3073 erigas,
2738 3014 2795 3059 ut
2824 3004 3024 3059 referas
3050 3003 3353 3070 victoriam,
3380 3021 3518 3074 quo—

1900 3096 2044 3150 niam
2078 3095 2164 3151 illa
2196 3108 2276 3152 est
2307 3097 2561 3161 maxime,
2607 3112 2704 3165 per
2731 3112 2893 3167 quam
2919 3098 3098 3152 omnia
3134 3098 3364 3167 agimus.
3397 3098 3514 3153 Non

1900 3187 2076 3242 solum
2106 3187 2200 3242 tibi
2234 3189 2473 3254 assistet,
2506 3195 2561 3242 et
2586 3188 2681 3243 tibi
2707 3202 2865 3258 Opem
2896 3187 3182 3255 feret,'sed
3204 3194 3368 3246 etiam
3392 3205 3517 3259 pro-

1902 3288 2062 3349 teget.
2115 3278 2315 3335 lterum
2347 3281 2491 3344 dico,
2525 3296 2622 3350 per
2660 3295 2723 3335 ea
2770 3296 2893 3351 qua:
2936 3291 3064 3335 sunt
3092 3282 3233 3351 apud
3267 3298 3391 3348 nos,
3420 3282 3512 3336 Dei

1898 3370 2157 3425 auxilium
2190 3374 2442 3443 exprimit
2477 3392 2490 3429 :
2521 3382 2576 3427 et
2620 3372 2873 3429 omnibus
2925 3374 3166 3429 numeris
3210 3376 3509 3429 absolutam

1899 3463 2222 3530 custodiam,
2276 3473 2332 3519 et
2387 3467 2623 3519 maxime
2679 3463 3040 3534 propinquum
3070 3464 3360 3532 auxilium,
3417 3481 3514 3536 per

1899 3554 2175 3610 dexteram
2218 3564 2274 3609 et
2304 3556 2691 3625 protectionem
2719 3554 2975 3611 ostendit.
3027 3554 3082 3610 6.
3115 3554 3221 3611 Per
3267 3557 3403 3611 diem
3433 3559 3513 3612 sol

1900 3662 2001 3700 non
2050 3656 2161 3700 uret
2208 3657 2273 3709 te,
2308 3662 2466 3710 neque
2517 3645 2641 3700 luna
2684 3662 2774 3717 per
2821 3656 3037 3700 noctem.
3075 3646 3140 3701 Et
3168 3644 3272 3702 hoc
3313 3648 3508 3703 factum

1900 3750 1980 3797 est
2009 3741 2023 3770 ‘
2058 3740 2272 3810 quando
2300 3739 2503 3809 egressi
2534 3746 2661 3793 sunt
2687 3754 2754 3793 ex
2785 3735 3044 3808 Egypto,
3073 3746 3129 3792 et
3155 3736 3427 3807 degebant
3455 3738 3510 3792 in

1900 3835 2212 3891 solitudine.
2246 3834 2342 3889 llic
2369 3844 2549 3889 autem
2578 3832 2711 3888 dicit
2736 3847 2983 3904 magnam
3013 3833 3383 3888 securitatem.
3415 3831 3513 3887 Est

1898 3936 2078 3981 autem
2099 3924 2412 3989 verisimile,
2438 3936 2532 3979 eos
2559 3926 2746 3990 etiam,
2772 3938 2895 3977 cum
2924 3931 3052 3978 tunc
3080 3922 3335 3988 redirent,
3368 3921 3511 3993 ejus-

1901 4018 2046 4073 modi
2079 4016 2295 4088 aliquod
2345 4017 2660 4072 miraeulum
2709 4016 2873 4071 fuisse
2918 4028 3285 4088 consequutos
3327 4017 3512 4086 aliqua

1900 4112 2009 4167 alio
2063 4112 2245 4167 modo.
2279 4110 2479 4166 Volens
2519 4126 2649 4181 ergo
2692 4111 2838 4180 large
2868 4119 2923 4165 et
2952 4110 3173 4181 copiose
3219 4111 3511 4166 ostendere

1900 4206 2019 4274 ejus
2046 4203 2436 4274 providentiam
2478 4203 2620 4274 quod
2674 4218 2781 4257 nou
2822 4203 2996 4258 solum
3028 4202 3224 4258 liberet
3259 4218 3288 4256 a
3330 4203 3509 4265 malis.

1903 4298 2013 4351 imo
2054 4313 2122 4351 ne
2151 4312 2214 4351 ea
2243 4295 2463 4367 quidem
2493 4297 2632 4350 sinat
2662 4296 2890 4364 perpeti,
2917 4311 3037 4366 qua:
3064 4295 3241 4351 solent
3264 4296 3512 4351 accidere

1905 4389 2233 4454 hominibus,
2281 4389 2385 4443 hoc
2433 4390 2728 4459 subiunxit.
2766 4389 2860 4443 Est
2902 4390 3048 4443 enim
3080 4389 3195 4458 ejus
3243 4390 3429 4444 auxilii
3459 4402 3514 4444 ct

1901 4483 2068 4539 efl‘nsa
2096 4481 2477 4553 suppeditatio,
2508 4491 2563 4537 et
2589 4497 2709 4550 qua:
2736 4481 2915 4537 verbis
2942 4481 3171 4551 exprimi
3201 4495 3308 4535 non
3334 4490 3514 4552 potest

1902 4576 2227 4648 benignitas,
2260 4591 2383 4647 quae
2428 4592 2535 4630 nou
2586 4590 2684 4645 pro
2724 4575 2887 4630 modo
2927 4584 3128 4629 nostra:
3173 4574 3514 4628 necessitatis

1902 4688 2059 4727 suum
2094 4670 2299 4741 praebet
2325 4669 2605 4735 auxilium,
2638 4668 2733 4724 sed
2764 4668 3293 4723 renumerationilms
3326 4677 3509 4723 nostra

1900 4779 2115 4835 quoque
2145 4762 2413 4833 postulata
2460 4772 2701 4831 superat.
2735 4762 2788 4815 7.
2822 4759 3075 4814 Dominus
3099 4760 3345 4814 custodiet
3375 4770 3423 4813 te
3446 4763 3509 4813 αι

1902 4859 2039 4913 omni
2065 4858 2201 4911 malo
2227 4873 2245 4910 :
2273 4856 2518 4910 custodiet
2538 4855 2761 4907 animum
2783 4864 2925 4907 tuam
2948 4851 3222 4908 Dominus.
3242 4854 3343 4919 Qui
3364 4854 3507 4907 enim

1902 4969 1968 5006 ut:
2001 4951 2116 5005 haec
2143 4948 2361 5020 quidem
2407 4962 2572 5015 parva
2619 4946 2749 4999 sinit
2794 4944 2891 4999 tibi
2920 4945 3117 4999 aﬂ'erre
3163 4945 3510 5008 molestiam,

1900 5042 1995 5098 sed
2028 5056 2272 5109 eousque
2298 5039 2542 5095 extendit
2579 5053 2733 5092 suam
2763 5052 2949 5093 curam
2987 5046 3040 5091 et
3070 5034 3464 5105 providentiam
3487 5078 3507 5099 ,

1902 5137 2076 5191 multo
2120 5136 2292 5205 magis
2338 5133 2536 5188 elﬁciet
2581 5140 2637 5185 ut
2679 5130 2748 5184 ab
2779 5129 2905 5185 aliis.
2923 5130 3217 5200 expugnari
3248 5144 3510 5198 nequeas.

1903 5227 2173 5298 Quidquid
2216 5226 2357 5282 enim
2412 5222 2615 5279 invadit
2655 5222 2865 5277 molesti
2907 5230 2961 5275 et
2991 5220 3194 5289 asiieri,
3221 5221 3367 5275 cedit
3415 5220 3511 5276 Dei

1904 5323 2055 5377 nutni
2092 5340 2104 5375 :
2138 5337 2257 5391 quas
2303 5319 2516 5388 quidem
2550 5333 2653 5371 non
2687 5316 2868 5370 insunt
2912 5313 3323 5368 inhominibns.
3378 5314 3509 5368 Nam

1904 5415 2000 5468 etsi
2036 5429 2177 5481 sanie
2206 5412 2273 5465 ab
2309 5414 2318 5460 l
2344 5426 2406 5463 oe
2439 5409 2577 5463 malo
2606 5407 2932 5471 liberaverit,
2961 5406 3028 5461 ab
3054 5406 3161 5459 alio
3186 5420 3292 5459 nun
3319 5406 3512 5475 putuit,

1906 5509 1984 5561 vel
2016 5508 2058 5561 si
2108 5507 2297 5576 putuit,
2343 5514 2489 5559 certe
2534 5501 2742 5565 noluit;
2775 5516 2962 5555 verum
2990 5498 3085 5553 Dei
3118 5513 3309 5552 manus
3339 5496 3518 5551 valida

1973 5643 1987 5672 ¹
2026 5638 2171 5689 Savil.
2203 5654 2213 5687 :
2246 5644 2301 5687 Et
2324 5636 2451 5688 illud
2475 5648 2613 5686 omne
2634 5636 2830 5698 qmmdo
2861 5634 3041 5694 factum
3078 5639 3147 5683 cst
3172 5630 3196 5679 ζ’
3237 5632 3515 5694 interroga-

1904 5710 2020 5757 tive,
2052 5715 2145 5750 tum
2172 5700 2317 5749 male.

1970 5766 2044 5827 (tl)
2078 5773 2190 5823 Quis
2214 5765 2275 5812 sit
2304 5762 2379 5812 hic
2405 5763 2653 5825 interpres
2676 5766 2941 5821 ignoratur.
