4218 6428
776 397 879 452 347

776 527 830 564 et
850 510 1204 577 omn'potens,
1230 506 1599 577 quodcumque
1628 504 1907 567 invaserit,
1944 500 2221 570 proﬂigare
2253 512 2347 565 po-

787 603 927 666 terit,
954 610 1006 655 et
1034 609 1085 655 te
1115 600 1339 654 liberare
1362 596 1431 650 ab
1459 597 1721 651 omnibus.
1751 594 1805 648 8.
1839 592 2084 646 Dominus
2111 589 2352 643 custodiet

774 691 1032 744 introitum
1060 700 1219 754 tuum,
1250 698 1299 741 et
1324 688 1509 741 cuinon
1549 698 1712 739 tuum.
1736 685 1883 738 Alius
1910 684 2173 749 interpres
2201 680 2347 742 dicit,

779 782 1044 835 Accessum
1085 790 1222 833 tuum
1265 777 1362 850 (a).
1396 778 1582 833 Vidisti
1614 777 1729 844 ejus
1759 783 2069 843 perpetuum
2099 771 2349 825 auxilium

784 873 976 940 ultique
1018 871 1226 933 adesse,
1271 870 1556 924 introeunti
1603 876 1656 921 et
1695 864 1956 921 exeunti?
2002 862 2134 928 Quid
2177 868 2346 929 potest

772 979 895 1016 cum
924 963 1023 1016 hac
1048 965 1269 1016 caritate
1293 958 1562 1014 conferri?
1591 957 1713 1025 quid
1741 972 1860 1010 cum
1912 954 2008 1008 hac
2032 951 2349 1008 clementia?

774 1054 870 1107 Hic
907 1054 1119 1121 quidem
1175 1060 1320 1105 certe
1364 1063 1574 1103 omnem
1619 1048 1782 1101 vitam
1828 1046 2132 1114 signiﬁcat:
2168 1044 2219 1096 in
2266 1042 2349 1096 his

771 1144 915 1198 enim
962 1145 1063 1195 vita
1104 1142 1348 1195 universa
1393 1139 1654 1202 consistit,
1688 1151 1877 1204 nempe
1919 1136 1971 1189 in
2011 1135 2251 1203 ingreSsu
2294 1141 2349 1187 et

771 1235 936 1287 exitu.
982 1232 1053 1285 Et
1100 1240 1160 1285 ut
1205 1230 1258 1285 id
1304 1230 1538 1298 apertius
1581 1227 1875 1297 signiﬁcet,
1923 1226 2236 1294 subjunxit:
2269 1224 2347 1277 Ex

776 1326 870 1375 hoc
896 1339 1026 1375 nunc
1060 1330 1106 1375 et
1142 1336 1301 1386 usque
1336 1321 1387 1373 in
1425 1320 1681 1375 sarculum.
1728 1317 1843 1381 Non
1888 1334 2009 1380 uno,
2042 1317 2227 1386 inquit,
2256 1325 2347 1370 aut

773 1411 1001 1475 duobus,
1045 1420 1132 1462 aut
1162 1408 1347 1470 tribus,
1376 1417 1467 1462 aut
1507 1409 1727 1475 decem,
1754 1417 1845 1462 aut
1872 1407 2071 1475 viginti,
2103 1415 2191 1459 aut
2215 1421 2337 1460 cen-

773 1510 884 1554 tum
932 1499 1135 1564 diehus,
1170 1498 1264 1555 sed
1297 1508 1549 1569 perpetuo
1576 1516 1589 1550 :
1619 1498 1759 1568 quod
1804 1498 2015 1566 quidem
2064 1512 2165 1550 non
2209 1497 2345 1550 inest

771 1590 1107 1653 hominibus;
1138 1590 1232 1645 sed
1271 1592 1451 1644 multa:
1491 1598 1613 1643 sunt
1656 1591 1989 1651 mutationes,
2038 1589 2342 1658 frequentes

768 1696 947 1746 casus,
975 1692 1030 1735 et
1065 1682 1330 1736 continuae
1356 1680 1742 1735 vicissitudines
1774 1701 1785 1735 :
1817 1683 1905 1750 qui
1933 1680 2087 1734 hodie
2116 1678 2339 1743 amicus,

765 1785 884 1824 cras
905 1770 1149 1825 inimicus
1164 1781 1247 1825 est
1269 1787 1283 1825 :
1311 1771 1399 1840 qui
1418 1770 1573 1826 hodie
1593 1770 1696 1824 fert
1715 1785 1891 1839 opem,
1913 1784 2031 1824 cras
2053 1779 2103 1823 te
2123 1769 2343 1823 deserit.

766 1862 919 1927 Saepe
943 1865 1117 1915 autem
1159 1876 1264 1915 non
1292 1860 1463 1915 solum
1490 1860 1707 1925 deserit,
1747 1861 1840 1913 sed
1874 1860 2031 1913 etiam
2048 1869 2337 1928 oppugnat,

762 1960 813 2001 rt
843 1950 1117 2003 insidiatur
1143 1950 1326 2018 quovis
1356 1950 1506 2011 hoste
1532 1951 1739 2018 gravius
1772 1968 1784 2001 :
1816 1949 1905 2003 sed
1936 1936 2052 2015 quae
2080 1949 2168 2002 Dei
2197 1958 2338 2015 sunt,

763 2048 976 2091 nianent
1020 2039 1323 2101 immobilia,
1381 2050 1654 2107 perpetua,
1699 2038 2037 2101 immortalia,
2090 2036 2294 2090 stabilia
2323 2079 2337 2104 ,

763 2129 866 2180 ﬁne
892 2129 1142 2183 carentia.
1179 2129 1242 2182 Ut
1271 2145 1330 2184 ca
1361 2145 1485 2199 ergo
1510 2145 1875 2198 assequamur,
1906 2139 2083 2181 nostra
2132 2144 2341 2196 quoque

759 2218 1059 2281 aﬁcramus,
1107 2228 1163 2273 ut
1208 2236 1393 2289 magna
1449 2222 1728 2275 securitate
1778 2220 2032 2284 fruantur,
2090 2227 2143 2272 et
2204 2218 2337 2271 bona

758 2307 932 2360 futura
982 2308 1333 2378 adipiscamur
1375 2312 1423 2363 in
1452 2311 1660 2364 Christo
1686 2311 1807 2364 Jcsu
1867 2312 2088 2363 Domino
2118 2318 2298 2363 nostro
2321 2348 2335 2373 ,

761 2399 841 2447 oni
884 2398 1045 2464 gloria
1074 2399 1121 2449 in
1161 2400 1349 2453 swcula
1376 2402 1705 2453 smculortuu.
1741 2403 1930 2452 Anton.
2311 2395 2319 2409 '

1238 2549 1297 2599 ΙΝ
1329 2550 1649 2604 PSALMUM
1679 2550 1864 2603 CXXl.

763 2679 812 2729 l.
850 2676 1067 2729 La'tatus
1118 2694 1227 2731 sum
1257 2680 1308 2731 in
1338 2680 1433 2741 iis,
1462 2682 1550 2750 qui
1586 2682 1817 2733 dixerunt
1840 2681 1961 2733 milii
1985 2721 2001 2746 ,
2041 2682 2091 2733 in
2129 2681 2334 2735 domum

1332 2767 1539 2821 Domini
1582 2770 1784 2823 ibimus.

830 2922 879 2972 l.
908 2921 974 2975 At
1022 2937 1159 2975 nunc
1204 2922 1353 2975 multi
1383 2923 1601 2977 verbum
1628 2939 1771 2994 azgre
1809 2924 2020 2981 ferunt:
2052 2935 2107 2981 et
2143 2928 2186 2982 si
2220 2928 2338 2996 quis

760 3013 825 3065 ad
854 3014 1052 3068 circum
1072 3052 1092 3079 ,
1121 3015 1204 3069 vel
1230 3013 1295 3068 ad
1324 3014 1525 3069 theatra
1554 3016 1843 3084 iniquitatis
1862 3020 2155 3074 ascendens
2176 3035 2335 3074 voca-

762 3105 892 3155 verit
915 3143 929 3166 ,
954 3103 1102 3156 multi
1130 3113 1449 3157 concurrunt
1475 3121 1487 3154 :
1515 3104 1609 3158 sed
1636 3106 1678 3159 si
1708 3105 1772 3158 ad
1798 3105 2012 3160 domum
2040 3110 2295 3163 orationis
2316 3148 2331 3172 ,

755 3193 905 3258 pauci
927 3200 1089 3259 sunt,
1127 3191 1217 3260 qui
1243 3208 1346 3246 non
1398 3202 1728 3249 cunctentur.
1758 3196 1827 3249 At
1852 3212 1955 3249 non
2000 3197 2091 3251 sic-
2120 3196 2285 3251 Judaei
2317 3218 2335 3250 :

756 3296 862 3348 quo
889 3281 1012 3350 quid
1045 3282 1209 3350 possit
1237 3296 1355 3336 esse
1381 3284 1595 3352 gravius
1619 3323 1633 3348 ,
1664 3285 1875 3352 quando
1903 3286 2006 3340 illis
2056 3287 2331 3357 negligen-

758 3372 920 3425 tiores
948 3380 1236 3426 cernuntur
1259 3371 1583 3426 Christiani?
1623 3372 1893 3428 Undenam
1925 3384 2101 3428 autem
2133 3374 2326 3429 factum

755 3470 831 3515 est
850 3501 864 3523 ,
895 3470 950 3513 ut
976 3461 1009 3513 ii
1032 3470 1209 3515 essent
1230 3461 1397 3516 tales?
1421 3462 1623 3517 Rursus
1646 3463 1766 3517 dico
1790 3482 1802 3515 :
1827 3478 1855 3516 a
1878 3465 2183 3533 captivitate
2210 3465 2330 3519 facti

752 3560 877 3601 sunt
902 3550 1170 3604 meliores.
1203 3550 1337 3604 llinc
1364 3550 1397 3603 ii
1429 3552 1517 3621 qui
1541 3560 1695 3604 antea
1729 3554 2054 3607 nauseahant
2076 3595 2089 3618 ,
2114 3564 2168 3608 et
2193 3554 2330 3608 fem-

755 3640 898 3707 plum
929 3640 1140 3708 quidem
1162 3681 1177 3707 ,
1207 3640 1613 3709 divinorumque
1641 3641 1971 3710 eloquiorum
2005 3644 2327 3697 auditionem

751 3732 1117 3795 dimittebant,
1142 3732 1347 3801 seipsos
1371 3742 1545 3787 autem
1567 3734 1832 3786 montibus
1852 3776 1867 3799 ,
1890 3735 2111 3788 saltibus
2135 3776 2147 3798 ,
2173 3736 2325 3789 colli-

755 3821 884 3886 hus,
917 3833 965 3875 et
998 3822 1236 3892 plurima:
1266 3822 1520 3893 impietati
1569 3822 1862 3887 dedebant,
1895 3825 1962 3877 ah
1994 3826 2131 3880 illius
2154 3828 2326 3881 cultus

751 3911 1017 3964 desiderio
1041 3920 1343 3977 cessarunt,
1376 3919 1431 3967 et
1456 3912 1522 3965 ad
1549 3912 1686 3967 hanc
1716 3915 2115 3981 promissionem
2146 3915 2326 3971 incen-

752 4002 951 4055 duntur
971 4041 985 4065 ,
1017 4004 1288 4071 eriguntur
1311 4044 1328 4070 ,
1360 4005 1693 4067 consistunt,
1741 4013 1794 4059 et
1838 4006 2015 4058 animo
2063 4006 2323 4061 liniantur.

751 4093 1009 4158 Quoniam
1044 4094 1184 4147 enim
1204 4092 1344 4148 fame
1372 4102 1427 4149 et
1467 4095 1555 4149 siti
1594 4095 1961 4149 laboraverant
1986 4138 1999 4157 .
2040 4113 2142 4151 non
2188 4096 2327 4154 fame

752 4184 930 4251 panis,
957 4193 1008 4237 et
1027 4184 1112 4238 siti
1133 4199 1284 4254 aqua:
1302 4227 1317 4250 ,
1340 4185 1431 4241 sed
1452 4186 1699 4240 audiendi
1725 4188 1868 4241 verbi
1895 4189 2096 4243 Domini
2122 4192 2324 4260 (Anius.

750 4276 805 4328 8.
829 4276 888 4354 ll
911 4273 930 4345 )
956 4293 967 4328 :
1001 4275 1103 4329 hoc
1129 4277 1387 4344 supplicio
1406 4277 1641 4346 castigati
1664 4318 1677 4341 ,
1700 4293 1819 4331 cum
1847 4280 2035 4345 majori
2061 4281 2325 4335 desiderio

750 4380 812 4419 ea
843 4366 1119 4434 requirnnt
1144 4380 1172 4418 a
1194 4364 1383 4434 quibus
1408 4366 1733 4421 exciderant.
1761 4368 1830 4421 Ita
1852 4370 2008 4423 etiam
2038 4372 2119 4425 vel
2152 4372 2323 4441 ipsum

750 4455 921 4508 solum
966 4455 1453 4523 amplectebantur,
1500 4454 1773 4521 dicentes,
1820 4455 2130 4512 Placuerunt
2173 4462 2326 4514 servis

750 4545 849 4598 tuis
868 4543 1062 4609 lapides
1084 4544 1229 4613 ejus,
1254 4553 1301 4598 el
1327 4552 1472 4598 terra:
1482 4546 1596 4615 ejus
1619 4546 1980 4599 miserebantur
2003 4546 2173 4614 (Psal.
2203 4550 2292 4605 lOl
2310 4590 2322 4602 .

752 4634 821 4689 15
846 4632 867 4705 )
900 4650 914 4699 ;
942 4643 996 4689 et
1034 4649 1217 4689 rursus
1241 4675 1255 4699 ,
1290 4635 1503 4701 Quando
1533 4636 1727 4689 veniam
1750 4645 1796 4688 et
1821 4634 2074 4707 apparebo
2102 4650 2217 4692 ante
2242 4641 2323 4709 [a-

752 4726 878 4777 ciem
900 4722 994 4777 Dei
1016 4723 1197 4790 (Psal.
1224 4725 1310 4779 Η.
1335 4726 1389 4781 5.
1417 4734 1464 4777 et
1488 4726 1541 4779 7.
1563 4734 1611 4779 et
1635 4726 1686 4780 5.
1706 4725 1768 4795 )?
1793 4736 1847 4781 et
1877 4742 2062 4781 rursus
2085 4768 2100 4792 ,
2135 4726 2323 4782 Recor-

751 4816 909 4869 dabar
931 4816 1005 4869 tui
1027 4817 1089 4870 de
1109 4825 1240 4870 terra
1260 4815 1504 4871 Iordanis
1521 4824 1567 4869 et
1595 4815 1909 4872 Hermoniim
1930 4835 1961 4872 a
1983 4830 2147 4873 monte
2166 4822 2327 4873 modi-

751 4920 844 4967 co;
869 4915 921 4960 et
940 4919 1126 4961 rursus
1146 4947 1161 4972 ,
1185 4904 1312 4961 Haec
1335 4908 1571 4972 memini,
1595 4918 1639 4961 et
1661 4907 1816 4973 effudi
1837 4926 1986 4979 super
2005 4927 2083 4963 me
2106 4912 2327 4964 anintant

752 5011 935 5048 meam.
964 4995 1223 5073 Quidnam
1252 5006 1429 5052 autem
1448 5039 1463 5063 ,
1492 4996 1578 5053 dic
1622 4998 1750 5052 mihi
1768 5038 1786 5065 ,
1831 5000 2153 5055 meministi?
2184 5000 2324 5065 Quo-

751 5086 887 5139 niam
913 5086 1131 5139 transibo
1152 5086 1204 5138 in
1229 5088 1395 5143 locum
1424 5089 1733 5142 tabernaculi
1751 5088 2061 5144 admirabilis
2080 5107 2236 5159 usque
2259 5093 2327 5145 ad

750 5176 956 5230 domum
979 5176 1073 5232 Dei
1097 5177 1116 5248 (
1139 5176 1283 5232 Psal.
1310 5181 1398 5234 bl.
1431 5180 1521 5251 5).
1552 5181 1663 5235 Hoc
1689 5191 1802 5246 est,
1827 5180 1959 5247 Quia
1997 5184 2231 5238 transibo
2259 5185 2323 5239 ad

749 5265 973 5322 choreas
996 5282 1059 5322 ac
1079 5283 1295 5337 magnos
1315 5278 1604 5325 conventus
1626 5311 1643 5335 ,
1676 5279 1729 5324 et
1756 5272 1900 5325 illum
1933 5272 2022 5326 Dei
2045 5273 2242 5327 cultum
2265 5288 2327 5327 ac

748 5371 1097 5412 ceremomas.
1119 5358 1173 5413 2.
1201 5358 1408 5413 Stantes
1434 5361 1751 5431 erantpedes
1777 5362 1933 5415 nostri
1957 5363 2010 5416 in
2030 5364 2174 5416 atriis
2203 5364 2321 5428 tuis,

748 5446 1049 5503 Jerusalem.
1062 5448 1225 5515 Alius,
1248 5450 1473 5505 Latatus
1486 5468 1599 5507 sum
1617 5468 1727 5506 cum
1744 5452 1965 5507 dicerent
1982 5454 2133 5521 mihi,
2149 5454 2216 5508 In
2238 5456 2329 5509 do-

742 5554 888 5593 mum
916 5538 1121 5595 Domini
1150 5542 1388 5596 uenimus.
1421 5543 1676 5597 Steterunt
1716 5544 1864 5614 pedes
1893 5548 2048 5600 nostri
2087 5548 2140 5601 in
2185 5548 2329 5601 atriis

752 5632 886 5696 suis,
915 5630 1215 5687 Jerusalem.
1248 5632 1433 5689 Vidisti
1470 5634 1729 5705 insignem
1760 5636 2120 5705 voluptatem?
2143 5637 2327 5692 Perin-

820 5742 894 5803 (α)
925 5742 1071 5803 Cujus
1092 5746 1153 5794 sit
1176 5744 1281 5794 hac
1302 5745 1637 5807 interpretatio
1660 5750 1896 5797 nescitur.

1452 393 1506 446 S.
1545 388 1819 445 10mile
1847 382 2315 443 CIIBYSOSTOMI
2354 379 2669 437 ARCHIEP.
2711 382 3241 442 CONSTANTINOP.

3937 388 4059 445 διδ

2460 496 2526 552 de
2551 514 2613 551 ac
2638 500 2681 552 si
2705 502 2862 557 rebus
2885 503 3011 573 ipsis
3033 503 3335 559 fruerentur
3354 546 3367 569 ,
3394 506 3473 559 vel
3494 505 3559 559 ad
3586 506 3697 574 ipsa
3720 505 3876 562 verba
3902 522 4049 575 gsn-

2456 590 2651 644 debant
2671 633 2683 655 ,
2732 608 2922 662 magno
2946 594 3212 650 desiderio
3248 596 3627 664 amplectentes
3655 598 3911 651 orationis
3941 598 4051 651 do-

2457 699 2600 737 mum
2628 695 2682 740 et
2709 687 2993 741 civitatem.

2527 774 2753 829 Privatio
2781 777 3024 830 bonorum
3066 793 3265 832 sensum
3301 793 3475 832 eorum
3524 779 3680 848 efﬁcit
3720 796 3866 849 quem
3914 795 4051 833 usus

2456 869 2649 937 [ructus
2687 884 2786 920 non
2812 868 3065 936 efﬁciebat.
3098 898 3170 908 —
3200 869 3271 921 Ita
3299 869 3439 923 Deus
3465 884 3680 938 semper
3706 870 3879 924 facere
3904 885 4014 925 con

2454 958 2644 1010 suevit.
2688 957 2910 1024 Quando
2954 959 3096 1012 enim
3128 958 3267 1013 bona
3309 958 3565 1014 habentes
3603 973 3707 1013 non
3737 959 4044 1022 sentimus,

2453 1050 2593 1116 ejieit
2637 1064 2697 1102 ea
2727 1043 2763 1102 θ’
2787 1042 3289 1118 ιιοείι·ἰε,ηιθιιὶι›ιιε,
3322 1059 3379 1102 ut
3421 1048 3472 1103 id
3501 1053 3642 1121 quod
3681 1049 3894 1105 efﬁcere
3925 1064 4043 1105 non

2456 1140 2621 1205 potuit
2643 1154 2769 1193 usus
2790 1138 3018 1205 fructus,
3048 1140 3242 1194 efficiat
3266 1140 3492 1209 privatio
3515 1159 3528 1193 :
3556 1140 3697 1209 quod
3723 1141 3850 1209 ipsis
3868 1140 4053 1195 etiam

2452 1230 2628 1283 evenit
2679 1229 3121 1297 amplectantibus
3169 1229 3471 1294 civitatem,
3525 1239 3685 1299 atque
3736 1229 3989 1298 templum
4020 1271 4042 1292 .

2449 1322 2587 1388 quod
2635 1323 2854 1389 patriam
2886 1322 3215 1390 recepissent
3246 1336 3465 1390 magnas
3505 1322 3702 1392 gratias
3729 1321 4037 1393 agentibus.

2449 1413 2501 1466 5.
2531 1411 2815 1465 Jerusalem
2844 1429 2957 1482 qua:
2984 1412 3268 1481 aediﬁcatur
3296 1422 3351 1464 ut
3377 1413 3571 1466 civitas.
3616 1412 3794 1478 Alius,
3827 1410 4041 1482 Ᾰῖάίῤ-

2448 1513 2612 1555 cutam
2643 1513 2695 1555 ut
2721 1503 2989 1556 civitatem.
3021 1501 3117 1557 Vel
3148 1516 3276 1571 ergo
3300 1517 3366 1555 ex
3397 1501 3739 1571 Septuaginta
3767 1502 4037 1556 sententia

2450 1590 2550 1644 hoc
2576 1590 2675 1643 sibi
2705 1592 2814 1643 vult
2835 1634 2849 1655 ,
2872 1589 3243 1644 Ediﬁcahitur
3267 1590 3560 1645 Jerusalem
3590 1598 3651 1643 ut
3676 1590 3860 1644 civitas
3879 1629 3895 1654 ,
3922 1606 4043 1659 quo

2447 1682 2772 1751 signiﬁcatur
2794 1693 3000 1751 tempus
3023 1682 3165 1752 quod
3188 1682 3459 1751 praecessit
3476 1683 3877 1737 aediﬁcationem
3901 1699 3915 1744 ;
3945 1682 4039 1736 vel

2449 1781 2503 1825 ut
2535 1773 2646 1824 vult
2672 1772 2809 1824 alius
2833 1774 3132 1841 interpres:
3166 1773 3483 1842 Recepimus
3508 1772 3801 1828 Jerusalem
3823 1813 3838 1837 ,
3870 1770 4037 1825 Edi-

2447 1862 2647 1929 ﬁcatam
2675 1872 2725 1913 ut
2756 1864 3003 1915 civitatem
3024 1904 3039 1928 ,
3066 1880 3185 1932 quzr
3209 1864 3506 1934 signiﬁcant
3526 1880 3586 1919 ea
3618 1880 3736 1933 qua:
3764 1874 3881 1933 post
3903 1880 4037 1933 cap-

2448 1952 2701 2005 tivitatem
2725 1952 3050 2007 acciderunt.
3083 1954 3215 2019 Quia
3240 1955 3379 2008 enim
3405 1964 3528 2008 tunc
3550 1964 3664 2008 crat
3686 1956 3907 2007 maxima
3940 1970 4035 2007 so-

2447 2043 2609 2096 litudo
2633 2044 2857 2097 civitatis
2877 2084 2891 2106 ,
2914 2054 3130 2113 eratque
3162 2053 3285 2099 tunc
3309 2060 3529 2108 eversa;
3556 2044 3743 2098 dirutis
3773 2045 4033 2107 turribus,

2444 2146 2497 2187 (ιι
2536 2136 2769 2202 disjectis
2798 2135 3095 2201 mmnihus,
3124 2145 3178 2190 et
3205 2137 3397 2190 veteris
3430 2137 3612 2206 patriai
3640 2137 3807 2190 solum
3840 2152 4032 2190 mane-

2445 2226 2571 2279 haut
2602 2226 2875 2294 reliquiae:
2906 2241 3026 2281 cum
3055 2227 3251 2280 reversi
3281 2238 3460 2280 essent
3481 2235 3535 2279 et
3558 2225 3806 2280 vidissent
3839 2226 4024 2279 solita.

2444 2316 2617 2368 dinem
2644 2355 2657 2377 ,
2691 2316 2960 2384 antiquam
2993 2317 3392 2385 prosperitatem
3435 2325 3683 2385 revocant
3728 2316 3777 2369 in
3819 2331 4028 2369 memo-

2446 2409 2574 2459 riam
2598 2420 2615 2469 ‘,
2646 2419 2695 2460 et
2726 2407 2840 2475 ejus
2868 2416 3084 2461 narrant
3109 2408 3378 2473 encomia,
3408 2407 3697 2462 referentes
3718 2449 3732 2473 ,
3759 2407 4031 2475 quomodo

2444 2514 2503 2550 ea
2537 2501 2678 2563 prius
2709 2500 2847 2553 clara
2889 2508 2943 2553 et
2980 2500 3232 2565 illustris,
3277 2515 3392 2569 qua:
3435 2498 3664 2553 habebat
3704 2498 3986 2551 ecclesiam
4009 2540 4026 2560 ,

2443 2591 2704 2661 principes
2727 2632 2739 2654 ,
2765 2606 2937 2660 reges,
2962 2602 3014 2645 et
3047 2590 3339 2660 pontiﬁces,
3360 2598 3577 2658 eratque
3599 2588 3949 2658 pulcherrima
3973 2600 4028 2641 et

2445 2684 2597 2751 longe
2624 2683 2961 2737 ornatissima
2987 2724 3002 2748 ,
3034 2682 3100 2736 ad
3131 2692 3238 2735 tam
3268 2690 3471 2750 turpem
3502 2690 3556 2735 et
3583 2679 3873 2732 deformem
3901 2693 4027 2746 spe-

2442 2774 2574 2828 ciem
2604 2774 2813 2827 redacta
2844 2775 2932 2826 sit.
2963 2773 3115 2841 Quod
3144 2782 3318 2827 autem
3350 2773 3421 2825 ita
3461 2773 3567 2836 sit,
3611 2771 3731 2824 audi
3775 2785 3893 2838 qum
3933 2785 4023 2824 sc-

2440 2874 2671 2933 quuntur
2710 2882 2724 2917 :
2765 2863 3049 2916 Jerusalem
3080 2878 3194 2931 qua
3230 2862 3512 2929 wdiﬁcatur
3534 2869 3592 2913 ut
3639 2860 3828 2913 civitas.
3873 2860 4023 2913 Tunc

2441 2957 2581 3011 enim
2615 2956 2847 3009 nomium
2878 2962 2994 3009 erat
3014 2953 3216 3008 civitas.
3235 2953 3446 3009 Clarum
3469 2961 3551 3005 est
3568 2959 3744 3004 autem
3759 2951 3919 3005 etiam
3946 2967 4015 3004 ex

2440 3063 2505 3101 eo
2533 3045 2674 3115 quod
2708 3044 3008 3114 subjungit:
3031 3041 3187 3113 Cujus
3222 3041 3540 3113 participatio
3572 3039 3759 3111 ejuiin
3775 3039 4023 3112 idipsum.

2442 3137 2570 3190 Dicit
2604 3137 2743 3190 enim
2774 3136 2889 3204 ejus
2909 3133 3200 3203 frequentia
3228 3140 3282 3186 et
3310 3139 3425 3185 tuta
3439 3130 3681 3193 aediﬁcia,
3702 3130 3939 3199 nihilque
3966 3130 4019 3184 in

2437 3243 2498 3280 ea
2518 3226 2682 3281 fuisse
2708 3224 2998 3289 desertum,
3019 3221 3114 3277 Sed
3140 3222 3283 3276 omni
3300 3228 3529 3290 exparte
3545 3218 3784 3281 densam.
3811 3220 4019 3286 perfec-

2439 3327 2542 3371 tam
2574 3325 2628 3371 et
2672 3314 2981 3385 populosam
3029 3312 3187 3367 fuisse
3228 3320 3352 3366 ante
3382 3310 3763 3379 captivitatem.
3788 3307 3860 3363 Et
3897 3307 4020 3363 ideo

2435 3408 2647 3479 quidam
2678 3386 2940 3475 interpres
2968 3406 3041 3475 (a)
3076 3403 3239 3471 dicit,
3269 3402 3371 3457 hoc
3411 3401 3713 3472 signiﬁcans
3732 3441 3748 3467 ,
3786 3399 4019 3470 Coniun-

2437 3502 2651 3554 ctionem
2680 3497 2883 3553 habens.
2918 3497 3119 3552 Deinde
3160 3505 3278 3566 post
3299 3494 3447 3561 illud,
3479 3493 3621 3547 aliud
3647 3507 3858 3564 quoque
3887 3490 4015 3548 dicit

2435 3593 2549 3658 ejus
2561 3591 2880 3645 encomiunt.
2896 3590 2947 3643 4.
2975 3587 3109 3641 Illuc
3134 3588 3270 3641 enim
3290 3586 3620 3640 ascenderunt
3642 3585 3818 3653 tribus,
3840 3585 3998 3639 tribus

2438 3680 2666 3746 Domini,
2714 3680 3048 3740 testimonium
3107 3677 3272 3732 Israel
3322 3677 3390 3731 ad
3434 3676 3777 3745 conﬁtendum
3824 3678 4017 3731 nomini

2434 3771 2662 3826 Domini.
2684 3772 2796 3827 lloc
2816 3774 2954 3826 enim
2978 3772 3207 3825 maxime
3228 3770 3514 3824 ornabatur
3535 3770 3754 3835 civitas;
3778 3784 3882 3823 non
3906 3779 4013 3822 tam

2438 3872 2651 3933 propter
2676 3861 3092 3932 magnitudinem
3114 3870 3170 3915 et
3193 3859 3414 3915 aediﬁcia
3432 3900 3448 3926 ,
3475 3875 3634 3929 quam
3657 3858 3797 3930 quod
3823 3873 4015 3916 omnes

2435 3956 2539 4010 illic
2559 3954 3030 4026 congregabantur,
3053 3968 3149 4008 ceu
3176 3961 3391 4008 senatus
3417 3952 3701 4008 haberetur
3718 3993 3733 4017 ,
3758 3967 3852 4009 seu
3877 3968 4012 4008 con-

2432 4046 2541 4110 cio,
2595 4061 2689 4100 seu
2730 4043 2797 4100 de
2825 4060 2885 4099 re
2911 4044 3084 4114 aliqua
3123 4039 3526 4099 deliberaretur.
3568 4042 3827 4110 Quoniam
3868 4044 4013 4099 enim

2433 4137 2539 4192 illic
2567 4145 2682 4192 erat
2710 4136 2961 4207 templum
2983 4177 2998 4200 ,
3021 4142 3077 4191 et
3114 4148 3302 4190 omnes
3330 4134 3440 4189 illic
3466 4133 3852 4205 peragebantur
3879 4135 4014 4189 ritus

2431 4243 2495 4282 ac
2521 4228 2871 4291 ceremoniai;
2904 4225 3010 4280 illic
3034 4232 3189 4280 erant
3215 4224 3519 4280 sacerdotes
3536 4264 3552 4291 ,
3580 4231 3634 4278 et
3662 4223 3862 4278 Levita:
3880 4266 3893 4287 ,
3927 4239 4014 4280 re-

2432 4319 2514 4387 gia
2538 4358 2554 4384 ,
2583 4317 2768 4389 adyta,
2801 4316 3056 4370 vestibula
3078 4354 3095 4381 ,
3124 4314 3381 4370 sacriﬁcia
3399 4355 3415 4379 ,
3443 4325 3497 4369 et
3522 4314 3690 4371 altare
3711 4354 3727 4379 ,
3760 4314 3890 4370 festa
3916 4329 4011 4370 ce-

2434 4409 2711 4477 lebresque
2738 4418 3029 4462 conventus
3051 4447 3066 4472 ,
3097 4419 3282 4476 preces
3312 4416 3364 4461 et
3382 4407 3665 4461 conciones
3683 4446 3699 4472 ,
3728 4417 3805 4471 et,
3836 4414 3895 4459 ut
3919 4420 4009 4461 sc-

2434 4498 2537 4552 mel
2566 4498 2770 4559 dicam,
2816 4497 2925 4551 illic
2964 4495 3287 4551 consistebat
3333 4504 3441 4550 tota
3484 4495 3652 4551 forma
3682 4495 4013 4567 reipahiicm;

2432 4589 2709 4658 oportebat
2754 4588 2863 4646 illic
2891 4587 3058 4641 tribus
3086 4586 3319 4641 maxime
3345 4595 3425 4640 ter
3454 4585 3505 4639 in
3534 4600 3675 4639 anno
3712 4585 3923 4654 colligi,
3956 4586 4009 4639 in

2432 4679 2581 4734 festis
2625 4678 2848 4748 publicis
2886 4686 2939 4731 et
2976 4674 3335 4740 solemnibus,
3386 4674 3439 4729 in
3469 4673 3767 4742 Paschste,
3813 4674 4009 4731 Pcnleo

2429 4780 2577 4825 coste
2618 4779 2673 4825 et
2700 4769 3023 4839 Scenopegia
3044 4807 3059 4833 ,
3088 4783 3185 4823 ceu
3216 4766 3353 4823 festo
3398 4767 3880 4822 tabernaculorum.
3906 4767 4005 4821 Ne.

2430 4880 2535 4933 que
2555 4864 2697 4918 enim
2727 4862 2915 4916 licebat
2939 4860 3085 4916 alibi.
3115 4859 3196 4914 Ad
3220 4860 3338 4931 ejus
3361 4875 3489 4931 ergo
3513 4859 3817 4915 encominm
3840 4859 4006 4915 dicit:

2433 4957 2566 5013 Illuc
2595 4959 2725 5012 enim
2755 4954 3084 5009 ascenderunt
3126 4953 3304 5008 tribus.
3329 4952 3398 5007 Et
3416 4953 3549 5006 alius
3567 4992 3583 5016 ,
3618 4950 3750 5007 Illac
3773 4952 4009 5006 ascende-

2432 5060 2549 5106 runt
2590 5057 2804 5119 sceptra.
2845 5046 2960 5102 Non
2988 5045 3121 5101 dixit
3149 5054 3325 5101 autem
3372 5043 3740 5112 solummodo,
3789 5040 4011 5111 Tribus,

2432 5145 2524 5199 sed
2546 5184 2560 5208 ,
2588 5141 2768 5196 Tribus
2793 5138 3019 5193 Domini.
3040 5137 3240 5192 Omnes
3263 5136 3435 5192 tribus
3459 5147 3613 5192 erant
3639 5136 3882 5203 Domini,
3912 5153 4011 5193 nec

2434 5246 2609 5291 tamen
2638 5235 2715 5289 eis
2758 5231 2879 5286 ideo
2908 5230 3097 5285 licebat
3123 5228 3239 5285 hare
3268 5228 3322 5284 in
3366 5245 3464 5284 sua
3506 5229 3677 5302 patria
3724 5240 4012 5300 peragere,

2432 5329 2525 5383 sed
2553 5343 2618 5382 eo
2663 5326 2867 5380 honore
2903 5322 3088 5379 adacta
3131 5332 3247 5379 erat
3283 5320 3626 5393 metropolis,
3668 5336 3788 5393 qum
3823 5335 4013 5378 omnes

2431 5417 2653 5487 cogebat
2676 5425 2730 5472 et
2754 5412 3050 5470 attrahebat
3073 5411 3139 5469 ad
3164 5413 3416 5485 seipssm.

2501 5508 2557 5562 2.
2595 5507 2698 5563 Cur
2724 5506 3052 5578 J'erosolymis
3072 5506 3235 5562 solum
3260 5506 3568 5576 sacriﬁcare,
3595 5521 3761 5572 orare,
3791 5515 3921 5571 etc,
3944 5510 3981 5562 li
3997 5536 4010 5547 ο

2506 5755 2576 5813 (τι)
2602 5753 2943 5814 Symmachus.
3037 5751 3045 5758 ’
