4218 6472
1499 322 1863 384 EXPOSITIO
1903 324 1969 383 IN
2008 323 2336 386 PSALIIUM
2374 328 2565 386 CXXI.

3602 330 3711 391 suo

394 444 573 507 tabat;
604 440 849 512 Iutorum
884 446 933 493 et
979 446 1310 495 conventum
1358 437 1584 503 utilitas;
1610 440 1663 493 in
1706 437 1993 495 Jerusalem
2106 439 2173 495 Et
2194 442 2513 498 abundantia
2540 443 2865 514 diligentibus
2894 455 2959 500 te.
2987 446 3137 501 Alius
3159 487 3175 512 ,
3199 447 3484 514 Quiescent.
3515 448 3669 503 Alius
3687 489 3702 513 ,

391 530 712 603 principatus
742 529 952 601 dupla,
972 529 1290 584 sacerdotum
1309 538 1356 583 et
1383 544 1656 600 regum-i-
1670 529 1783 585 lloc
1811 541 1991 586 autem

392 624 592 693 tiebat,
631 631 690 679 ut
727 621 799 678 id
826 622 907 677 eis
937 629 1084 677 esset
1124 632 1284 676 causa
1328 619 1422 676 Dei
1458 622 1808 692 cognitionis,
1849 636 1917 677 ne
1944 622 1989 676 si

387 728 797 789 quoquoversus
832 723 1170 784 vagarentur,
1208 713 1421 768 occasio
1461 722 1765 769 sumeretur
1801 712 1990 797 viaque

389 810 693 866 muniretur
710 806 775 861 ad
794 805 998 861 cultum
1020 804 1444 859 simulacrorum.
1463 802 1531 858 Et
1558 804 1681 859 ideo
1698 803 1805 859 illic
1819 804 1989 858 sacri-

389 902 575 965 ficare,
607 898 714 954 illic
733 912 912 964 orare,
941 896 1049 952 illic
1068 897 1376 959 convenire,
1397 894 1620 965 diesque
1642 895 1808 952 festos
1830 894 1990 966 jussit

388 1003 679 1063 pungere,
707 991 810 1047 loci
838 989 1096 1061 angustiis
1120 988 1456 1044 aberrantem
1495 1003 1681 1043 eorum
1712 998 1946 1044 mentem
1965 1026 1982 1053 ,

386 1093 441 1140 et
466 1084 536 1139 ad
566 1070 895 1153 impietatem
924 1078 1230 1136 tendentem
1252 1120 1267 1143 ,
1294 1093 1550 1136 coercens
1569 1118 1586 1146 ,
1616 1077 1893 1135 relreuans
1930 1086 1987 1136 et

383 1173 705 1244 reprimens.
732 1170 885 1240 Quod
912 1169 1129 1241 quidem
1160 1170 1274 1240 ipse
1299 1183 1512 1239 quoque
1539 1170 1868 1241 signiﬁcans,
1897 1170 1983 1226 di-

382 1264 540 1321 cebat
567 1282 583 1320 :
612 1256 793 1318 Tribus
836 1260 1070 1329 Domini,
1099 1260 1442 1314 testimonium
1478 1246 1664 1317 Israei.
1694 1258 1833 1327 Quid
1856 1270 1978 1327 est,

380 1352 746 1412 Testimonium
787 1352 996 1408 Ist'ael?
1024 1350 1410 1408 Testimonium
1455 1350 1743 1405 maximum
1765 1390 1783 1417 ,
1819 1364 1981 1421 argu-

379 1460 644 1515 mentum,
672 1447 918 1520 probatio
942 1444 1038 1501 Dei
1067 1443 1445 1515 providentiae,
1478 1452 1534 1498 ut
1558 1443 1701 1498 nulla
1731 1444 1861 1513 ipsis
1889 1459 1980 1499 re-

378 1539 653 1613 linquatur
674 1538 949 1595 excusatio
985 1537 1030 1593 si
1077 1535 1416 1603 desciscant,
1454 1536 1499 1591 si
1527 1536 1761 1592 resilient
1783 1576 1799 1602 ,
1830 1544 1885 1592 et
1910 1535 1978 1593 ad

378 1630 664 1688 simulacra
697 1629 1023 1699 confugiant.
1056 1626 1183 1698 Ejus
1211 1628 1356 1683 enim
1385 1627 1757 1698 providentiae,
1782 1636 1977 1698 poten-

380 1726 488 1788 tite,
517 1722 797 1793 sapientia:
835 1721 939 1777 hoc
975 1730 1093 1776 erat
1117 1732 1489 1791 argumentum
1521 1720 1835 1775 maximum.
1864 1716 1976 1776 illic

375 1814 835 1887 enim'legebatur
859 1813 949 1869 lex
974 1829 1093 1884 quae
1121 1827 1304 1870 rerum
1346 1814 1473 1873 olim
1499 1812 1753 1883 praeclare
1791 1821 1977 1884 gestae

375 1920 493 1965 tum
516 1917 572 1963 et
592 1908 831 1963 historiae
854 1905 1161 1962 continebat
1192 1906 1574 1961 narrationem.
1596 1906 1704 1961 Illic
1724 1907 1883 1960 etiam
1904 1904 1972 1962 ad

374 1998 651 2057 caritatem
688 1998 1225 2069 constringebantur,
1255 1998 1383 2053 dum
1424 2000 1564 2053 inter
1604 2013 1666 2054 se
1712 1997 1975 2054 baberent

371 2091 836 2151 consuetudinem.
866 2091 995 2160 Quae
1023 2092 1165 2148 enim
1196 2090 1602 2147 celebrabantur
1631 2090 1786 2156 testa,
1810 2099 1869 2145 ut
1888 2092 1974 2146 in-

372 2191 455 2241 ter
489 2199 551 2240 se
586 2181 1039 2254 congrederentur
1062 2197 1221 2238 causa
1245 2190 1398 2241 erant
1422 2222 1438 2248 ,
1466 2197 1530 2237 ac
1558 2180 1732 2252 major
1762 2192 1968 2251 metus,

372 2275 549 2331 vivida
582 2276 772 2346 pietas,
799 2283 855 2331 et
879 2275 980 2329 alia
1006 2274 1147 2330 bona
1176 2275 1453 2330 innumera
1478 2289 1545 2343 ex
1568 2289 1635 2330 eo
1662 2273 1971 2345 proﬁcisce-

370 2368 565 2424 bantur
584 2408 601 2431 ,
624 2365 767 2439 quod
794 2363 955 2422 simili
987 2368 1038 2421 in
1067 2366 1282 2423 civitate
1310 2365 1678 2423 convenirent.
1707 2368 1789 2421 Ad
1808 2368 1969 2437 conﬁ-

369 2462 576 2517 tendam
605 2462 796 2516 nomini
822 2459 1053 2515 Domini.
1086 2458 1197 2516 Hoc
1224 2468 1326 2528 est,
1355 2460 1423 2517 ad
1451 2460 1652 2533 gratias
1690 2461 1925 2531 agendas
1948 2502 1965 2528 ,

365 2555 433 2612 ad
462 2556 747 2612 colendum
772 2596 787 2621 ,
811 2555 1073 2610 orandum
1094 2594 1109 2618 ,
1137 2553 1492 2619 offerendum,
1521 2554 1929 2609 sacrificandum
1947 2595 1964 2623 ,

365 2661 486 2717 qua
520 2648 665 2716 ipsos
688 2645 954 2701 ducebant
988 2645 1054 2699 ad
1083 2646 1364 2715 pietatem,
1394 2656 1445 2701 et
1475 2660 1660 2701 eorum
1691 2647 1965 2715 religionis

363 2739 700 2809 disciplinam
728 2739 978 2793 tutiorem
1006 2737 1329 2793 elﬁciebanl.
1354 2738 1404 2793 5.
1430 2739 1566 2805 Quia
1592 2739 1702 2793 illic
1729 2739 1965 2794 sederunt

362 2832 506 2886 sedes
543 2831 597 2884 in
630 2831 915 2901 judicium,
942 2829 1085 2883 sedes
1129 2846 1283 2899 super
1331 2829 1537 2883 domum
1586 2828 1774 2883 David.
1824 2830 1964 2887 Ecce

362 2923 493 2979 dicit
519 2924 679 2978 etiam
720 2922 880 2977 sliam
907 2923 1135 2977 civitatis
1164 2922 1561 2977 excellentiam.
1592 2924 1850 2989 Quaenam
1898 2939 1960 2978 ea

360 3016 487 3069 est?
512 3013 663 3082 Quod
712 3013 819 3068 illic
857 3015 929 3067 sit
972 3014 1134 3083 regia.
1167 3011 1279 3069 Iloc
1318 3012 1460 3067 enim
1504 3012 1606 3068 sibi
1636 3012 1748 3067 vult
1795 3013 1957 3080 illud,

365 3104 622 3172 Quoniam
645 3103 751 3158 illic
779 3104 1014 3158 sederunt
1057 3104 1198 3157 sedes
1234 3104 1287 3156 its
1320 3103 1577 3174 judicium
1596 3143 1612 3168 ,
1639 3104 1781 3157 sedes
1807 3119 1963 3173 super

359 3198 566 3252 domum
596 3194 779 3251 Dauid.
812 3196 982 3263 Alius,
1013 3193 1203 3249 Domus
1232 3193 1394 3249 David
1423 3194 1523 3266 (a).
1555 3196 1668 3251 illic
1692 3197 1834 3251 enim
1864 3195 1961 3251 du-

361 3291 481 3361 plex
530 3301 646 3345 erat
692 3289 1018 3359 principatus
1041 3328 1057 3353 ,
1088 3288 1427 3343 sacerdotum
1479 3297 1534 3342 et
1571 3304 1775 3358 regum,
1806 3289 1959 3359 quasi

356 3380 573 3437 vinculo
595 3380 936 3450 eonjunctus,
953 3393 1074 3434 cum
1100 3378 1261 3434 veluti
1285 3379 1512 3448 quadam
1534 3378 1731 3449 duplici
1758 3395 1960 3437 cornua

356 3480 412 3526 et
454 3470 758 3526 diademate
802 3480 1086 3526 ornaretur
1111 3470 1299 3525 civitas
1330 3486 1425 3540 per
1467 3470 1581 3525 haec
1618 3473 1820 3525 omnia.
1851 3472 1959 3527 Illic

228 3628 243 3643 κ
353 3562 563 3633 judices
587 3603 601 3627 ,
628 3561 693 3617 ad
743 3576 877 3632 quos
911 3578 1029 3633 quae
1067 3563 1356 3617 multorum
1388 3570 1600 3632 captum
1630 3564 1960 3634 superabant

357 3655 746 3711 referebantur.
778 3654 835 3711 Si
864 3669 965 3726 qua
996 3656 1135 3710 enim
1161 3655 1265 3709 lata
1292 3663 1437 3710 esset
1461 3657 1725 3711 sententia
1758 3655 1811 3710 in
1838 3656 1956 3711 aliis

355 3750 682 3815 civitatibus,
713 3750 781 3805 de
807 3765 910 3820 qua
940 3750 1291 3816 dubitaretur,
1323 3760 1378 3805 ut
1404 3751 1584 3805 evenit
1628 3749 1680 3805 in
1723 3750 1958 3819 appella-

358 3843 592 3899 tionibus
611 3883 627 3909 ,
655 3842 720 3897 ad
744 3841 979 3915 judicum
1010 3844 1100 3912 qui
1129 3854 1281 3897 erant
1310 3842 1660 3914 Jerosolymis
1689 3843 1953 3912 cognitio-

355 3948 501 3997 uem,
534 3933 853 3987 sententiam
881 3931 1185 3987 referebant
1216 3951 1227 3984 :
1259 3930 1368 3986 illic
1390 3942 1567 3987 autem
1594 3933 1957 4002 accipiebatur

355 4028 571 4082 solutio.
609 4026 713 4081 Sed
756 4033 910 4082 erant
946 4026 1159 4094 quidem
1208 4029 1423 4096 antiqua
1474 4024 1781 4094 hujusmodi
1811 4041 1826 4079 :
1859 4025 1956 4079 lto-

354 4120 541 4173 dierna
563 4130 693 4172 vero
710 4126 836 4172 sunt
866 4115 947 4177 bis
971 4116 1141 4170 multo
1162 4118 1428 4185 graviora.
1456 4116 1551 4171 Est
1572 4118 1715 4171 enim
1746 4131 1953 4171 summa

356 4210 609 4277 solitudo,
629 4211 1042 4277 rnina,eversio,
1071 4210 1438 4280 conflagratio,
1462 4225 1646 4280 paucas
1670 4209 1951 4266 domorum

358 4304 599 4375 reliquiae
622 4304 787 4357 tristis
802 4311 854 4358 et
877 4302 1195 4357 miserabilis
1217 4304 1445 4373 species,
1465 4310 1520 4358 et
1535 4318 1654 4374 qum
1669 4303 1843 4358 solum
1867 4302 1958 4358 ba-

357 4396 447 4452 bet
474 4398 861 4452 monimentum
882 4437 897 4463 ,
915 4407 969 4452 et
995 4396 1221 4472 obscura
1243 4397 1488 4467 quaedam
1510 4398 1731 4469 vestigia
1762 4397 1955 4469 prioris

362 4489 647 4547 felicitatis.
682 4490 944 4558 Quocirca
988 4506 1093 4543 non
1140 4489 1411 4545 concludit
1453 4493 1750 4545 orationem
1794 4492 1953 4547 rebus

360 4584 571 4640 miseris
595 4590 650 4637 et
680 4582 936 4648 tristibus,
966 4580 1059 4636 sed
1091 4580 1156 4636 ad
1191 4582 1451 4637 betiorem
1483 4597 1632 4652 spem
1665 4597 1756 4636 eos
1790 4582 1953 4637 reda.

357 4679 428 4733 cit
465 4677 667 4737 dicens,
696 4674 747 4730 6.
774 4672 971 4747 [legate
1011 4691 1123 4747 qua:
1160 4675 1229 4729 ad
1277 4692 1453 4747 pacem
1491 4685 1609 4729 sunt
1643 4673 1950 4730 Jerusalem.

358 4769 494 4839 Quid
523 4775 605 4824 cst
622 4808 636 4831 ,
670 4766 864 4841 Iiogate
888 4785 1002 4840 quin
1027 4770 1096 4822 ad
1135 4786 1310 4841 pacem
1338 4777 1455 4824 sunt
1478 4767 1766 4824 Jerusalem
1783 4770 1810 4823 ἵ
1848 4768 1954 4825 Pro

357 4876 421 4917 eo
449 4860 590 4931 quod
616 4868 725 4924 est,
771 4860 940 4914 Petite
967 4870 1018 4915 et
1057 4862 1338 4930 postulate.
1372 4860 1521 4915 Alius
1550 4858 1625 4932 (b)
1655 4868 1834 4916 autem
1869 4860 1955 4915 di-

359 4953 454 5017 cit,
479 4950 889 5022 Amplectimiui,
928 4962 1019 5006 aut
1061 4953 1295 5007 Salutate
1335 4948 1644 5007 Jerusalem.
1679 4951 1792 5009 Hoc
1828 4961 1911 5008 est
1933 4994 1950 5019 ,

360 5042 560 5113 ltogate
581 5052 719 5097 utea
748 5042 930 5097 redeat
956 5042 1009 5096 in
1038 5044 1317 5111 pristinam
1343 5045 1771 5113 prosperitatem,
1806 5053 1864 5099 ut
1886 5045 1952 5098 li-

360 5132 572 5190 beretur
614 5149 644 5187 a
684 5132 837 5189 bellis
876 5131 1264 5203 frequentibus,
1290 5146 1347 5190 ut
1373 5137 1626 5206 deinceps
1666 5137 1954 5193 securitate

360 5223 582 5280 fruatur.
610 5223 700 5279 Vel
739 5226 839 5280 hoc
863 5239 991 5297 ergo
1016 5224 1146 5280 dicit
1167 5268 1179 5285 .
1207 5226 1289 5281 vel
1328 5227 1585 5296 praedicit.
1619 5226 1815 5300 Rogato
1840 5245 1956 5300 quia

359 5316 424 5372 ad
453 5333 624 5386 pacem
667 5327 783 5371 sunt
816 5312 1121 5373 Jerusalem.
1159 5318 1270 5375 lloc
1298 5329 1414 5383 est,
1458 5321 1564 5374 Pax
1599 5320 1647 5375 ei
1679 5322 1947 5377 succedet.

417 5540 491 5602 (α)
536 5537 730 5601 supple,
756 5536 916 5589 throni
938 5537 1110 5591 domus
1135 5538 1307 5591 David.
1334 5542 1569 5592 Hebraeus
1586 5549 1750 5593 autem
1775 5546 1954 5597 τῇωὲ

356 5632 442 5687 'm
473 5608 607 5688 m5
639 5646 651 5683 :
685 5629 811 5681 solio
848 5631 1015 5683 domui
1054 5630 1242 5691 Dauid,
1296 5632 1373 5681 vel
1409 5634 1579 5685 domus
1625 5632 1801 5685 David.
1847 5642 1956 5686 tttec

358 5703 691 5767 IWUO
712 5704 887 5753 omissa
909 5704 999 5753 fuit
1024 5704 1072 5753 in
1097 5703 1327 5767 itexaplis
1351 5707 1544 5755 nostris.

418 5762 499 5827 (ω-
523 5766 607 5816 ilic
628 5772 793 5817 autem
819 5774 893 5817 est
916 5762 1241 5829 Sytmnacbus.

2104 529 2355 601 Prospere
2393 544 2550 605 agant
2591 536 2680 606 qui
2714 544 2761 589 te
2790 535 3028 609 diligunt.
3060 537 3158 593 llic
3197 548 3280 593 est
3309 554 3500 609 magna
3548 542 3703 610 copia

2099 623 2499 692 prosperitatis,
2531 626 2745 696 quando
2789 641 2895 681 non
2942 627 2993 680 in
3036 643 3098 683 ea
3134 628 3309 683 solum
3348 628 3486 683 bona
3520 633 3701 685 consi-

2095 722 2266 780 stunt,
2297 715 2393 770 sed
2418 717 2579 772 etiam
2606 718 2696 787 qui
2724 732 2842 773 eam
2868 719 3099 791 diligunt
3138 720 3203 776 iis
3236 720 3488 777 frumitur
3515 738 3530 777 :
3558 722 3701 793 quod

2094 806 2310 876 quidem
2368 808 2425 864 in
2481 810 2746 879 prioribus
2790 814 3120 881 temporibus
3160 826 3317 868 secus
3374 811 3555 868 fiebat.
3596 813 3699 883 Qui

2093 909 2213 951 eam
2237 898 2380 953 enim
2402 899 2530 954 odio
2553 898 2844 966 habebant,
2864 913 2916 957 et
2932 903 3328 974 oppugnabant,
3349 904 3382 959 ii
3407 904 3699 975 plut-iutqu

2092 996 2361 1056 poterant,
2392 1000 2449 1045 et
2496 999 2652 1045 erant
2690 991 2811 1047 aliis
2852 994 3131 1060 clariores,
3174 1001 3230 1049 et
3272 1009 3399 1049 cum
3446 983 3700 1059 facilitate

2092 1086 2293 1149 tropaea
2317 1079 2615 1152 erigebant.
2648 1084 2721 1137 At
2757 1099 2900 1139 nunc
2936 1084 2973 1137 ti
3000 1084 3090 1154 qui
3119 1092 3171 1140 te
3203 1083 3462 1155 diligunt,
3496 1085 3549 1139 in
3579 1100 3697 1140 mae

2087 1184 2190 1241 gna
2215 1180 2374 1226 erunt
2388 1173 2696 1229 securitate.
2719 1172 2822 1240 Qui
2854 1184 3051 1240 tecum,
3082 1175 3275 1247 inquit,
3290 1176 3480 1231 iisdem
3504 1186 3696 1232 tenen-

2089 1272 2176 1318 tur
2205 1265 2570 1321 munimentis.
2605 1266 2710 1322 Eos
2736 1277 2917 1323 autem
2946 1267 3183 1338 dicitqui
3210 1268 3292 1324 vel
3323 1278 3477 1323 erant
3504 1282 3694 1324 coruus

2085 1352 2281 1411 tacturi
2305 1356 2565 1425 partibus,
2600 1358 2682 1413 vel
2717 1359 2879 1413 etiam
2911 1359 3055 1428 ipsos
3085 1359 3250 1414 cives.
3282 1358 3333 1412 7.
3368 1357 3488 1413 Fiat
3512 1375 3617 1430 pas
3639 1360 3694 1414 in

2083 1448 2269 1502 virtute
2294 1457 2402 1519 tua.
2432 1448 2583 1504 Alius
2610 1450 2757 1515 dicit,
2782 1447 2848 1503 In
2870 1452 3258 1522 propugnaculo
3287 1462 3373 1506 tuo
3395 1451 3490 1524 (a).
3516 1454 3688 1517 Alius,

2082 1533 2152 1591 In
2177 1540 2369 1592 ambitu
2401 1549 2506 1594 tuo.
2536 1539 2687 1608 Quid
2704 1550 2786 1595 est
2806 1582 2820 1604 ,
2846 1540 2913 1595 In
2934 1542 3116 1596 virtute
3138 1553 3225 1596 tua
3242 1544 3268 1597 Ρ
3295 1541 3351 1597 in
3390 1543 3691 1599 substantia

2082 1635 2192 1695 tua,
2220 1628 2275 1683 in
2297 1630 2361 1684 iis
2387 1630 2477 1704 qui
2507 1632 2558 1685 in
2580 1640 2631 1687 te
2657 1631 2920 1695 habitant,
2948 1631 3003 1686 in
3029 1637 3382 1704 prosperitate
3410 1644 3519 1689 tua.
3544 1636 3690 1699 Quu-

2079 1719 2224 1774 uiam
2254 1722 2398 1775 enim
2429 1722 2627 1778 bellum
2658 1737 2745 1778 res
2770 1733 2853 1780 est
2872 1724 3099 1780 exitiosa
3119 1767 3135 1790 ,
3169 1725 3330 1797 idque
3353 1742 3472 1782 eam
3502 1730 3683 1799 pcrdic

2078 1809 2178 1876 dit,
2209 1812 2257 1866 ei
2283 1826 2469 1883 pacem
2497 1823 2764 1883 precatur.
2784 1812 2855 1868 Et
2881 1814 3198 1869 abundantis
3226 1818 3281 1871 in
3310 1819 3533 1871 turribus
3563 1820 3681 1872 luis.

2076 1900 2230 1961 Alius
2271 1902 2419 1971 dicit,
2447 1902 2513 1958 In
2533 1905 2686 1976 regiis
2708 1906 2805 1961 tuis
2835 1906 2930 1977 (b).
2957 1907 3134 1973 Alius,
3161 1910 3489 1963 Jacunditas.
3511 1912 3679 1974 Alius,

2080 1991 2254 2059 Quies.
2290 1995 2407 2051 Non
2445 1996 2619 2052 solum
2654 1997 2798 2052 enim
2832 1997 3076 2069 praedicit
3102 1999 3333 2057 futuram
3361 2016 3391 2057 a
3432 2002 3586 2057 malis
3615 2002 3683 2057 li-
3720 2067 3732 2073 _

2075 2082 2409 2143 berationem
2431 2127 2449 2156 ,
2486 2088 2579 2143 sed
2609 2088 2770 2144 etiam
2802 2089 3273 2147 innumerabilium
3303 2091 3566 2149 bonorum
3592 2107 3684 2150 ac-

2073 2176 2406 2245 cessionem,
2444 2192 2627 2248 pacem
2653 2220 2670 2247 ,
2701 2180 3108 2250 abundantiam,
3155 2181 3509 2240 fertilitatem.
3540 2184 3681 2253 Quid

2073 2268 2217 2323 enim
2242 2268 2393 2339 juvat
2428 2284 2527 2340 pax
2544 2313 2561 2345 ,
2587 2271 2802 2343 quando
2830 2272 2883 2326 in
2910 2281 3247 2344 paupertate,
3274 2274 3416 2331 {anne
3440 2286 3495 2332 et
3522 2292 3648 2334 men
3665 2310 3680 2321 -

2072 2358 2291 2416 dicitate
2314 2360 2498 2416 vivunt
2518 2362 2542 2416 i
2561 2362 2689 2433 quid
2716 2372 2894 2419 autem
2916 2364 3070 2435 juvat
3092 2365 3441 2429 abundantia.
3461 2368 3679 2438 quando

2069 2449 2269 2507 bellum
2308 2452 2544 2523 ingruit?
2580 2456 2649 2511 Et
2682 2454 2809 2509 ideo
2836 2457 2917 2512 eis
2955 2464 3179 2528 utraque
3220 2457 3338 2515 hac
3382 2461 3518 2515 bona
3562 2461 3679 2519 lore

2071 2545 2334 2613 pnndicit,
2368 2556 2429 2601 ut
2453 2548 2533 2603 eis
2552 2548 2695 2604 adsit
2717 2549 3065 2618 abundantia,
3096 2563 3152 2609 et
3177 2567 3274 2623 per
3292 2566 3478 2623 pacem
3497 2570 3561 2612 ea
3591 2573 3680 2613 se-

2068 2648 2199 2690 cure
2236 2634 2501 2693 fruantur.
2533 2639 2587 2695 8.
2633 2639 2853 2710 Propter
2890 2646 3077 2712 fratres
3120 2660 3256 2699 meos
3273 2684 3289 2710 ,
3330 2653 3381 2698 et
3419 2648 3678 2713 proximos

2068 2740 2221 2780 meos.
2250 2726 2342 2781 Vel
2371 2728 2578 2785 vicinos
2600 2730 2749 2797 dicit,
2773 2732 2863 2802 qui
2886 2747 3072 2787 eorum
3093 2748 3221 2789 casu
3248 2734 3410 2789 laniati
3433 2734 3672 2803 fuerunt,

2067 2825 2123 2874 et
2147 2827 2294 2887 optat
2317 2829 2372 2875 ut
2394 2821 2484 2876 fiat
2511 2837 2634 2893 pax,
2660 2835 2717 2878 ut
2742 2824 2815 2878 illi
2841 2839 3056 2896 quoque
3085 2827 3473 2896 deprimantur,
3505 2840 3559 2884 et
3580 2846 3673 2884 co-

2066 2921 2330 2979 gnoscant
2382 2910 2477 2967 Dei
2521 2915 2812 2983 potentiam
2843 2932 2856 2968 :
2887 2916 2971 2970 vel
3012 2916 3205 2971 fratres
3246 2932 3341 2972 eos
3384 2919 3547 2987 dicit,
3582 2923 3675 2992 qui

2064 3002 2333 3058 civitatem
2383 3004 2961 3076 inbabitant.-Propter
3006 3008 3199 3063 fratres
3246 3023 3377 3079 ergo
3421 3025 3575 3067 meos
3620 3023 3677 3067 et

2066 3096 2339 3164 proximos
2367 3110 2519 3151 meos
2548 3110 2681 3167 rogo
2724 3105 2782 3151 nt
2821 3098 2911 3152 liat
2940 3112 3065 3167 pax,
3097 3108 3156 3154 ut
3198 3100 3283 3155 vel
3331 3102 3544 3158 tandem
3583 3119 3675 3161 re-

2063 3187 2306 3256 spirent,
2338 3197 2619 3258 postquam
2658 3189 3054 3245 calamitatibus
3080 3189 3203 3246 facti
3232 3202 3359 3246 sunt
3394 3183 3672 3253 meliores.

2062 3263 2329 3349 Loquebar
2358 3296 2534 3349 pacem
2570 3281 2634 3335 de
2668 3290 2735 3336 te.
2764 3280 2817 3337 9.
2844 3280 3065 3353 Propter
3093 3284 3301 3338 domum
3337 3283 3548 3347 Domini
3574 3286 3675 3343 Dei

2063 3372 2243 3439 nostri,
2271 3374 2477 3443 quaesivi
2505 3372 2639 3427 bona
2674 3374 2783 3427 tibi.
2816 3375 2968 3430 Alius
2996 3376 3144 3445 dicit,
3178 3375 3386 3449 Loquar
3415 3397 3591 3453 pacem
3618 3383 3670 3437 in

2063 3474 2129 3519 te.
2160 3464 2424 3533 Quoniam
2466 3462 2644 3534 dixit,
2679 3465 2902 3539 Propter
2924 3469 3109 3539 fratres
3149 3488 3289 3527 meos
3326 3482 3376 3526 et
3409 3476 3671 3542 proximos

2062 3573 2214 3621 meos,
2250 3557 2540 3614 ostendens
2580 3574 2639 3614 se
2680 3558 2782 3615 hoc
2811 3575 2917 3614 non
2948 3563 3154 3631 precari
3198 3573 3420 3632 promer
3456 3564 3666 3621 illoruu:

2061 3650 2335 3725 meritum,
2370 3649 2463 3705 sed
2491 3659 2550 3705 ut
2575 3651 2694 3705 illos
2726 3650 2916 3721 majori
2948 3650 3216 3708 beneﬂcio
3240 3653 3503 3722 afficeret,
3532 3657 3660 3711 sub-

2056 3740 2254 3811 junxit,
2289 3739 2514 3813 Propter
2542 3742 2753 3796 domum
2794 3741 2895 3797 Dei
2939 3744 3121 3800 nostri.
3152 3744 3263 3800 Hoc
3299 3754 3419 3813 est,
3445 3746 3675 3817 Propter

2059 3833 2282 3905 gloriam
2311 3834 2429 3903 ejus
2472 3842 2601 3904 opto
2634 3848 2820 3903 pacem
2843 3876 2856 3900 ,
2883 3842 2943 3890 ut
2980 3834 3098 3904 ejus
3139 3835 3317 3890 cultus
3357 3851 3547 3893 rursus
3587 3855 3661 3893 re-

2059 3922 2215 3991 deat,
2245 3932 2301 3980 et
2337 3925 2581 3980 doctrina
2610 3938 2887 3994 augeatur.
2924 3924 3027 3980 Alii
3055 3926 3198 3980 enim
3231 3935 3473 3995 tempore
3502 3930 3642 3998 capti

2060 4016 2240 4071 vitatis
2264 4016 2374 4071 nati
2402 4024 2559 4082 sunt;
2589 4016 2678 4070 alii
2705 4031 2835 4071 vero
2862 4016 3075 4072 fuerunt
3099 4026 3266 4072 testes
3295 4025 3351 4072 ct
3375 4017 3670 4076 descensus

2060 4117 2116 4164 et
2141 4106 2367 4163 reditus.
2399 4107 2493 4164 Dei
2524 4118 2703 4164 autem
2725 4108 2873 4164 cultu
2902 4118 3120 4179 peracto
3147 4109 3265 4164 hac
3288 4110 3468 4165 omnia
3494 4110 3670 4168 disce-

2059 4200 2189 4258 bant
2212 4216 2243 4256 a
2274 4199 2602 4267 senioribus,
2631 4202 2776 4256 illam
2799 4200 2926 4256 olim
2948 4214 3137 4256 eorum
3166 4199 3497 4266 felicitatem,
3521 4205 3668 4273 quod

2059 4307 2183 4348 cum
2214 4301 2292 4348 tot
2328 4292 2491 4348 rebus
2520 4290 2771 4348 secundis
2796 4301 3098 4359 uterentur,
3132 4293 3196 4348 iis
3222 4293 3544 4349 exciderint.
3575 4293 3670 4351 Vi-

2058 4383 2157 4440 des
2178 4384 2450 4455 quomodo
2479 4399 2667 4440 eorum
2699 4384 2944 4455 reprimit
2978 4385 3358 4455 arrogantiam,
3388 4400 3456 4440 ne
3482 4386 3671 4443 existi-

2060 4484 2210 4532 ment
2244 4490 2307 4531 se
2347 4475 2485 4531 bona
2516 4478 2808 4547 recepisse,
2840 4487 2897 4531 ut
2924 4477 3013 4548 qui
3043 4477 3173 4533 satis
3199 4491 3480 4547 pinnarum
3506 4478 3671 4536 dede-

2059 4568 2197 4634 rint,
2224 4568 2320 4624 sed
2350 4569 2523 4624 sciant
2562 4583 2622 4624 se
2664 4579 2882 4638 propter
2910 4569 3000 4624 Dei
3034 4568 3260 4639 gloriam
3290 4569 3342 4624 in
3380 4583 3535 4625 suam
3568 4586 3664 4641 pa-

2062 4660 2217 4715 triam
2250 4675 2502 4716 reversos
2526 4675 2667 4724 esse,
2698 4669 2895 4715 etcum
2928 4659 2977 4714 id
3000 4658 3307 4726 didicerint,
3332 4672 3583 4724 maneant
3616 4664 3669 4718 iu

2060 4767 2267 4808 summa
2305 4752 2615 4813 securitate.
2650 4767 2717 4807 ne
2746 4761 3029 4822 peccantes
3054 4750 3243 4807 eadem
3284 4768 3471 4810 rursus
3504 4768 3670 4825 expe-

2060 4844 2270 4900 riantur
2289 4845 2313 4899 τ

2134 4935 2353 4992 Herulis
2390 4935 2697 4991 exhortatio.
2726 4966 2799 4976 -—
2830 4935 2955 4991 litec
2981 4950 3109 5007 ergo
3153 4952 3254 4991 nos
3291 4953 3506 5009 quoque
3547 4953 3670 5013 cum

2060 5031 2293 5084 sciamus
2312 5067 2328 5095 ,
2360 5027 2592 5083 maxime
2618 5027 2836 5098 quidem
2860 5041 3081 5098 operam
3111 5027 3465 5086 adhibeamus
3494 5045 3563 5087 ne
3588 5031 3670 5087 Ia.

2061 5121 2252 5177 bamur
2281 5138 2295 5175 :
2328 5120 2423 5175 sed
2464 5120 2507 5174 si
2548 5121 2603 5175 in
2648 5130 2866 5191 peccata
2914 5119 3239 5191 quandoque
3279 5121 3669 5193 iucidcrimus,

2062 5212 2373 5268 studeamus
2398 5212 2647 5267 celeriter
2674 5226 2974 5280 resurgere,
2998 5220 3055 5267 et
3091 5228 3195 5267 non
3237 5214 3288 5267 in
3324 5216 3501 5285 priora
3528 5218 3671 5272 reci-

2062 5306 2214 5371 dere,
2239 5322 2304 5361 ne
2330 5322 2391 5361 ca
2427 5304 2707 5360 audiamus
2736 5320 2858 5375 quae
2896 5303 3109 5359 fuerunt
3156 5306 3298 5361 dicta
3336 5308 3667 5379 paralytico,

2064 5400 2198 5455 Ecce
2220 5416 2374 5455 sanus
2404 5403 2573 5470 factus
2600 5415 2672 5464 es,
2701 5398 2806 5451 noli
2830 5397 3051 5467 amplius
3080 5413 3306 5469 peccare,
3340 5414 3404 5453 tte
3428 5399 3552 5470 quid
3578 5401 3669 5452 de-

2127 5580 2347 5644 (a),tta:c
2370 5580 2715 5644 interpretatio
2745 5577 2885 5638 cujus
2914 5576 2978 5644 sit
3014 5576 3265 5639 ignoratur
3290 5588 3303 5625 :
3331 5587 3554 5639 sequens
3588 5587 3670 5626 an.

2065 5637 2196 5702 tem,
2210 5641 2263 5694 in
2281 5640 2465 5692 ambitu
2486 5637 2585 5701 tito,
2615 5647 2693 5690 est
2712 5637 2998 5704 symmachi.

2128 5694 2202 5768 (li)
2234 5710 2344 5756 llaec
2365 5694 2714 5767 interpretatio
2736 5694 3100 5768 estSyrmuacbi
3139 5700 3412 5750 secundum
3450 5698 3670 5750 Theudo-

2066 5762 2229 5821 retain
2256 5762 2723 5831 retulerat-quorum
2746 5764 2844 5814 sint
2868 5762 3102 5813 uescitur.
