4218 6442
600 370 694 424 δτιι

596 476 750 532 terius
771 472 857 529 tibi
882 474 1135 541 contingat
1164 469 1342 537 (Joan.
1376 469 1431 523 5.
1465 466 1552 538 ιι)
1606 466 1889 533 Protitet'ca
1919 460 2060 515 enim
2091 461 2170 533 sic

597 570 750 633 dixit,
772 576 827 622 et
846 567 1015 621 bonos
1032 564 1229 618 docens
1254 568 1314 615 ut
1335 561 1584 614 virtutem
1614 569 1802 611 secure
1829 559 2169 614 conservent,

596 668 652 713 et
676 656 768 727 qui
794 655 1083 710 liberantur
1107 666 1135 704 a
1163 650 1408 720 peccatis,
1441 649 1492 701 in
1517 647 1715 716 optima
1746 641 2037 698 mutatione
2062 655 2173 694 ma-

600 755 793 812 neant,
831 756 888 801 ut
917 758 1105 801 omnes
1143 741 1495 799 communiter
1532 738 1669 793 bona
1709 736 1941 793 caelestia
1979 748 2172 788 conse-

598 846 828 908 quantur
855 852 869 888 :
896 835 1091 909 quibus
1118 831 1274 887 detur
1298 829 1452 885 nobis
1477 826 1725 882 omnibus
1754 825 1855 880 frui
1879 864 1896 889 ,
1925 823 2091 894 gratia
2120 830 2175 875 et

601 928 925 999 benignitate
969 923 1172 981 Domini
1200 921 1365 978 nostri
1395 919 1521 975 Jesu
1550 918 1744 973 Christi
1764 958 1779 983 ,
1808 916 1895 971 cui
1924 913 2088 986 gloria
2119 919 2175 966 et

603 1018 835 1088 potentia
859 1016 911 1071 in
932 1013 1126 1070 szecula
1152 1011 1492 1067 saeculorum.
1519 1010 1706 1063 Amen.

1050 1143 1113 1197 IN
1152 1140 1471 1197 PSALMUM
1508 1136 1719 1193 CXXII.

640 1261 689 1313 Ι.
729 1258 808 1310 Ad
837 1268 882 1309 te
909 1256 1073 1337 levavi
1090 1253 1259 1307 oculos
1285 1267 1439 1315 uicos,
1468 1267 1550 1319 qm
1579 1246 1773 1300 habitas
1801 1247 1855 1298 in
1883 1245 2009 1298 catlo
2032 1243 2135 1313 (α).

672 1366 834 1421 Vides
881 1366 1072 1434 ubique
1117 1363 1372 1430 effulgens
1404 1358 1724 1428 captivitatis
1768 1356 1997 1411 lucrum.
2042 1352 2174 1407 Nam

601 1457 689 1524 qui
717 1455 1057 1510 saecularibus
1092 1460 1246 1507 erant
1272 1451 1429 1505 rebus
1468 1448 1633 1510 afﬁxi.
1661 1456 1716 1501 et
1746 1446 1979 1517 Assyriis
2003 1443 2172 1514 Egy-

602 1546 829 1616 ptiisque
854 1543 1108 1609 fidebant,
1142 1554 1348 1596 necnon
1375 1551 1648 1592 murorum
1677 1535 1898 1591 ambilui
1925 1545 1980 1590 et
2016 1548 2178 1603 pecu.

604 1639 809 1690 uiarum
839 1634 1035 1705 c0pite,
1065 1632 1133 1687 ab
1177 1631 1281 1685 illis
1318 1629 1564 1684 omnibus
1596 1640 1716 1681 sese
1757 1626 2064 1687 avollentes,
2108 1622 2176 1678 ad

607 1728 851 1783 invictam
879 1739 1094 1780 manum
1121 1722 1448 1792 confugiunt,
1471 1720 1539 1774 ah
1559 1719 1649 1772 illa
1676 1733 1770 1787 spe
1801 1716 2030 1787 pendent
2053 1730 2070 1780 ;
2092 1724 2178 1768 at-

602 1833 706 1887 que
733 1814 939 1871 excelsa
985 1812 1226 1868 instructi
1272 1819 1449 1865 mente
1477 1849 1492 1873 ,
1524 1824 1554 1862 a
1587 1810 1813 1863 terrenis
1850 1805 2048 1870 avulsi;
2078 1819 2178 1860 nec

603 1907 854 1977 templum
876 1921 973 1976 pro
996 1919 1160 1969 ,more
1188 1902 1335 1957 adire
1358 1902 1598 1956 valentes
1622 1942 1638 1967 ,
1668 1899 1808 1969 quod
1849 1899 2175 1953 destructum

603 2002 811 2065 fuerat,
849 2014 882 2052 a
908 1997 1038 2052 caelo
1074 1997 1237 2051 Deum
1279 1994 1492 2049 tandem
1523 1995 1787 2047 invocant.
1819 1992 1874 2047 ln
1919 1994 2051 2047 caelo
2078 2008 2176 2046 au-

606 2104 709 2145 tem
740 2089 976 2143 habitare
999 2087 1193 2142 dicitur
1220 2103 1235 2152 ;
1264 2100 1369 2141 non
1407 2086 1557 2155 quasi
1596 2086 1713 2138 loco
1746 2085 2178 2153 circumscriptus

601 2183 709 2246 sit,
737 2180 875 2235 absit
906 2200 917 2233 :
951 2181 1065 2247 ipse
1099 2180 1293 2248 quippe
1333 2176 1509 2231 omnia
1557 2177 1774 2244 implet;
1805 2176 1896 2229 sed
1932 2175 2081 2245 quasi
2124 2176 2179 2230 in

601 2270 906 2325 caelestibus
932 2269 1034 2322 illis
1060 2268 1408 2338 potestatibus
1430 2267 1664 2336 quiescat
1695 2274 1748 2318 et
1778 2276 1987 2319 maneat
2012 2283 2025 2329 ;
2056 2281 2177 2319 nam

602 2364 796 2417 dicitur
820 2364 978 2416 etiam
1005 2362 1057 2415 in
1089 2361 1390 2414 hominibus
1412 2358 1649 2413 habitare
1674 2376 1688 2409 :
1717 2357 2017 2411 fnhabilabo
2047 2357 2179 2410 cnim

602 2457 654 2507 in
698 2455 819 2520 illis,
848 2464 893 2506 et
930 2453 1247 2506 inambulabo
1278 2453 1353 2521 (2.
1379 2449 1495 2505 Cor.
1531 2452 1581 2504 6.
1615 2450 1723 2518 l6).
1755 2449 1886 2504 Cum
1925 2450 2081 2517 igitur
2124 2450 2177 2503 in

605 2545 944 2599 barbarorum
972 2545 1184 2612 regione
1209 2543 1461 2612 degerent
1484 2581 1498 2607 ,
1526 2558 1631 2595 non
1657 2540 1906 2595 mediocri
1940 2540 2178 2595 doctrina

604 2635 787 2689 imbuti
813 2645 965 2699 sunt;
996 2649 1062 2689 eo
1094 2634 1234 2705 quod
1261 2634 1468 2689 scilicet
1490 2648 1520 2686 ιι
1542 2634 1663 2686 vita:
1684 2631 1977 2686 commodis
2002 2632 2177 2684 omni-

604 2726 703 2779 bus
730 2726 1044 2791 sequestrati
1070 2731 1248 2778 essent
1267 2764 1282 2791 ,
1313 2723 1685 2791 discerentque
1705 2764 1720 2788 ,
1752 2723 1944 2790 ubique
1977 2723 2138 2776 Deum
2161 2764 2175 2788 ,

530 2856 545 2877 κ
603 2816 647 2870 si
678 2816 948 2870 invocetur
972 2857 984 2879 ,
1018 2816 1168 2869 facile
1197 2815 1439 2883 precibus
1477 2829 1732 2869 annuere.
1759 2814 1891 2881 Quia
1920 2813 2061 2867 enim
2099 2813 2182 2866 fu-

603 2916 775 2959 turum
800 2913 932 2968 erat,
965 2914 1020 2958 ut
1060 2905 1183 2959 novi
1214 2905 1334 2957 vitae
1364 2903 1586 2957 instituti
1629 2902 1805 2956 radius
1827 2904 2039 2957 demum
2075 2902 2179 2955 ori-

604 3006 787 3062 retur,
814 2994 997 3064 incipit
1026 2994 1280 3064 propheta
1314 3008 1433 3063 qua‘.
1479 2992 1652 3047 futura
1698 3000 1849 3047 erant
1894 2993 2175 3062 attingere,

603 3088 838 3141 locorum
864 3085 1284 3140 observationem
1314 3084 1512 3139 sensim
1550 3093 1601 3137 et
1647 3085 1795 3153 quasi
1830 3098 1921 3151 per
1952 3084 2175 3153 aenigma

605 3176 818 3232 solvens
846 3176 1163 3244 tollensque.
1193 3174 1247 3228 2.
1296 3172 1428 3228 Ecce
1472 3176 1600 3227 sicut
1650 3174 1783 3227 oculi
1831 3190 2085 3227 seruorum
2124 3175 2180 3227 in

606 3267 835 3320 manibus
859 3265 1175 3318 dominorum
1198 3280 1439 3327 suorum;
1464 3264 1589 3318 sicut
1617 3265 1748 3317 oculi
1772 3265 1973 3317 ancilla!
1998 3265 2049 3317 in
2077 3280 2181 3316 nta-

605 3357 747 3410 nibus
771 3356 987 3409 domina
1012 3370 1118 3410 suc
1140 3370 1160 3409 :
1185 3356 1257 3408 ita
1280 3354 1413 3408 oculi
1449 3354 1605 3408 nostri
1629 3354 1697 3407 ad
1723 3354 1992 3407 Dominum
2021 3352 2179 3407 Deum

601 3455 846 3510 nostrum,
876 3444 1031 3498 donec
1059 3444 1351 3498 misereatur
1371 3444 1548 3497 nostri.
1579 3443 1672 3498 Hic
1710 3444 1868 3498 etiam
1903 3444 2020 3499 vide
2063 3445 2179 3515 pie-

599 3545 756 3589 tatem
787 3535 1046 3602 vigentem
1072 3545 1123 3589 et
1147 3534 1349 3587 lirmam
1382 3550 1394 3585 :
1431 3548 1532 3586 non
1559 3534 1701 3587 enim
1722 3533 1789 3587 ad
1817 3532 1977 3587 breve
2004 3535 2176 3587 solum

600 3639 807 3697 tempus
848 3636 1080 3697 sperant,
1115 3626 1207 3680 sed
1234 3625 1433 3679 diutius
1462 3623 1607 3680 afﬁxi
1634 3632 1688 3678 et
1722 3624 2049 3679 anhelantes.
2090 3624 2176 3678 ld-

599 3732 771 3785 eoque
795 3717 1093 3785 exemplum
1137 3717 1191 3769 in
1236 3715 1467 3769 medium
1506 3715 1829 3780 attulerunt,
1862 3714 1961 3767 hoc
2004 3698 2176 3782 ipsum

597 3809 1013 3872 subiudtcantes,
1056 3823 1162 3860 non
1202 3806 1416 3861 aliunde
1458 3805 1557 3861 sibi
1604 3820 1752 3875 spem
1779 3806 1967 3860 adesse
1996 3805 2177 3859 auxilii

597 3909 651 3952 ct
688 3897 1079 3967 suppetiarum,
1109 3910 1273 3966 seque
1312 3896 1441 3949 nihil
1470 3894 1909 3965 aliudspectare:
1940 3895 2179 3964 quando-

597 3988 814 4058 quidem
861 3987 1049 4042 ancilla
1092 3996 1147 4041 et
1188 4001 1375 4041 servus
1414 3986 1516 4040 hoc
1562 4001 1724 4039 unum
1769 3986 1965 4041 habent
1998 3987 2175 4041 subsi-

597 4081 741 4135 dium
762 4120 779 4145 ,
804 4094 911 4149 quo
951 4080 1147 4133 victum
1175 4088 1228 4133 et
1258 4078 1504 4132 vestitum
1534 4086 1831 4148 caatcraque
1878 4082 2177 4134 necessaria

597 4176 927 4238 comparent,
951 4176 1009 4221 ut
1032 4169 1097 4222 ad
1132 4166 1291 4222 heros
1327 4182 1455 4223 suos
1479 4166 1763 4236 respiciant
1787 4183 1802 4233 ;
1835 4183 2006 4238 neque
2026 4184 2177 4224 rece-

599 4261 756 4327 dunt,
784 4260 880 4316 sed
916 4268 1226 4329 exspectant
1248 4259 1419 4314 donec
1445 4258 1767 4327 acceperint,
1795 4268 1849 4313 et
1874 4275 1998 4314 cum
2029 4275 2179 4315 roce-

602 4352 810 4419 perint,
845 4351 1039 4420 gratias
1079 4349 1276 4404 habent
1304 4365 1319 4402 :
1346 4347 1580 4417 illudque
1624 4349 1796 4417 ipsum
1840 4348 2051 4404 assidue
2096 4349 2175 4404 fa-

598 4442 763 4496 ciunt.
788 4438 861 4495 Ut
898 4440 998 4495 hoc
1030 4439 1189 4510 igitur
1226 4438 1505 4504 ostendat,
1539 4438 1681 4507 ipsos
1720 4438 1923 4493 scilicet
1960 4437 2026 4493 ad
2055 4451 2176 4493 eum

600 4530 883 4600 respicere,
913 4529 1069 4599 idque
1104 4528 1316 4583 assidue
1357 4537 1641 4598 praestare,
1670 4527 1977 4597 nullamque
2020 4529 2177 4583 aliam

598 4634 749 4689 spem
778 4619 1008 4686 habere,
1039 4619 1131 4673 sed
1171 4617 1327 4687 hujus
1352 4617 1583 4687 praesidii
1621 4618 2007 4687 exspectationi
2042 4618 2179 4674 defi-

603 4726 699 4765 xos
723 4724 872 4775 esse,
904 4718 1086 4780 utpote
1104 4724 1335 4780 quorum
1363 4708 1539 4764 omnia
1580 4708 1716 4764 bona
1746 4709 1884 4763 illius
1912 4710 2051 4774 sint,
2080 4724 2177 4763 an-

596 4801 774 4855 cillam
799 4809 856 4855 et
882 4814 1066 4855 servos
1104 4798 1559 4855 commemoravit.
1591 4792 1721 4853 Vide
1762 4814 1868 4870 quo
1896 4811 2052 4868 pacto
2082 4799 2175 4864 illi,

597 4890 688 4961 qui
715 4890 859 4960 prius
887 4889 1244 4944 iuvitahantur
1271 4898 1327 4943 ut
1354 4888 1422 4944 ad
1447 4888 1608 4944 Deum
1634 4897 1911 4944 currerent
1934 4929 1947 4948 .
1975 4898 2030 4943 et
2056 4903 2173 4943 cum

598 4994 795 5036 nausea
817 4988 870 5034 et
892 4979 1104 5034 fastidio
1128 4978 1244 5034 hmo
1264 4979 1569 5044 audiebant,
1591 4978 1699 5048 jam
1730 4980 2033 5033 calamitate
2058 4994 2174 5033 me-

598 5074 760 5128 liores
806 5070 1110 5135 evaserint;
1140 5072 1208 5125 ita
1240 5081 1295 5124 ut
1322 5071 1390 5124 ab
1419 5070 1510 5123 illo
1545 5070 1802 5125 absistere
1846 5071 2045 5133 nolint,
2080 5069 2173 5123 sed

598 5171 881 5226 maneant,
928 5161 1197 5227 serviant,
1241 5161 1615 5231 postuleotque
1651 5160 1821 5214 donec
1866 5161 2178 5215 misereatur

601 5256 856 5321 ipsorum.
888 5252 1001 5307 Non
1032 5252 1183 5319 dixit,
1213 5252 1391 5307 Donec
1421 5251 1719 5306 mercedem
1764 5252 1982 5315 reddat,
2005 5252 2178 5307 donec

603 5344 874 5414 prtemium
905 5342 1180 5409 retribuat,
1211 5342 1325 5407 sed,
1357 5340 1528 5396 Donec
1554 5344 1862 5396 misereatur.
1888 5342 1967 5396 Tu
1999 5343 2174 5413 igitur,

601 5479 735 5588 “8a)
766 5480 911 5539 Hujus
934 5476 1098 5526 rsalmi
1125 5478 1481 5541 expositionem
1504 5489 1600 5526 non
1623 5478 1886 5527 Geutianus
1908 5484 2174 5537 ltcrvetus,

728 5538 851 5588 alios
886 5546 1031 5587 vetus
1067 5538 1319 5588 lnterores
1349 5542 1413 5588 ex
1448 5545 1609 5588 amco
1644 5537 1831 5587 fecerat
1863 5552 1876 5587 :
1913 5552 2083 5588 verum
2111 5544 2174 5588 ita

728 5537 851 5589 alius
886 5546 1031 5587 vetus
1067 5537 1319 5599 [mortles
1349 5540 1413 5588 ei
1448 5545 1609 5599 Graeco
1644 5537 1831 5587 fecerat
1863 5552 1876 5587 :
1913 5552 2083 5588 verum
2111 5544 2174 5590 ita

598 5599 956 5662 paraphrastice
974 5633 990 5657 ,
1012 5607 1066 5649 ut
1101 5611 1182 5648 vix
1204 5598 1497 5662 agnosceres
1526 5598 1651 5648 hanc
1690 5600 1907 5661 ipsamne
1940 5612 1999 5647 an
2035 5598 2175 5650 aliam

598 5659 867 5729 nationem
905 5661 1215 5730 interpretari
1240 5659 1474 5713 soluerit.
1500 5667 1674 5710 Novam
1698 5659 1787 5710 nos
1811 5663 2171 5722 interpretatio-

599 5734 713 5773 nem
733 5732 993 5772 ωοαωιιιν
1000 5732 1139 5771 unus.

1290 358 1346 409 S.
1388 355 1665 410 JOANNIS
1701 346 2173 408 CllRYSOSTOMI
2216 347 2530 402 AllClllEP.
2571 342 3105 405 (ZONSTANTINOP.

3746 350 3850 407 3δεί

2275 478 2307 510 o
2335 460 2514 525 homo,
2538 460 2750 515 assidue
2779 476 3053 529 permane,
3076 461 3186 515 sive
3213 461 3458 531 recipias,
3487 461 3602 516 sive
3630 478 3735 519 non
3766 481 3850 519 rs—

2274 552 2475 620 cipias:
2505 552 2711 606 etiamsi
2748 566 2853 606 non
2888 552 3143 620 recipias.
3172 566 3240 608 ne
3266 551 3519 619 recedas,
3548 563 3602 609 et
3636 569 3852 624 pI'ersus

2274 643 2522 712 accipies.
2552 643 2680 698 Nam
2720 644 2765 698 si
2794 645 3086 714 principem
3107 645 3252 699 illum
3274 644 3540 701 crudelem
3570 647 3740 703 vidua!
3766 663 3854 704 as-

2275 733 2499 788 siduitas
2529 734 2747 798 intlexit,
2779 749 2934 803 quam
2966 734 3171 789 veniam
3199 737 3499 806 assequaris
3525 746 3610 804 tu,
3629 737 3726 807 qui
3743 747 3852 793 tam

2276 824 2381 878 cito
2425 825 2595 880 resiiis
2614 866 2628 887 ,
2658 834 2873 893 torpes,
2897 834 2951 879 et
2977 825 3160 881 delicis
3183 825 3202 896 (
3228 825 3358 881 Luc.
3388 826 3524 894 £8)?
3547 827 3660 883 Non
3705 828 3857 884 vides

2276 917 2543 985 quomodo
2569 916 2777 971 ancilla:
2804 932 2837 970 a
2864 919 3120 973 matronis
3146 917 3396 987 pendent,
3426 918 3553 975 dum
3580 936 3680 976 nec
3704 936 3855 977 men-

2279 1014 2383 1060 tem
2411 1020 2510 1062 nec
2532 1007 2743 1061 oculum
2768 1008 2873 1062 alio
2894 1008 3073 1078 vagari
3094 1009 3317 1063 sinunt?
3342 1008 3433 1064 Sic
3457 1020 3513 1064 tu
3540 1011 3698 1066 facito
3723 1030 3744 1068 :
3765 1026 3857 1067 se-

2278 1110 2444 1165 quere
2492 1096 2655 1150 Deum
2708 1098 2900 1162 solum,
2939 1098 3165 1167 aliisque
3218 1098 3468 1153 omnibus
3519 1099 3753 1155 dimissis
3788 1116 3855 1156 ex

2280 1202 2503 1242 numero
2531 1203 2805 1242 servorum
2835 1190 2951 1258 ejus
2975 1198 3111 1252 esto,
3139 1199 3196 1243 et
3219 1205 3566 1260 quacumque
3592 1192 3682 1245 tibi
3707 1192 3859 1247 utilia

2281 1278 2515 1346 petieris,
2549 1278 2875 1347 impetrabis.

2351 1369 2435 1424 Ex
2456 1372 2798 1425 misericordia
2838 1371 3051 1424 salutem
3080 1373 3449 1443 consequimur.
3497 1398 3567 1414 --
3605 1373 3661 1427 5.
3700 1373 3859 1429 liu-

2278 1477 2389 1514 rere
2412 1462 2590 1525 nostri,
2620 1460 2853 1525 Domine,
2882 1462 3119 1515 miserere
3144 1462 3326 1526 nostri,
3355 1463 3476 1533 quia
3518 1461 3736 1517 multum
3772 1479 3857 1517 rs-

2281 1552 2401 1619 pleti
2431 1567 2605 1603 sumus
2629 1552 2960 1621 despectione.
3005 1552 3059 1606 4.
3105 1550 3327 1606 Rullum
3366 1550 3561 1623 repleta
3585 1560 3659 1608 est
3684 1554 3858 1607 animo

2281 1652 2468 1697 nostra.
2501 1642 2688 1697 Vidisti
2736 1644 3025 1698 contritum
3071 1644 3343 1698 animuin?
3392 1644 3471 1700 Ex
3496 1644 3865 1701 misericordia

2280 1737 2505 1790 salutem
2533 1735 2786 1804 consequi
2825 1747 3051 1805 rogant;
3098 1735 3204 1789 imo
3230 1750 3329 1790 nec
3361 1749 3429 1790 ex
3470 1735 3857 1800 misericordia,

2280 1828 2430 1896 quasi
2456 1842 2573 1880 eam
2611 1836 2916 1880 mereantur
2944 1845 2959 1879 :
2986 1824 3080 1880 sed
3109 1824 3231 1895 quia
3270 1840 3491 1895 magnas
3518 1825 3720 1881 dedere
3745 1840 3862 1895 pur

2282 1933 2397 1980 nas,
2446 1927 2501 1970 ut
2545 1920 2619 1971 ait
2666 1917 2845 1972 Daniel
2878 1915 3079 1971 :Pauci
3124 1917 3245 1988 facti
3271 1932 3444 1971 sumus
3485 1932 3593 1987 pra
3629 1919 3863 1972 omnibus

2280 2008 2507 2079 gentibus
2542 2024 2654 2078 qua:
2693 2018 2809 2062 sunt
2849 2025 3000 2078 super
3041 2008 3257 2061 terrain‘
3298 2007 3456 2074 (Dan.
3495 2008 3549 2063 5.
3578 2008 3669 2079 ὅτ)
3723 2028 3736 2063 :
3786 2010 3865 2063 id-

2282 2102 2453 2169 ipsum
2484 2100 2557 2154 illi
2595 2099 2779 2154 dicunt
2813 2100 2863 2154 in
2910 2102 3213 2168 precatione
3246 2114 3362 2154 sua.
3394 2100 3697 2154 Extremam
3723 2103 3862 2170 passi

2282 2199 2466 2247 sumus
2504 2194 2796 2258 miSeriam,
2825 2194 2987 2262 patria
3019 2204 3073 2247 et
3100 2193 3345 2249 libertate
3378 2192 3710 2248 excidimus:
3742 2193 3869 2248 bar-

2282 2285 2533 2338 barorum
2579 2284 2741 2349 servi,
2778 2285 2828 2337 in
2875 2285 3176 2353 opprobriis
3220 2283 3311 2339 diu
3357 2298 3648 2348 versamur,
3703 2283 3865 2349 fame,

2283 2376 2458 2429 inedia
2494 2385 2547 2429 et
2575 2376 2662 2429 siti
2699 2376 2999 2445 consumpti
3030 2392 3042 2425 :
3072 2360 3342 2444 consputt',
3378 2375 3673 2430 conculcati
3702 2390 3866 2430 omne

2284 2476 2491 2536 tempus
2536 2456 2925 2536 transegimus:
2959 2467 3079 2521 ideo
3108 2480 3268 2535 parce
3299 2475 3355 2522 et
3396 2467 3653 2523 miserere
3688 2467 3864 2522 nobis.

2281 2558 2415 2625 Quid
2440 2567 2616 2612 autem
2634 2558 2733 2612 sibi
2755 2558 2885 2621 volt,
2914 2557 3135 2611 Multum
3158 2556 3347 2629 replela
3367 2568 3439 2613 est
3456 2560 3627 2613 anima
3649 2569 3823 2615 nostra
3838 2562 3868 2614 .’

2282 2648 2421 2719 ipsa,
2457 2650 2648 2718 inquit,
2693 2650 2868 2703 anima
2903 2660 3081 2703 nostra
3122 2651 3292 2704 soluta
3320 2659 3423 2717 est,
3454 2648 3716 2706 tabefacta
3748 2665 3865 2705 ma-

2281 2741 2555 2811 gnitudine
2584 2740 2863 2794 malorum.
2913 2740 3101 2795 Multos
3128 2740 3313 2795 videre
3339 2747 3423 2795 est
3440 2740 3528 2809 qui
3556 2740 3673 2795 dire
3692 2741 3868 2795 vexati

2284 2829 2492 2884 fortiter
2532 2831 2724 2884 ferunt.
2775 2833 3005 2895 ALIIOS,
3051 2830 3316 2900 inquiunt,
3362 2830 3466 2885 hoc
3492 2829 3865 2900 perdidimus:

2282 2938 2423 2991 mgrc
2453 2922 2671 2975 ferimus
2714 2919 2915 2983 afﬂicti,
2944 2920 3256 2990 frangimur.
3301 2920 3436 2987 Quia
3470 2921 3614 2975 enim
3643 2921 3866 2976 honori-

2282 3010 2380 3066 bus
2408 3027 2511 3065 non
2540 3019 2599 3064 ut
2636 3026 2730 3079 par
2758 3020 2873 3067 erat
2898 3010 2980 3064 usi
3010 3010 3240 3075 fuerant,
3261 3011 3546 3067 contrariis
3580 3026 3676 3067 eos
3702 3012 3867 3069 rebus

2282 3104 2507 3173 castigat
2548 3104 2709 3169 Deus,
2742 3101 2882 3171 quod
2923 3101 3121 3172 ubique
3163 3101 3446 3157 facientem
3491 3102 3638 3156 illum
3683 3102 3867 3159 videre

2286 3206 2586 3261 possumus.
2618 3191 2709 3246 Sic
2741 3199 2797 3247 ct
2823 3188 3087 3246 Adamum
3115 3190 3239 3261 quia
3266 3191 3494 3261 paradisi
3540 3190 3868 3248 habitatione

2284 3301 2390 3340 non
2422 3296 2567 3341 recte
2609 3298 2737 3339 usus
2778 3294 2913 3350 erat,
2941 3283 3203 3353 ejectione
3246 3286 3507 3353 correxit,
3551 3296 3605 3342 et
3645 3300 3867 3353 uxorem

2281 3392 2400 3445 quae
2424 3391 2487 3431 ex
2520 3375 2739 3431 honoris
2762 3374 3062 3445 aequalitate
3086 3376 3237 3446 pejor
3248 3386 3511 3442 evaserat,
3536 3378 3792 3434 servitute
3810 3388 3866 3433 et

2281 3468 2611 3537 subjectione
2644 3468 2919 3523 meliorem
2947 3466 3093 3523 fecit.
3118 3465 3269 3537 Ipsos
3297 3482 3512 3538 quoque
3532 3466 3769 3534 Jodzeos,
3795 3469 3864 3523 lio

2282 3559 2487 3615 bertate
2523 3565 2579 3613 et
2602 3557 2849 3613 diuturna
2869 3557 3015 3612 domi
3034 3560 3321 3613 securitate
3350 3558 3402 3613 in
3431 3559 3582 3629 pejus
3604 3568 3864 3626 mutatos.

2281 3649 2530 3715 ell‘renes,
2552 3657 2609 3704 et
2624 3647 2930 3713 dissolutos,
2957 3662 3051 3717 per
3069 3649 3335 3703 contraria
3355 3642 3594 3721 corrigit.
3620 3649 3683 3705 lli
3706 3664 3870 3720 porro

2283 3737 2699 3794 misericordiam
2720 3738 2975 3807 consequi
2994 3746 3264 3808 rogantes,
3292 3738 3460 3793 Deum
3483 3740 3561 3795 sic
3584 3739 3865 3811 alloquun-

2283 3839 2368 3884 tur
2396 3848 2410 3884 :
2435 3828 2653 3883 Multum
2698 3829 2890 3900 repleta
2932 3841 3006 3883 est
3050 3831 3223 3883 aninta
3268 3839 3461 3884 nostra.
3514 3829 3861 3901 Opprobrium

2280 3920 2671 3985 abundantibus,
2703 3929 2748 3973 et
2778 3921 3028 3990 despectis
3070 3920 3321 3991 superbis.
3352 3920 3529 3989 Alius,
3574 3921 3754 3978 Multis
3776 3941 3865 3979 sa-

2282 4014 2405 4066 tiata
2446 4022 2520 4066 est
2547 4012 2720 4066 animo
2753 4022 2947 4077 nostra,
2978 4011 3358 4081 obloquentibus
3381 4012 3775 4081 abundantibus,
3815 4023 3865 4068 et

2281 4101 2664 4172 despicientibus
2687 4103 2934 4170 superbis.
2964 4102 3136 4169 Alius,
3170 4101 3578 4158 Subsannatione
3604 4119 3866 4176 arrogan-

2282 4195 2425 4246 tium.
2457 4193 2632 4259 Alius,
2662 4190 2994 4262 Despectione
3014 4207 3191 4246 eorum
3224 4192 3311 4261 qui
3350 4192 3495 4248 bonis
3521 4193 3755 4265 adiuuat.
3798 4193 3862 4250 Hi

2282 4288 2442 4357 igitur
2486 4285 2661 4341 eidem
2713 4286 2920 4340 haerent
2960 4286 3264 4341 sententiae.
3302 4285 3670 4343 Calamitatem
3720 4289 3862 4344 enim

2280 4380 2561 4449 deplorant
2587 4394 2707 4434 cum
2733 4378 2954 4435 dicunt:
2983 4372 3187 4435 Satiata
3216 4389 3288 4433 est
3316 4380 3487 4433 anima
3512 4389 3687 4435 nostra
3722 4397 3864 4450 sper-

2278 4472 2550 4537 nentibus,-
2586 4470 2931 4542 Septuaginta
2970 4486 3097 4525 vero
3125 4471 3269 4525 aliud
3310 4470 3537 4526 dicunt:
3567 4472 3867 4529 Transeaut

2281 4563 2397 4617 haec
2432 4561 2499 4617 ad
2519 4562 2664 4627 illos,
2695 4570 2751 4615 et
2774 4561 2962 4617 iisdem
2993 4560 3092 4631 ipsi
3121 4562 3382 4627 fruantur,
3431 4576 3550 4631 quae
3574 4561 3697 4618 aliis
3725 4562 3864 4619 fece-

2280 4661 2421 4718 runt,
2472 4666 2765 4722 eorumque
2810 4652 2977 4707 fastus
3016 4660 3074 4705 et
3113 4660 3290 4705 tumor
3326 4651 3676 4721 deprimatur.
3712 4651 3866 4722 Quod

2281 4760 2423 4815 saepe
2453 4746 2699 4799 evenisse
2716 4744 2991 4798 videamus
3018 4762 3031 4797 :
3057 4759 3179 4798 nam
3210 4744 3262 4798 id
3289 4742 3599 4813 frequenter
3622 4745 3762 4802 solet
3778 4744 3864 4800 fa-

2279 4831 2401 4891 cere
2424 4838 2582 4902 Deus,
2615 4850 2807 4905 nempe
2836 4835 2974 4890 altos
3000 4835 3219 4903 spiritus
3238 4843 3574 4892 assumeutes
3592 4836 3863 4907 deprimit,

2280 4938 2333 4982 ct
2364 4927 2573 4982 inﬂatos
2604 4927 2865 4987 ltumiliat.
2897 4936 2955 4979 ut
2992 4940 3088 4980 eos
3118 4925 3347 4980 invertat
3393 4940 3423 4979 a
3451 4926 3532 4981 via
3572 4927 3641 4981 ad
3683 4930 3864 4998 perui-

2280 5018 2414 5073 ciem
2445 5018 2666 5073 ferente.
2698 5016 2839 5071 Nihil
2863 5018 3005 5072 enim
3034 5017 3285 5086 superbia
3323 5016 3493 5087 pejus.
3533 5017 3659 5074 ldeo
3693 5029 3865 5074 tenta-

2282 5110 2452 5165 tiones
2480 5119 2534 5164 et
2559 5124 2833 5169 :erumnte,
2860 5121 3054 5178 corpus
3082 5107 3333 5170 mortale,
3375 5119 3429 5162 et
3455 5109 3634 5163 multa:
3678 5125 3864 5180 super-

2280 5202 2553 5254 venientes
2580 5198 2911 5252 calamitates
2937 5213 2953 5252 :
2986 5196 3107 5252 ideo
3132 5196 3476 5266 aegritudines
3499 5206 3557 5253 et
3573 5198 3743 5254 morbi
3766 5216 3783 5265 ;
3810 5208 3868 5254 ut

2282 5294 2556 5347 innumera
2585 5289 2733 5345 frena
2755 5289 3110 5344 adhibeantur
3129 5291 3319 5343 animae.
3349 5290 3675 5359 superbieuti
3702 5300 3756 5347 et
3778 5301 3858 5345 tu-

2282 5401 2431 5441 more
2484 5383 2699 5438 inllatar.
2754 5382 2829 5436 Ne
2884 5383 3061 5451 itaque
3106 5383 3357 5447 turbet-is,
3401 5384 3616 5451 dilecte,
3656 5401 3775 5439 cum
3812 5385 3865 5439 in

2343 5542 2359 5571 ¹
2395 5539 2467 5589 sic
2487 5535 2668 5602 legitur
2690 5536 2740 5602 in
2761 5535 3067 5602 Sat-ilio,_sed
3087 5534 3204 5598 quia
3223 5534 3627 5602 unguardederc
3662 5547 3823 5602 μηήςιδ
3850 5575 3863 5602 ._

2279 5602 2450 5651 eadem
2472 5596 2571 5661 fere
2592 5597 2812 5671 dicebant
2836 5597 2976 5671 pueri
3007 5597 3066 5671 in
3306 5596 3486 5659 captus"
3501 5632 3534 5671 ,_
3548 5614 3573 5643 ιι
3588 5596 3729 5671 panes
3746 5597 3868 5671 [arti

2282 5658 2626 5773 suritﬁs.'ctc.,v
2648 5661 2932 5722 quihusdam
2952 5658 3292 5722 inut-missis
3307 5658 3418 5722 qua:
3435 5660 3584 5723 [trabe
3604 5658 3664 5707 ad

2281 5737 2387 5789 quur
2431 5732 2531 5772 aut.
