4218 6430
274 549 577 611 tentatione
601 548 866 613 versaris;
911 542 1009 603 sed
1040 542 1317 617 propheta
1356 538 1678 598 recordatus
1699 535 1889 596 dicen-

277 643 367 711 ιιι,
397 641 603 699 Bonam
622 641 750 699 mihi
780 640 904 710 quia
929 637 1213 695 humiliari
1247 650 1346 698 me,
1376 642 1433 690 ut
1471 634 1667 693 discant
1683 630 1886 704 justiﬁ-

273 738 502 794 cadsus
522 747 645 792 tuas
667 732 848 806 (Paul.
884 732 1011 790 lla.
1041 729 1157 797 Ἠ).
1183 728 1544 785 calamitatem
1589 741 1686 796 pro
1710 739 1890 781 runc-

272 830 370 888 ιιι.)
395 828 600 898 accipe,
637 835 693 881 et
717 826 1017 881 tentatione
1046 832 1106 878 ut
1136 837 1234 892 par
1260 830 1346 877 est
1371 830 1545 886 utere,
1574 819 1888 892 poterisque

276 918 539 992 majorem
557 918 774 986 asseqtd
806 913 1255 985 tranquillitatem
1281 929 1296 967 :
1326 926 1432 984 qua
1462 912 1666 965 utinam
1693 924 1889 988 omnes

267 1010 424 1082 digni
454 1008 775 1076 habeantur,
800 1007 972 1078 gratia
1012 1013 1073 1063 et
1112 1004 1448 1060 humanitate
1476 1003 1688 1057 Domini
1715 1002 1887 1057 nostri

277 1104 405 1159 Iesu
430 1102 652 1165 anno.
679 1101 765 1157 cui
786 1100 958 1172 gloria
987 1107 1044 1156 et
1071 1098 1356 1170 imperium
1387 1098 1441 1152 in
1479 1096 1683 1155 saecula
1712 1111 1888 1152 saecu-

278 1194 477 1249 lorum.
506 1197 696 1248 Amen.

720 1308 790 1365 ΙΝ
830 1306 1155 1366 l’SALMUM
1192 1306 1434 1363 CXXIII.

545 1423 599 1477 1.
644 1422 764 1477 Nisi
788 1423 907 1493 quia
935 1420 1192 1476 Dominus
1226 1431 1335 1475 erat
1359 1421 1413 1475 in
1442 1418 1605 1476 nobis.

345 1559 403 1617 ί.
442 1558 768 1626 εαριίοὲιαιὶε
787 1559 921 1613 bono
945 1556 1127 1615 Judwi
1161 1558 1384 1613 rita-unt
1409 1556 1782 1639 idololatrian.
1812 1586 1888 1599 —

271 1651 439 1722 Quod
457 1666 605 1723 saepe
630 1652 765 1720 disi,
801 1650 904 1707 hoc
927 1667 1143 1722 quoque
1178 1665 1323 1706 nitnc
1346 1651 1493 1718 dico,
1525 1665 1627 1706 nec
1655 1649 1886 1707 cessabo

272 1747 477 1807 dicere.
509 1760 763 1816 magnum
788 1760 911 1801 esse
947 1743 1177 1799 fructum
1209 1743 1553 1815 captivitatis,
1578 1752 1635 1799 et
1663 1744 1731 1801 ad
1758 1742 1886 1815 phi-

268 1838 580 1911 losophiam
610 1838 889 1895 deducere
926 1851 1085 1908 posse
1126 1850 1226 1893 eos
1268 1837 1361 1908 qui
1406 1835 1714 1892 attendunt.
1748 1836 1887 1893 Ecce

268 1931 419 2000 enim
440 1934 534 2003 qui
572 1931 638 1985 ad
678 1929 964 1986 simulacra
1011 1929 1321 1995 currebant,
1354 1928 1523 1984 Deum
1553 1922 1873 1985 contemne-

271 2022 426 2090 bant,
457 2032 513 2078 et
540 2023 594 2079 in
624 2022 953 2093 impietatem
981 2022 1336 2093 impegerant,
1366 2020 1493 2093 quid
1524 2021 1714 2078 dicunt
1740 2037 1884 2079 nunc

268 2125 397 2187 post
414 2115 823 2186 captivitatem!
844 2123 903 2171 et
925 2114 1199 2186 quomodo
1223 2104 1455 2173 salutem
1472 2130 1630 2172 suam
1659 2117 1772 2173 Deo
1792 2119 1886 2172 ad-

268 2210 551 2267 scﬁltunt?
596 2209 901 2278 Quinetiam
949 2211 1246 2280 propheta,
1301 2220 1570 2282 tamquam
1618 2210 1886 2283 cboragus

267 2302 534 2371 optimos.
565 2300 769 2358 eadem"
800 2301 921 2359 illos
944 2301 1100 2373 jubet
1138 2301 1452 2373 frequenter
1488 2301 1690 2359 dicere.
1723 2302 1883 2359 Post-

269 2407 438 2463 quam
467 2406 599 2463 ergo
628 2393 836 2462 primus
866 2392 1021 2458 dixit,
1071 2393 1179 2448 illis
1204 2408 1417 2465 qunque
1448 2394 1710 2463 prmeipit,
1742 2403 1883 2450 tam-

266 2500 435 2556 quam
488 2475 746 2556 magister
793 2485 1114 2556 discipulis,
1173 2494 1231 2541 ut
1281 2486 1507 2542 dicant:
1542 2485 1697 2542 Dicat
1748 2504 1884 2542 nunc

268 2576 467 2639 Israel.
500 2577 620 2633 Nisi
649 2580 771 2651 quia
796 2578 1050 2634 Dominus
1072 2590 1185 2636 erat
1211 2584 1265 2636 in
1306 2582 1473 2647 nobis,
1497 2598 1613 2636 sunt
1642 2598 1887 2655 exsurge-

268 2679 385 2724 rent
412 2670 640 2724 homines
666 2670 721 2724 in
750 2687 862 2734 nos,
896 2671 1028 2740 forte
1047 2672 1186 2726 vivos
1212 2671 1547 2745 deglutissent
1575 2689 1689 2729 nos.
1717 2674 1886 2730 Erunt

270 2761 422 2816 enim
446 2761 700 2827 inernres,
730 2762 882 2826 nudi,
906 2764 1124 2834 captivi,
1156 2772 1211 2817 et
1234 2764 1396 2829 servi,
1424 2771 1481 2819 et
1506 2778 1679 2835 nuper
1701 2780 1735 2820 a
1765 2780 1884 2819 ma-

276 2856 351 2911 lis
380 2854 614 2921 liberati,
652 2856 949 2927 urbemque
979 2857 1249 2912 habebant
1294 2873 1400 2914 non
1431 2859 1603 2913 muris
1625 2863 1882 2926 cinctam,

274 2947 391 3002 imo
418 2962 547 3003 vero
586 2940 657 3003 ne
696 2946 885 3003 urbem
916 2948 1158 3019 quidem,
1202 2960 1259 3004 et
1309 2958 1433 3019 post
1471 2950 1704 3005 reditum
1729 2963 1887 3007 erant

272 3037 459 3109 prada
483 3039 742 3096 omnibus
783 3049 1007 3110 parata;
1039 3039 1134 3096 sed
1176 3039 1277 3096 fuit
1323 3043 1406 3097 eis
1434 3041 1579 3098 Deus
1601 3057 1700 3113 pro
1731 3058 1888 3097 muro

272 3138 337 3185 et
362 3144 507 3186 arce.
550 3129 664 3185 Hoc
690 3130 867 3201 ipsum
887 3120 892 3126 ’
915 3146 1014 3187 nos
1039 3148 1255 3203 quoque
1284 3149 1428 3190 nunc
1451 3133 1696 3189 dicamus
1722 3152 1734 3188 :
1763 3124 1886 3188 Nisi

272 3221 399 3285 quia
426 3218 675 3277 Dominus
703 3232 810 3277 erat
836 3222 894 3276 in
919 3223 1085 3289 nobis,
1112 3223 1245 3293 forte
1263 3224 1401 3278 vivos
1419 3222 1752 3296 degiutissent
1770 3240 1881 3279 nos.

273 3313 417 3384 Quid
444 3316 587 3370 enim
619 3330 727 3370 non
751 3313 967 3371 fecisset
992 3324 1178 3371 noster
1205 3317 1455 3372 inimicus
1480 3317 1750 3385 diabolus,
1783 3316 1885 3372 nisi

277 3408 543 3463 homines
573 3407 760 3463 inisset
802 3409 854 3463 in
900 3408 1095 3464 nobis?
1135 3408 1272 3464 Audi
1304 3409 1430 3479 quid
1468 3408 1719 3465 Christus
1742 3407 1890 3464 dicat

274 3499 487 3556 Simoni
517 3519 531 3555 :
563 3500 770 3568 Simon,
816 3499 1021 3569 Simon,
1051 3502 1243 3571 quoties
1274 3503 1418 3572 petiit
1444 3511 1494 3555 te
1534 3511 1744 3557 satanas
1782 3504 1886 3557 cri-

273 3592 430 3647 διατι
452 3593 584 3648 sicut
609 3594 832 3648 triticum
860 3610 880 3648 :
911 3605 957 3648 et
981 3611 1072 3665 ego
1108 3596 1250 3649 oravi
1278 3612 1371 3664 pro
1396 3604 1464 3660 te,
1497 3613 1562 3652 ne
1587 3597 1794 3665 deﬁciat
1818 3597 1887 3666 ﬁ-

275 3686 367 3740 des
393 3696 481 3739 tua
509 3684 664 3755 (Luc.
695 3685 787 3741 22.
832 3686 969 3758 Si)?
1012 3686 1109 3741 Est
1146 3688 1291 3741 enim
1334 3688 1576 3759 improba
1608 3687 1783 3743 bellua
1833 3697 1890 3743 ct

278 3778 619 3843 insatiabilis,
648 3789 703 3833 et
733 3780 835 3834 nisi
866 3779 1083 3835 assidue
1109 3779 1495 3846 refrenaretur,
1531 3781 1890 3837 subvertisset

275 3881 330 3922 et
364 3871 925 3933 confudissetomnia.
979 3870 1035 3928 Si
1080 3873 1223 3927 enim
1265 3888 1387 3927 cum
1422 3872 1475 3927 in
1528 3874 1741 3929 beatum
1785 3874 1890 3931 Job

279 3963 533 4031 pusillum
564 3964 686 4032 quid
719 3966 767 4019 ei
794 3964 894 4019 fuit
920 3965 1267 4034 permissum,
1297 3966 1414 4035 ejus
1441 3964 1662 4020 domum
1696 3968 1889 4023 evertit

277 4054 538 4117 fmulitns,
570 4056 692 4125 ejus
720 4070 918 4127 corpus
950 4056 1309 4122 labefactavit,
1336 4066 1540 4113 tantam
1569 4059 1887 4130 tragtediam

277 4147 556 4213 excitavit,
580 4147 859 4205 facultates
878 4149 1139 4218 corrupit,
1167 4148 1306 4203 filios
1332 4149 1535 4217 obruit,
1564 4158 1621 4203 ut
1650 4166 1682 4205 e
1720 4166 1889 4206 carne

280 4256 494 4297 vermes
518 4243 845 4299 scaturirent
873 4242 1072 4308 effecit,
1106 4258 1330 4305 uxorem
1362 4243 1413 4297 in
1460 4259 1582 4299 eum
1626 4245 1886 4310 incitavit,

278 4333 504 4399 amicos,
551 4332 818 4400 inimicos,
863 4332 1113 4398 famulos,
1166 4343 1225 4389 ut
1258 4335 1469 4403 probris
1497 4350 1619 4390 cum
1654 4336 1890 4390 insecta-

281 4438 491 4501 rcntur,
517 4426 724 4481 induxit
754 4427 836 4480 :si
867 4441 974 4481 non
1002 4426 1489 4482 innumerabilibus
1513 4427 1678 4482 frenis
1709 4438 1885 4482 retar-

277 4521 519 4583 daretur,
546 4519 819 4588 quomodo
847 4533 952 4574 non
982 4535 1173 4575 omnes
1202 4521 1487 4589 perderet?
1511 4520 1773 4587 Quocirca
1802 4521 1891 4577 hic

276 4626 495 4681 quoque
522 4611 689 4666 dicit:
722 4609 845 4666 Nisi
875 4614 999 4685 quia
1031 4612 1283 4668 Dominus
1308 4613 1488 4667 eratin
1517 4613 1680 4669 nobis.
1724 4614 1892 4669 Erant

278 4704 425 4759 enim
453 4703 744 4760 admodum
769 4706 925 4776 pauci
975 4715 1028 4761 et
1075 4712 1397 4781 contempti,
1428 4716 1482 4762 et
1512 4723 1607 4763 eos
1637 4724 1891 4764 reversos

277 4795 433 4850 multi
462 4797 870 4852 adoriebantur.

359 4884 731 4953 Prosperornm
751 4898 798 4942 et
826 4888 1155 4945 adversorum
1182 4891 1536 4947 alternationis
1562 4892 1790 4959 utilitas;
1811 4894 1892 4949 ira

276 4977 492 5032 rationis
517 4995 732 5049 expers,-
760 4981 1164 5049 perturbationes
1191 4984 1354 5037 animi
1383 4995 1437 5038 ut
1460 4990 1639 5040 sanari
1668 4989 1887 5056 possint.

276 5059 545 5125 -—Porro
572 5072 628 5127 in
678 5071 779 5128 hoc
805 5088 1022 5144 quoque
1049 5076 1439 5131 ostendebatur
1467 5077 1561 5133 Dci
1601 5080 1888 5149 sapientia,

280 5161 421 5231 quod
454 5178 563 5219 non
595 5174 817 5236 repente
840 5177 898 5221 et
923 5183 1031 5223 uno
1052 5167 1212 5223 simul
1240 5177 1489 5239 tempore
1516 5170 1670 5225 daret
1696 5174 1777 5228 eis
1805 5186 1891 5229 sc-

278 5256 587 5317 curitatem.
612 5258 706 5312 sed
733 5261 936 5314 sensim
962 5275 1025 5315 ac
1046 5262 1323 5331 paulatim.
1364 5263 1477 5321 Hoc
1505 5277 1685 5321 autem
1723 5268 1891 5324 facie-

277 5348 372 5404 bat
398 5364 494 5404 eos
512 5363 846 5405 conservans
876 5352 927 5407 in
953 5351 1049 5408 Dei
1077 5355 1412 5425 cognitione,
1443 5366 1498 5413 ct
1524 5374 1644 5413 eam
1676 5377 1796 5429 tltltt‘.
1822 5376 1888 5416 ex

278 5441 596 5511 captivitate
635 5454 751 5498 orta
778 5455 916 5512 erat,
955 5448 1356 5504 correctionem
1401 5466 1507 5505 non
1539 5452 1725 5506 sinens
1755 5470 1892 5524 pra:-

280 5535 554 5592 terlluere.
589 5538 723 5607 Quia
756 5541 899 5595 enim
940 5541 1189 5598 liberatio
1213 5557 1245 5598 a
1280 5544 1436 5599 malis
1478 5547 1619 5601 solet
1645 5546 1891 5603 homines

279 5628 498 5686 efticete
540 5632 905 5700 socordiorcs,
939 5634 992 5689 in
1038 5635 1152 5705 ipsa
1195 5636 1358 5691 etiam
1389 5637 1687 5694 donatione
1720 5640 1891 5694 hono-

280 5739 402 5781 rum
436 5712 718 5793 permittit,
758 5736 816 5781 ut
846 5727 945 5798 ipsi
984 5728 1201 5784 assidue
1238 5738 1541 5791 tententur.
1573 5740 1631 5785 ut
1674 5735 1784 5787 sint
1808 5733 1890 5788 eis

282 5819 615 5876 tentutianes
668 5831 985 5890 perpetuum
1031 5821 1386 5892 ρῑιίιοεονιιίτε
1436 5822 1776 5880 exercitium.
1819 5822 1891 5881 Et

282 5916 410 5975 ideo
449 5931 547 5971 nec
585 5916 831 5971 homines
875 5930 1092 5987 semper
1117 5914 1334 5971 dimittit
1364 5915 1416 5971 in
1467 5914 1884 5987 calamitatibus,

1336 414 1704 480 EXPOSI'I‘IO
1742 413 1809 475 IN
1848 410 2181 473 PSALﬂUM
2218 410 2456 476 CXXIII.

3514 423 3625 486 35d

1999 542 2071 583 ne
2090 527 2383 589 deficiant:
2411 547 2513 589 nec
2540 530 2594 589 in
2620 532 2801 607 quiete
2828 542 2885 592 et
2912 549 3092 592 rerum
3136 533 3520 607 prosperitate,
3546 550 3617 591 ne

1999 622 2131 680 ﬂant
2171 625 2558 686 socordior-es:
2590 626 2689 684 sed
2730 627 3195 687 vicissitudinibus
3236 644 3427 686 eorum
3475 628 3621 685 salu-

2000 726 2110 774 tem
2147 719 2340 775 variat.
2379 718 2536 776 Forte
2576 721 2713 779 visos
2739 721 3073 794 degtutisseut
3103 738 3218 778 nos.
3256 718 3436 778 Vides
3479 737 3621 794 quo-

1998 811 2162 868 modo
2191 813 2451 880 ostendit,
2477 827 2641 884 quam
2674 814 2782 869 sint
2809 815 3099 881 immanes,
3121 815 3296 884 quise
3326 812 3623 870 invadunt?

1996 903 2134 961 Sunt
2175 905 2322 961 enim
2365 905 2613 964 homines
2660 907 2751 977 Qui
2800 907 2884 963 vel
2936 906 3179 964 ferarum
3227 907 3622 967 immanitatem

1996 998 2309 1063 ostendunt,
2347 998 2457 1054 imo
2486 1000 2657 1071 magis
2682 1015 2843 1070 quam
2875 999 2982 1058 ille
3008 1000 3242 1057 szeviunt
3267 1001 3321 1057 in
3347 1015 3622 1073 congene-

1996 1103 2107 1144 res.
2136 1086 2275 1145 Fers
2303 1090 2450 1147 enim
2495 1105 2618 1145 cum
2654 1093 2821 1147 semel
2850 1090 3135 1160 invaserit,
3171 1092 3241 1148 ab
3272 1094 3351 1149 ira
3376 1092 3611 1158 desistit,

1995 1190 2053 1236 et
2082 1181 2311 1249 recedit,
2340 1192 2434 1237 aut
2454 1183 2671 1253 repulsa
2703 1199 2812 1239 non
2842 1184 3076 1255 amplius
3097 1185 3304 1242 invadit
3330 1202 3344 1240 :
3368 1185 3621 1245 homines
3686 1210 3689 1213 λ

1994 1281 2176 1329 autem
2208 1288 2330 1329 cum
2377 1289 2465 1329 res
2493 1276 2723 1331 cesserit
2765 1276 2925 1332 aliter
2954 1292 3115 1347 quam
3160 1277 3443 1347 putabant,
3473 1293 3622 1349 sape

1996 1364 2256 1419 invadunt
2279 1366 2361 1421 vel
2386 1366 2532 1436 ipsas
2552 1381 2745 1423 carnes
2764 1377 2985 1439 gustare
3005 1370 3307 1437 cupientes.
3337 1368 3617 1439 Ejusmodi

1995 1470 2085 1512 res
2124 1466 2210 1512 est
2251 1457 2350 1523 ira,
2402 1459 2626 1514 rationis
2672 1475 2910 1535 expers;
2952 1461 3088 1516 adio
3115 1460 3291 1517 fervet
3337 1462 3623 1520 etuebullit

1994 1549 2113 1607 hac
2151 1552 2317 1607 animi
2349 1553 2707 1623 perturbatio.
2751 1554 3037 1622 Quomodo
3082 1570 3212 1626 ergo
3251 1554 3371 1610 h:ec
3410 1556 3617 1611 exstin-

1992 1625 2187 1716 guetur
2205 1643 2503 1717 aegritudo?
2529 1645 2589 1701 Si
2617 1661 2707 1701 res
2736 1655 2950 1701 nostras
2990 1647 3172 1701 animo
3202 1656 3538 1718 reputemus,
3568 1649 3616 1705 si

1993 1742 2228 1793 mortem
2258 1738 2693 1806 consideremus,
2725 1748 2779 1794 et
2809 1752 2907 1794 eos
2934 1739 3025 1809 qui
3051 1741 3297 1811 quotidie
3325 1742 3613 1808 recedunt,

1993 1830 2039 1885 si
2065 1838 2310 1886 naturam
2342 1837 2588 1886 nostrain
2622 1830 3080 1901 contemplemur,
3129 1832 3272 1903 quod
3304 1834 3514 1890 scilicet
3537 1836 3615 1889 si-

1992 1937 2115 1977 mus
2144 1930 2285 1978 terra
2312 1929 2370 1979 et
2396 1923 2554 1979 cinis.
2585 1922 2643 1979 Si
2668 1911 2849 1981 :i'utcm
2876 1922 3031 1980 faciei
3061 1925 3405 1995 pulchritudo
3430 1928 3617 1984 animo

1993 2024 2086 2071 tuo
2114 2014 2294 2071 adhuc
2319 2014 2567 2087 imponit,
2592 2016 2730 2073 vade
2753 2017 2821 2073 ad
2845 2026 3197 2075 motiumetita
3222 2030 3279 2075 et
3307 2021 3494 2077 thecas
3515 2037 3615 2093 pa-

1992 2116 2207 2164 rentum
2255 2116 2496 2176 tuorum,
2539 2124 2604 2166 ac
2631 2109 2755 2166 vide
2783 2110 3061 2181 quomodo
3102 2122 3229 2167 sunt
3256 2114 3440 2183 positi,
3472 2124 3528 2170 et
3557 2115 3612 2171 in

1992 2202 2270 2273 pulverem
2300 2217 2365 2259 ac
2406 2211 2621 2265 terram.
2645 2203 2891 2270 resoluti,
2921 2220 3283 2277 magnamque
3316 2221 3382 2263 ex
3423 2223 3493 2264 eo
3514 2223 3614 2265 ca-

1994 2295 2110 2365 pies
2137 2295 2506 2363 occasionem,
2531 2304 2588 2352 ut
2616 2305 2668 2351 te
2693 2296 2872 2367 ipsum
2906 2300 3195 2369 reprimas.
3226 2298 3304 2355 Ne
3328 2299 3460 2356 dicti
3491 2317 3615 2372 gra-

1991 2388 2210 2444 vitatem
2233 2388 2529 2459 improbos.
2560 2388 3029 2458 Quemadmodum
3055 2392 3201 2445 cnim
3231 2391 3321 2461 qui
3353 2390 3505 2447 febre
3531 2393 3614 2447 la-

1994 2479 2206 2542 horaut.
2229 2468 2516 2553 postquam
2545 2498 2579 2539 a
2600 2482 2795 2537 morbo
2826 2481 3037 2538 liberati
3070 2482 3289 2545 fuerint,
3321 2499 3457 2554 puro
3483 2499 3615 2540 sete

1992 2572 2273 2644 indigent:
2304 2574 2377 2632 ita
2407 2576 2571 2639 etiam
2603 2589 2742 2645 quos
2760 2575 2928 2630 animi
2957 2576 3396 2646 perturbationes
3426 2577 3495 2632 ad
3528 2578 3615 2633 in-

1987 2665 2199 2719 saniam
2226 2666 2471 2736 adigunt,
2501 2667 2546 2721 si
2578 2666 2647 2721 ad
2676 2677 3029 2723 monumenta
3075 2668 3428 2734 accesserint,
3464 2678 3610 2724 tam—

1991 2776 2153 2829 quam
2197 2761 2289 2833 qui
2336 2762 2388 2816 iu
2432 2761 2695 2833 praedium
2748 2760 3169 2817 saluberrimum
3225 2764 3611 2832 pervenerint,

1990 2856 2193 2909 multas
2219 2854 2493 2925 expellunt
2520 2854 2889 2926 aegritudines.
2924 2854 3138 2910 Sufficit
3164 2855 3312 2911 enim
3344 2854 3434 2911 vel
3462 2855 3615 2912 solus

1992 2963 2144 3002 urna:
2169 2962 2424 3021 aspectus
2452 2948 2519 3002 a'd
2537 2964 2662 3003 eum
2690 2946 3128 3018 deprimendum,
3157 2947 3251 3018 qui
3275 2945 3433 3002 valde
3459 2961 3617 3003 arro-

1989 3052 2126 3109 gans
2153 3049 2257 3096 est.
2291 3039 2373 3095 Ab
2401 3038 2487 3095 his
2515 3039 2777 3111 deinceps
2808 3039 3120 3095 transmitte
3146 3033 3295 3095 tuam
3322 3040 3615 3111 cogitatio-

1994 3145 2120 3187 nem
2148 3129 2215 3185 ad
2244 3129 2483 3186 futurum
2515 3131 2666 3186 illum
2694 3131 2843 3186 diem
2865 3130 3190 3193 terribilem,
3219 3130 3286 3184 ad
3314 3130 3525 3187 futuras
3545 3131 3617 3188 do

1995 3232 2048 3278 te
2071 3222 2427 3294 quaestiones,
2470 3231 2528 3278 et
2572 3221 2881 3278 reddendas
2918 3222 3186 3288 rationes,
3216 3222 3285 3277 ad
3326 3223 3612 3296 supplicia,

1993 3330 2115 3385 qua:
2152 3315 2360 3370 nullum
2392 3314 2598 3371 habent
2638 3317 2863 3369 omnino
2895 3315 3171 3382 solatium,
3212 3314 3303 3370 ubi
3350 3330 3512 3372 nemo
3562 3326 3618 3372 te

1993 3406 2285 3463 defendet:
2316 3416 2373 3463 et
2404 3406 2487 3463 his
2518 3407 2771 3463 omnibus
2802 3406 2967 3462 veluti
2999 3406 3325 3478 quibusdam
3364 3408 3619 3463 cantibus

1994 3504 2123 3559 sedo
2180 3514 2297 3559 tuas
2344 3504 2511 3565 animi
2569 3503 3031 3573 perturbationes.
3078 3500 3379 3566 Considera
3431 3511 3615 3558 autem

1994 3599 2157 3652 etiam
2184 3612 2253 3652 ex
2286 3598 2599 3651 hominibus
2620 3611 2719 3652 eos
2740 3597 2830 3668 qui
2876 3597 2929 3652 in
2958 3596 3066 3652 vita
3096 3596 3355 3667 praesenti
3379 3611 3446 3652 ex
3473 3594 3618 3651 divi-
3698 3588 3701 3591 ’

1997 3693 2083 3747 tiis
2110 3691 2310 3747 redacti
2333 3701 2461 3747 sunt
2482 3692 2534 3745 in
2569 3701 2966 3762 paupertatem,
2996 3707 3061 3746 ex
3094 3692 3266 3762 gloria
3298 3691 3352 3747 in
3384 3690 3617 3762 ignomi-

1997 3786 2138 3839 niam
2171 3792 2264 3840 :et
2302 3785 2345 3839 si
2383 3785 2516 3839 velis
2563 3785 2746 3849 irasci,
2794 3800 2902 3839 non
2936 3786 2985 3840 ei
3028 3785 3119 3854 qui
3152 3794 3235 3839 est
3278 3782 3373 3839 tibi
3414 3798 3619 3854 genere.

1995 3878 2335 3948 conjunctus,
2372 3878 2467 3933 scd
2518 3878 2661 3932 malo
2710 3876 2944 3937 daemonii
3001 3878 3237 3932 irascere
3278 3876 3519 3947 :habes,
3562 3876 3617 3931 in

1996 3988 2154 4042 quem
2192 3973 2324 4025 iram
2355 3970 2605 4027 effundas
2637 3989 2652 4026 :
2688 3970 2762 4025 illi
2810 3985 3102 4041 numquam
3132 3968 3527 4034 reconcilieris,
3563 3968 3617 4023 in

1998 4064 2147 4118 illum
2188 4064 2321 4118 iram
2370 4063 2589 4119 ell‘tmde
2629 4072 2685 4119 et
2714 4061 3015 4128 ‘consume,
3059 4067 3111 4117 in
3164 4063 3315 4117 illum
3350 4061 3510 4117 tende
3541 4060 3619 4114 la-

1995 4172 2215 4228 queum,
2256 4173 2548 4228 numquam
2594 4171 2775 4211 cesses
2816 4156 3079 4212 adversus
3120 4172 3245 4211 cum
3279 4155 3480 4211 bellum
3522 4172 3620 4230 ge-

1997 4265 2139 4305 rere.
2172 4251 2227 4305 3.
2279 4249 2406 4303 Cum
2436 4252 2744 4303 irasceretur
2773 4252 2923 4321 furor
2952 4266 3131 4303 eorum
3155 4252 3169 4281 ⁸
3215 4250 3268 4304 in
3313 4268 3428 4311 nos.
3464 4254 3621 4323 forsi-

1998 4353 2085 4396 tan
2113 4358 2250 4413 aqua
2301 4342 2643 4396 absorbnisset
2692 4358 2804 4395 nos.
2851 4343 2906 4397 ι.
2963 4340 3261 4396 Torrentem
3293 4346 3621 4412 pertransivit

1996 4439 2170 4491 anima
2238 4448 2415 4492 nostra
2463 4452 2483 4492 :
2531 4438 2747 4508 forsitan
2780 4438 3155 4505 .pertransissct
3217 4438 3392 4490 anima
3442 4450 3619 4494 nostra

1996 4549 2183 4601 aquam
2223 4532 2613 4585 intolerabilem.
2656 4530 2976 4585 Torrentem
3025 4540 3078 4583 et
3124 4545 3319 4600 aquam
3360 4528 3448 4584 hic
3489 4530 3619 4587 dicit

1999 4628 2274 4695 ingentem
2303 4626 2434 4680 iram
2474 4624 2816 4679 inimicorum
2849 4640 2862 4674 :
2894 4632 2979 4679 est
3020 4625 3164 4679 enim
3189 4639 3352 4694 aqua,
3384 4640 3506 4694 qum
3536 4626 3619 4679 in-

1996 4717 2297 4781 composite
2322 4730 2513 4786 tnagna
2538 4716 2589 4769 vi
2620 4726 2675 4771 et
2697 4716 2899 4786 impetu
2930 4715 3121 4779 fertur,
3149 4730 3211 4769 ac
3237 4715 3620 4788 quodcumque

1997 4812 2046 4865 ei
2079 4811 2335 4875 occurrit,
2357 4824 2543 4865 secum
2577 4807 2762 4862 trahit.
2792 4807 2909 4862 Non
2938 4809 3112 4861 solum
3154 4817 3335 4863 autem
3366 4807 3454 4862 hic
3485 4807 3621 4865 dicit

1998 4903 2353 4973 irruptionem
2383 4902 2670 4967 malorum,
2700 4898 2796 4955 sed
2824 4900 2986 4953 etiam
3018 4900 3328 4954 transitum.

2070 4995 2125 5050 2.
2163 4996 2238 5050 Ne
2279 4996 2518 5049 animum
2551 5008 2682 5064 ergo
2715 4993 3043 5063 abjiriamus‘
3078 4994 3296 5063 quando
3338 5008 3438 5049 nos
3479 4996 3620 5053 mala

2000 5089 2315 5145 invaserint.
2359 5088 2598 5143 Torrens
2623 5096 2707 5141 est
2734 5086 2989 5156 quidquid
3023 5087 3240 5141 tandem
3268 5089 3372 5154 sit,
3406 5099 3488 5143 est
3516 5106 3621 5144 nu-

1999 5180 2095 5242 bes
2121 5201 2240 5257 qua:
2280 5184 2668 5254 prtetcrcurrit.
2724 5181 2995 5253 Quidquid
3028 5183 3241 5237 molesti
3280 5182 3484 5237 dixeris
3508 5224 3524 5250 ,
3566 5184 3622 5239 id

2001 5282 2161 5336 habet
2191 5281 2351 5334 finem
2386 5276 2685 5349 :quidquid
2729 5292 2982 5347 asperum
3025 5276 3227 5332 dixeris
3249 5318 3266 5343 ,
3318 5278 3371 5332 id
3402 5292 3622 5349 quoque

2000 5373 2165 5429 habet
2186 5372 2412 5427 exitum.
2445 5370 2499 5425 Si
2529 5370 2673 5424 enim
2706 5367 2868 5424 finem
2892 5385 2997 5423 non
3022 5368 3269 5435 haberet,
3299 5382 3490 5423 natura
3511 5385 3619 5425 non

1999 5464 2293 5543 sufficeret.
2337 5467 2407 5519 At
2445 5464 2785 5533 complures,
2814 5462 3046 5533 inquies,
3084 5476 3268 5517 secum
3301 5461 3485 5516 trahit.
3512 5461 3618 5517 Sed
3720 5487 3728 5495 -

2000 5561 2050 5614 id
2082 5544 2195 5614 non
2226 5558 2287 5614 fit
2312 5574 2379 5614 ex
2404 5558 2522 5629 ejus
2548 5557 2800 5613 violentia
2822 5599 2838 5623 ,
2867 5555 2963 5613 sed
2996 5566 3217 5627 propter
3243 5570 3343 5613 eos
3370 5556 3462 5626 qui
3491 5566 3619 5611 sunt

2000 5654 2176 5724 ignavi
2204 5664 2263 5711 et
2300 5652 2459 5709 facile
2500 5660 2935 5723 prosternuntur.
2984 5648 3065 5703 Ne
3103 5663 3236 5719 ergo
3262 5647 3615 5713 seducamur,

1999 5751 2095 5809 sed
2134 5749 2201 5806 ad
2228 5764 2293 5807 ea
2323 5764 2444 5821 quae
2490 5747 2676 5803 intima
2717 5754 2841 5802 sunt
2885 5744 3004 5815 eius
3031 5742 3412 5821 perveniamus
3437 5785 3453 5806 ,
3501 5743 3616 5802 loca

2066 5923 2081 5953 ¹
2120 5916 2283 5970 δοτιι..
2309 5919 2447 5980 furor
2479 5911 2602 5972 qius.
