4218 6436
678 401 785 459 355

680 516 801 581 eius
823 482 1247 565 consideremus,
1266 507 1475 581 sacram
1496 477 2259 581 ancoram_apptehendamns,

783 598 984 656 nullum
1026 592 1292 667 patiamur
1332 580 1688 652 naufragium.
1738 574 1978 667 Terrena
2007 568 2154 667 enim
2182 574 2267 667 est

632 696 635 699 ’
680 696 747 752 ad
778 688 988 763 tempus
1013 658 1285 745 terribilis,
1324 688 1379 733 et
1406 688 1622 732 rursum
1647 676 1811 763 supra
1840 662 2057 763 modum
2080 658 2265 763 depri-

681 751 865 841 mitur.
891 751 1059 852 Ἀᾳιιο
1081 770 1414 830 absorbuisset
1441 780 1555 821 nos.
1607 760 1760 817 Alius
1790 754 1866 829 (α)
1889 797 1907 821 ,
1956 751 2098 807 Tunc
2136 754 2268 852 forte

683 890 830 948 aqua
876 850 1252 927 inundaeissent
1298 876 1391 917 nos
1441 855 1584 929 quasi
1619 863 1815 907 torrens
1866 850 2267 948 pertransemttes

683 937 859 1022 contra
898 963 1125 1018 animum
1151 966 1396 1012 nostram.
1440 948 1681 1005 Forsitan
1720 940 2069 1015 pertransisset
2095 937 2268 991 anima

684 1067 860 1114 nostra
885 1068 1071 1126 aquam
1098 1044 1482 1104 intolerabilem.
1532 1038 1685 1095 Alius
1705 1078 1722 1103 ,
1772 1033 1915 1089 Tunc

684 1163 839 1220 super
866 1115 1091 1200 animum
1118 1147 1379 1200 nostram,
1428 1141 1685 1200 tamquam
1721 1139 1901 1220 ante,
1943 1119 2145 1220 stt-periti
2169 1115 2266 1220 (tt).

688 1210 879 1293 Vidisti
918 1240 1174 1305 quantum
1214 1227 1284 1283 sit
1320 1223 1415 1281 Dei
1444 1216 1742 1276 auxilium?
1782 1210 2141 1305 quomodo-in
2192 1216 2273 1305 tot

617 1353 624 1361 κ
688 1329 843 1385 malis
868 1299 974 1381 non
999 1321 1182 1379 siverit
1208 1332 1304 1374 eos
1322 1311 1589 1383 submergi
1609 1310 1635 1364 ?
1658 1305 1785 1363 Ideo
1813 1304 1955 1361 enim
1983 1301 2113 1357 sinit
2131 1299 2269 1355 mala

687 1430 954 1483 crescere,
985 1429 1092 1469 non
1118 1419 1178 1467 ut
1206 1423 1306 1465 nos
1334 1406 1597 1467 obruant,
1620 1398 1715 1455 sed
1742 1405 1803 1453 ut
1823 1394 1994 1465 magis
2022 1392 2273 1469 probatos

688 1514 955 1577 efficiant,
1002 1518 1057 1566 et
1080 1501 1471 1575 suapotentise
1506 1497 1763 1568 majorem
1796 1492 2029 1562 praebeat
2052 1487 2275 1577 demon-

690 1576 1019 1659 strationem.
1049 1594 1321 1667 Superbos
1347 1600 1525 1646 autem
1553 1586 1642 1643 bie
1659 1583 1787 1640 dicit
1808 1582 2013 1646 hostes,
2033 1576 2124 1649 qui
2143 1588 2277 1667 quo-

690 1696 773 1749 vis
799 1698 1066 1757 torrente,
1097 1666 1152 1743 et
1174 1682 1363 1757 quavis
1388 1694 1526 1752 aqua
1557 1671 1875 1733 intolerabili
1905 1666 2278 1727 vehementius

695 1786 993 1846 irruentes,
1035 1772 1172 1835 nihil
1198 1777 1344 1847 ipsos
1369 1772 1645 1828 luserunt.
1693 1766 1752 1822 In
1778 1777 1940 1820 causa
1974 1769 2059 1817 est
2097 1766 2276 1847 autem

694 1875 792 1930 Dei
834 1870 1141 1944 prtesidium
1165 1907 1183 1934 ,
1220 1845 1439 1921 caeleste
1482 1858 1776 1916 subsidium
1801 1896 1817 1920 ,
1856 1845 2279 1944 auxiliutnuquod

692 1940 934 2034 superari
960 1975 1067 2015 non
1093 1964 1288 2029 potest.
1314 1953 1386 2009 Et
1412 1951 1535 2007 ideo
1560 1964 1680 2005 cum
1702 1948 1816 2017 ipse
1838 1944 2064 2000 dixisset
2085 1940 2279 2034 uttera-

694 2032 895 2111 tionem
919 2067 949 2107 a
975 2049 1127 2106 malis
1151 2088 1167 2113 ,
1195 2046 1326 2103 dicit
1344 2058 1469 2100 eum
1495 2041 1655 2097 etiam
1682 2039 1770 2110 qui
1798 2035 2082 2100 liberavit,
2122 2032 2282 2102 idque

695 2161 817 2203 cum
852 2156 1061 2201 summa
1101 2139 1217 2209 ejus
1257 2134 1433 2191 laude.
1486 2132 1542 2188 Β.
1572 2129 1873 2186 Benedictus
1894 2124 2168 2189 Dominus,
2196 2122 2281 2187 qui

698 2253 801 2291 non
842 2233 982 2288 dedit
1011 2247 1103 2286 nos
1143 2229 1198 2283 in
1222 2226 1505 2297 captionem
1528 2218 1759 2277 dentibus
1782 2232 1975 2272 ρον-ωτι.
2020 2214 2075 2271 6.
2098 2213 2284 2268 Anima

700 2335 874 2382 nostra
892 2326 1018 2379 sicut
1050 2336 1224 2392 passer
1242 2324 1412 2389 erepta
1449 2322 1521 2369 est
1549 2313 1613 2367 de
1646 2312 1825 2382 laqueo
1853 2306 2161 2363 mentium.
2194 2303 2287 2358 Vi-

700 2419 823 2476 disti
861 2412 1126 2489 quomodo
1150 2426 1301 2467 suam
1341 2406 1575 2463 ostendit
1606 2402 2022 2459 imbecillitatem
2040 2439 2056 2463 ,
2086 2407 2141 2453 et
2166 2395 2289 2451 illo-

702 2525 822 2566 rum
852 2503 1177 2578 potentiam?
1206 2502 1287 2559 Illi
1304 2501 1449 2557 enim
1478 2508 1730 2568 tanquam
1760 2493 1890 2550 ferte
1916 2501 1971 2549 et
1989 2492 2175 2547 leones
2190 2503 2288 2545 eos

703 2599 1025 2655 invadebant
1047 2637 1062 2660 ,
1094 2592 1263 2665 parati
1287 2591 1375 2647 vel
1394 2604 1582 2645 eorum
1610 2586 1754 2642 vesci
1784 2582 2067 2649 carnibus,
2095 2580 2286 2636 annali

704 2703 760 2748 et
787 2691 989 2746 viribus
1010 2697 1068 2745 et
1093 2683 1362 2742 iracundia
1386 2699 1403 2747 ;
1447 2681 1503 2735 bi
1528 2692 1657 2735 vero
1682 2684 1835 2733 erant
1858 2674 2046 2745 quovis
2069 2685 2289 2742 passere

706 2780 1100 2838 imbecilliores.
1126 2776 1277 2832 Tunc
1292 2774 1433 2829 enim
1462 2771 1554 2827 Dei
1574 2768 1825 2825 miracula
1855 2764 2086 2821 maxime
2107 2770 2294 2819 esten-

706 2873 924 2936 duntur,
951 2866 1167 2939 quando
1187 2864 1278 2936 qui
1303 2872 1427 2919 sunt
1446 2858 1718 2924 imbecilli,
1743 2862 1999 2927 superant
2025 2854 2291 2925 potentio-

707 2978 816 3019 res.
848 2961 957 3017 Nec
976 2975 1042 3015 eo
1077 2957 1251 3013 solum
1287 2962 1441 3011 erant
1477 2950 1688 3008 insidia:
1715 2948 2076 3005 intolerabiles
2098 2987 2115 3012 ,
2147 2944 2289 3015 quod

709 3056 783 3110 illi
808 3052 1022 3125 quidem
1048 3057 1229 3105 essent
1253 3054 1501 3117 potentes
1525 3050 1581 3099 et
1602 3040 1868 3097 terribilee
1886 3079 1901 3104 ,
1934 3039 2013 3092 ira
2041 3036 2207 3107 pleni,
2240 3045 2294 3091 et

707 3149 792 3203 vel
816 3124 1002 3202 eorum
1020 3124 1290 3198 carnibus
1319 3136 1464 3193 vesci
1490 3134 1660 3206 parati
1689 3151 1702 3188 :
1733 3132 1788 3188 lti
1815 3142 1991 3188 autem
2020 3129 2289 3192 imbecilli,

708 3250 763 3297 et
792 3238 974 3310 pauci,
1025 3236 1114 3307 qui
1157 3232 1309 3289 facile
1348 3228 1527 3287 invadi
1557 3236 1773 3299 possent
1796 3244 1811 3281 :
1836 3225 1930 3281 sed
1961 3224 2122 3279 etiam
2149 3221 2291 3293 quod

710 3342 894 3391 essent
929 3331 982 3386 in
1022 3327 1213 3385 mediis
1249 3324 1403 3381 malis
1441 3320 1743 3390 intercepti,
1788 3327 1843 3375 et
1871 3317 2103 3388 undique
2130 3315 2294 3372 cincti

710 3422 1127 3487 difficultatibus,
1147 3417 1410 3474 baberent
1428 3413 1661 3484 undique
1677 3411 1816 3468 bella
1834 3424 1930 3466 eos
1947 3408 2295 3465 circumstan-

714 3522 786 3575 tia
820 3538 833 3574 :
863 3517 957 3575 sed
986 3515 1074 3587 qui
1093 3522 1178 3570 est
1194 3512 1423 3568 maxima
1449 3515 1714 3581 potestate
1743 3504 2017 3575 praeditus,
2044 3512 2099 3559 et
2120 3510 2296 3572 potest

713 3610 943 3679 undique
964 3618 1302 3666 conservare.
1328 3602 1489 3659 etiam
1515 3608 1795 3672 postquam
1820 3597 2052 3669 pericula
2072 3605 2129 3653 et
2154 3596 2294 3651 mala

712 3699 1195 3767 cireutnsederant;
1245 3709 1385 3760 nos,
1417 3692 1605 3764 inquit,
1654 3692 1901 3748 liberavit
1944 3705 2066 3746 cum
2105 3704 2295 3761 magna

712 3791 980 3848 facilitate.
1032 3787 1183 3856 Quod
1210 3785 1424 3858 quidem
1452 3783 1638 3839 volens
1662 3783 1948 3839 ostendere
1966 3824 1983 3851 ,
2011 3783 2088 3838 sic
2116 3782 2253 3836 dixit
2280 3799 2295 3835 :

710 3882 894 3936 Annua
914 3888 1085 3934 nostra
1102 3880 1230 3932 sicut
1249 3887 1602 3946 passererepta
1622 3884 1693 3929 est
1707 3873 1772 3928 de
1790 3874 1968 3945 laqueo
1987 3874 2295 3928 venantium.

713 3973 766 4026 7.
797 3971 1029 4045 Laqueus
1053 3970 1299 4025 contritus
1321 3977 1415 4034 est,
1444 3976 1495 4022 et
1516 3983 1610 4022 nos
1633 3966 1833 4021 liberati
1856 3982 2048 4021 sumus.
2094 3966 2299 4023 Deinde

713 4064 1002 4118 ostendens
1026 4063 1185 4117 etiam
1215 4061 1481 4131 quomodo
1502 4102 1517 4126 ,
1546 4059 1820 4129 subiunxit
1840 4102 1857 4122 .
1886 4060 1940 4115 8.
1970 4059 2297 4127 Adjutoriutn

714 4163 940 4209 nostrum
973 4154 1028 4206 in
1054 4153 1256 4233 nomine
1280 4151 1509 4215 Domini,
1534 4150 1621 4219 qui
1648 4151 1766 4221 fecit
1806 4149 1983 4203 ctelum
2013 4162 2060 4203 et
2089 4159 2295 4204 terram.

718 4245 906 4301 Vidisti
944 4244 1275 4299 auxiliatoris
1299 4241 1585 4297 virtutem?
1612 4240 1789 4296 vidisti
1823 4242 2152 4312 potentiam?
2182 4240 2298 4313 Ipsa

713 4335 876 4392 etiam
901 4334 1207 4390 insidiarum
1235 4332 1555 4387 adminicula
1576 4330 1809 4386 sustulit.

790 4428 1008 4497 Quantis
1042 4443 1135 4482 nos
1173 4426 1379 4481 auxiliis
1435 4422 1728 4479 instruxerit
1752 4423 1889 4480 Deus
1918 4425 2154 4480 adversus
2182 4426 2300 4479 dia-

715 4522 925 4584 bolum;
950 4520 1035 4587 qui
1060 4519 1118 4588 fit
1147 4520 1210 4573 ab
1245 4519 1355 4587 ipso
1393 4532 1486 4571 nos
1521 4526 1685 4571 tamen
1714 4517 1865 4570 uinci.
1892 4545 1964 4557 —
1994 4516 2105 4571 lloc
2140 4517 2298 4571 etiam

716 4611 1003 4681 anagogice
1031 4610 1297 4678 acceperit
1333 4608 1594 4679 quispiam
1636 4609 1704 4663 de
1739 4609 1953 4665 diabolo
1978 4652 1993 4673 ,
2040 4619 2094 4664 et
2118 4609 2186 4665 de
2210 4624 2302 4679 gen

718 4716 849 4756 nere
878 4700 1172 4754 hominum.
1204 4698 1448 4754 Ostendit
1482 4700 1680 4771 quippe
1722 4699 1993 4770 quomodo
2019 4701 2296 4769 eripuerit,

718 4807 773 4845 et
798 4784 913 4861 ejus
943 4789 1214 4844 sustulerit
1249 4790 1468 4857 insidias
1500 4809 1513 4846 :
1550 4790 1653 4847 hoc
1696 4794 1839 4846 enim
1886 4791 2079 4847 factum
2113 4800 2195 4847 est
2233 4808 2298 4847 ex

717 4895 824 4947 quo
843 4880 977 4934 dixit
998 4880 1274 4951 discipulis
1305 4900 1318 4934 :
1350 4880 1615 4935 Ambulate
1641 4899 1793 4951 super
1815 4893 2067 4953 serpentes
2088 4892 2137 4938 et
2162 4899 2301 4937 scor-

714 4970 909 5036 piones,
937 4979 983 5023 et
1001 4986 1152 5040 super
1170 4988 1365 5025 onmem
1388 4983 1679 5042 potestatem
1700 4972 1886 5025 inimici
1904 4971 2052 5044 (Luc.
2080 4974 2162 5027 lO.
2185 4973 2297 5043 l9).

721 5061 832 5114 Non
860 5062 1000 5116 enim
1035 5070 1118 5116 est
1144 5062 1370 5132 amplius
1392 5072 1638 5133 apertum
1665 5063 1858 5117 bellum
1880 5106 1896 5129 ,
1924 5080 2025 5119 uec
2050 5078 2301 5134 ermque

721 5151 975 5206 instructa
1014 5152 1155 5206 acies
1180 5170 1195 5217 ;
1240 5153 1330 5206 sed
1356 5154 1444 5209 ille
1472 5153 1685 5223 quidem
1704 5154 1845 5223 jacet
1871 5170 2069 5224 pronus
2093 5164 2147 5209 ct
2178 5170 2301 5225 pro~

719 5241 992 5305 cumbens,
1027 5253 1077 5297 tu
1096 5255 1269 5299 autem
1300 5256 1411 5301 stas
1435 5259 1663 5311 erecuts,
1686 5262 1749 5301 ex
1776 5248 1883 5300 alto
1910 5263 2031 5305 eum
2064 5247 2296 5302 feriens:

721 5339 811 5393 ille
852 5336 1065 5405 quidem
1107 5350 1427 5405 enervatus,
1480 5350 1535 5392 lu
1564 5354 1694 5392 vero
1721 5339 1967 5394 robustus
1995 5349 2049 5395 et
2072 5340 2297 5393 validus.

721 5429 819 5493 Qui
841 5428 898 5482 tit
916 5443 1044 5499 ergo
1063 5438 1122 5483 ut
1145 5444 1287 5499 saepe
1313 5431 1526 5486 vincat?
1555 5430 1669 5485 Hoc
1699 5430 1749 5483 tit
1776 5446 1839 5486 ex
1860 5440 2037 5486 nostra
2070 5432 2296 5502 ignavia,

781 5605 856 5727 se;
886 5607 971 5654 Itie
994 5607 1239 5677 interpres.
1258 5604 1366 5672 quis
1386 5610 1450 5658 sit
1479 5611 1742 5719 Ἦυοωωικ

807 5664 835 5713 b
888 5672 997 5717 tunc
1022 5672 1359 5727 interpretatio
1384 5678 1460 5720 est
1528 5672 1691 5727 quiia,
1715 5685 1742 5720 υ

764 5664 856 5735 ,(6)
888 5672 997 5717 ttzcc
1022 5664 1359 5735 interpretatio
1384 5678 1460 5720 est
1484 5664 1691 5734 Iqulltc,
1715 5678 1769 5720 ut
1804 5674 1851 5722 in
1874 5674 2101 5735 Hexaplis
2124 5675 2301 5723 nostris

731 5730 898 5806 fidite
920 5736 1011 5806 est.
1042 5734 1091 5780 In
1114 5735 1261 5806 savii.
1292 5734 1472 5806 desunt
1497 5730 1576 5805 hic
1598 5749 1758 5806 voces.
1783 5730 2171 5802 tanqumn'aqum
2214 5750 2302 5806 tm;

731 5803 787 5834 ut
809 5788 993 5852 ὕδατα),
1016 5807 1123 5862 quas
1147 5801 1307 5843 tamen
1338 5798 1413 5844 hlt‘
1439 5788 1771 5858 requiruntur.

1436 381 1501 436 S.
1539 370 1815 435 JOANNIS
1849 359 2327 426 οιικῖεοςτοδιι
2364 357 2680 417 ARCHIEP.
2721 349 3254 413 CONSTANTINOP.

3859 348 3984 407 επ

2371 487 2434 528 es
2466 469 2709 527 socordia
2738 483 2926 526 eorum
2955 468 3045 540 qui
3082 466 3379 523 dormiunt.
3420 464 3478 521 Si
3506 463 3637 520 velis
3672 465 3852 535 itaque
3877 479 3987 514 ιιι--

2370 564 2588 623 sistere.
2641 576 2748 616 non
2792 560 2954 615 audet
2990 569 3165 614 tecum
3205 557 3461 612 instructa
3491 555 3607 610 acie
3643 554 3975 628 conﬂigere.

2370 652 2523 721 Quod
2552 654 2595 708 si
2621 651 2782 707 vincit
2825 649 3217 717 dormientem,
3267 648 3322 705 id
3349 661 3455 703 non
3495 647 3640 703 illius
3679 647 3979 719 ptncutbc,

2371 745 2467 800 sed
2495 754 2598 799 tuac
2627 741 2962 799 tribuendum
2985 751 3070 797 est
3098 741 3456 812 negligentiae.
3503 739 3635 809 Quis
3659 740 3805 795 enim
3831 739 3976 795 dor-

2370 836 2627 891 mientem
2656 849 2763 889 non
2790 834 3015 899 vicerit,
3044 832 3146 888 etsi
3173 832 3244 887 sit
3271 831 3511 887 omnium
3542 829 3977 886 imbecilliores!

2376 926 2634 996 Alligatus
2662 932 2745 980 est
2768 922 2951 989 fortis,
3002 921 3385 992 impedimenta
3407 921 3527 991 ejus
3549 921 3730 977 omnia
3751 921 3978 992 direpta

2374 1024 2499 1071 sunt
2522 1056 2536 1081 ,
2560 1017 2723 1072 fracta
2748 1024 2834 1070 est
2862 1015 3119 1085 potentia,
3154 1023 3368 1085 ruptum
3389 1024 3475 1071 est
3496 1028 3559 1070 ac
3577 1013 3815 1069 dirutum
3844 1014 3983 1085 ejus

2371 1097 2731 1163 'habitaeulum
2752 1146 2767 1170 ,
2812 1104 3035 1160 framea
3060 1105 3177 1175 ejus
3202 1104 3536 1161 defecerunt.
3587 1102 3728 1173 Quid
3764 1105 3847 1159 vis
3880 1105 3985 1159 his

2372 1200 2640 1271 amplius?
2689 1212 2792 1269 qua
2850 1197 2921 1253 de
2978 1211 3139 1253 causa
3177 1212 3300 1252 eum
3344 1197 3545 1252 times?
3584 1212 3684 1253 cur
3722 1197 3989 1253 vereris?

2374 1288 2566 1344 Jussus
2592 1303 2651 1344 es
2678 1288 2998 1344 conculcare
3022 1302 3169 1355 eum,
3199 1290 3290 1359 qui
3319 1296 3403 1343 est
3423 1297 3708 1343 enervatus
3737 1306 3752 1341 :
3779 1303 3986 1358 quam-

2375 1379 2562 1435 obrem
2582 1419 2599 1445 ,
2626 1376 2743 1445 dic,
2770 1391 2955 1448 quaso
2974 1417 2991 1443 ,
3033 1377 3447 1437 contremiscis?
3489 1392 3587 1433 cur
3605 1379 3875 1433 cunctaris
3907 1391 3988 1432 ac

2375 1468 2625 1524 dubitas?
2678 1471 2873 1523 Annon
2919 1468 3125 1539 cogitas
3152 1467 3328 1538 qualis
3353 1468 3423 1524 sit
3448 1469 3540 1539 qui
3570 1467 3663 1524 tibi
3694 1468 3794 1526 fert
3818 1469 3989 1524 auxi-

2378 1558 2551 1614 lium?
2591 1557 2707 1615 Non
2755 1560 2928 1615 solum
2953 1559 3096 1615 enim
3127 1558 3299 1615 hostis
3326 1568 3447 1615 tuus
3486 1560 3656 1616 factus
3686 1571 3769 1616 est
3796 1561 3984 1616 imbe-

2378 1649 2597 1705 cillior:
2628 1649 2724 1705 sed
2764 1648 2929 1704 etiam
2978 1658 3125 1704 tuum
3173 1648 3346 1719 majus
3370 1659 3454 1704 est
3482 1650 3756 1706 auxilium.
3801 1649 3984 1707 Cont-

2382 1757 2566 1813 pressa
2584 1751 2669 1798 est
2691 1740 2868 1797 carnis
2887 1741 3193 1808 exsultatio,
3216 1743 3421 1812 peccati
3439 1742 3614 1799 ablata
3634 1753 3718 1799 est
3735 1744 3987 1809 sarcina.

2381 1833 2604 1903 gratiam
2629 1831 2860 1902 Spiritus
2888 1833 3175 1902 accepisti,
3202 1848 3324 1904 qua:
3363 1833 3523 1889 habet
3547 1834 3655 1890 vim
3678 1836 3976 1891 unctionis.

2385 1924 2524 1981 Nam
2542 1916 2679 1999 quod
2700 1926 3010 1994 impossibile
3032 1939 3141 1980 erat
3169 1926 3267 1997 legi
3284 1966 3301 1991 ,
3331 1926 3385 1979 in
3410 1941 3510 1994 quo
3532 1936 3641 1981 erat
3664 1927 3988 1982 imbecillum

2384 2033 2476 2087 per
2503 2032 2705 2071 carnem
2724 2058 2741 2084 ,
2773 2016 2911 2072 Deus
2956 2016 3111 2072 misso
3152 2032 3244 2072 suo
3275 2015 3410 2072 Filio
3429 2017 3485 2071 in
3509 2018 3839 2075 similitudine
3860 2036 3990 2073 car-

2384 2109 2464 2163 uis
2507 2108 2739 2179 peccati,
2783 2118 2832 2162 et
2870 2109 2935 2163 de
2980 2119 3186 2179 peccato
3230 2109 3581 2165 condemnauit
3624 2122 3879 2181 peccatum
3924 2115 3986 2167 in

2384 2214 2538 2252 carne
2556 2238 2573 2263 ,
2600 2208 2655 2253 ut
2674 2198 2982 2270 justiﬁcatio
3006 2200 3133 2270 legis
3161 2199 3453 2271 impleretur
3474 2200 3529 2255 in
3554 2201 3699 2256 nobis
3715 2242 3733 2269 ,
3756 2203 3844 2273 qui
3870 2220 3984 2258 non

2386 2289 2662 2344 secundum
2692 2306 2897 2344 carnem
2921 2290 3241 2345 antbttltmus
3268 2289 3445 2359 (Rom.
3469 2291 3521 2348 8.
3551 2294 3606 2349 3.
3633 2292 3715 2365 4).
3740 2295 3983 2351 Carnem

2388 2379 2515 2438 fecit
2537 2382 2629 2438 tibi
2649 2382 2991 2453 morigeram,
3018 2397 3167 2437 arma
3191 2382 3287 2437 tibi
3317 2382 3557 2448 donavit,
3588 2384 3861 2441 thoracem
3886 2386 3987 2456 ju-

2389 2473 2548 2528 stitiaa
2569 2514 2586 2539 ,
2612 2472 2883 2544 cingulum
2913 2472 3188 2538 veritatis,
3226 2473 3434 2543 galeam
3472 2473 3692 2540 salutis,
3733 2476 3987 2546 clypeum

2390 2562 2536 2628 ﬁdei,
2561 2563 2796 2636 gladium
2831 2564 3085 2636 Spiritus,
3111 2564 3326 2621 arrbam
3352 2564 3520 2631 dedit,
3548 2581 3774 2639 corpore
3797 2583 3898 2624 suo
3928 2577 3989 2624 te

2392 2656 2578 2723 nutrit,
2594 2656 2905 2727 sanguinem
2919 2671 3075 2713 suum
3091 2655 3186 2712 tibi
3202 2656 3488 2713 bibendum
3508 2659 3751 2730 porrigit,
3764 2674 3983 2717 crucem

2392 2749 2487 2805 tibi
2522 2759 2795 2820 tamquam
2844 2748 3083 2806 lanceam
3127 2748 3181 2805 in
3224 2763 3415 2805 manus
3439 2750 3655 2806 tradidit
3680 2750 3891 2824 (Epita.
3925 2752 3983 2808 6.

2394 2841 2481 2897 14.
2506 2836 2704 2912 θείη),
2752 2842 2989 2896 lanceam
3031 2857 3151 2912 qua:
3198 2857 3484 2913 numquam
3518 2841 3793 2899 ﬂectitur:
3834 2844 3988 2900 illum

2394 2935 2649 3006 alligavit,
2682 2932 2826 2987 humi
2851 2933 3091 3002 proiecit.
3119 2932 3234 2988 Non
3257 2933 3423 2988 habes
3442 2933 3622 3005 itaque
3636 2950 3743 3005 quo
3764 2943 3818 2990 te
3836 2935 3990 2991 dein.

2394 3046 2523 3100 ccps
2546 3029 2801 3086 defendas
2819 3069 2835 3094 ,
2862 3028 2908 3083 si
2936 3028 3166 3082 vincaris
3195 3044 3209 3081 :
3237 3036 3294 3082 et
3322 3027 3365 3081 si
3397 3027 3728 3098 proﬂigcris,
3770 3045 3873 3084 non
3901 3041 3991 3085 est

2396 3123 2490 3178 tibi
2516 3121 2690 3177 danda
2720 3121 2896 3176 venia.
2928 3118 3104 3175 Habes
3130 3116 3273 3174 enim
3306 3118 3615 3175 innumeras
3634 3120 3869 3176 victoria:
3886 3136 3990 3176 att-

2395 3228 2505 3273 sas.
2527 3213 2764 3287 Laqueus
2788 3212 3035 3267 contritus
3060 3220 3153 3278 est,
3182 3211 3373 3281 inquit,
3391 3221 3438 3265 et
3454 3227 3546 3265 nos
3566 3212 3764 3266 liberati
3786 3229 3984 3269 unius.

2397 3306 2724 3377 Adjutoriuns
2749 3313 2979 3359 nostrum
3006 3304 3061 3357 in
3084 3302 3287 3357 nomine
3311 3301 3526 3357 Domini
3551 3304 3639 3372 qui
3662 3307 3779 3376 fecit
3803 3306 3986 3367 celum

2396 3408 2442 3453 et
2470 3409 2675 3452 terram.
2718 3395 2880 3451 Vides
2899 3394 3111 3466 qualem
3139 3394 3307 3473 babes
3341 3394 3742 3464 imperatorem,
3770 3397 3985 3467 qualem

2398 3490 2632 3561 Regem,
2662 3503 2784 3543 enm
2811 3488 2902 3559 qui
2931 3495 3015 3541 est
3056 3485 3290 3541 universi
3314 3484 3502 3555 Opiter
3525 3527 3540 3553 ,
3568 3501 3691 3542 eum
3732 3489 3822 3558 qui
3867 3488 3986 3543 solo

2398 3580 2563 3636 verbo
2594 3589 2673 3634 tot
2696 3593 2923 3648 corpora
2951 3577 3232 3647 produxit,
3287 3584 3486 3631 tantam
3513 3578 3708 3633 molem
3732 3619 3749 3643 ,
3784 3587 3985 3635 tantam

2400 3669 2855 3744 magnitudinem?
2883 3668 2961 3733 Ne
2984 3669 3217 3724 animum
3236 3666 3486 3723 demittas
3504 3707 3519 3732 ,
3553 3667 3675 3723 forti
3699 3670 3876 3723 animo
3898 3684 3988 3724 re-

2400 3765 2580 3819 sistas.
2638 3761 2781 3817 Nihil
2855 3769 2999 3817 vetat
3042 3758 3329 3830 quominus
3374 3767 3632 3829 tropseutn
3683 3767 3831 3815 tuum
3880 3769 3987 3817 stet

2400 3864 2659 3910 erectum.
2693 3852 2819 3908 Haec
2842 3867 2970 3923 ergo
2999 3865 3120 3906 cum
3143 3850 3375 3904 sciamus
3394 3892 3410 3917 ,
3437 3863 3472 3904 ο
3496 3848 3672 3905 dilecti
3691 3892 3705 3912 ,
3729 3850 3889 3905 sobrii
3911 3853 3987 3906 si-

2401 3962 2521 4001 mus
2537 3988 2552 4013 ,
2582 3952 2954 4000 concertemus
2977 3983 2993 4009 ,
3030 3956 3132 3998 na:
3156 3939 3487 3995 dormiamus
3508 3982 3524 4005 ,
3571 3940 3669 3996 sed
3692 3956 3811 3997 cum
3836 3956 3984 3996 arma

2400 4039 2828 4101 absterserimus,
2848 4036 3118 4107 animique
3132 4035 3462 4090 alacritatem
3472 4034 3982 4100 confirmat-erimus,

2403 4134 2615 4191 hostem
2666 4131 2881 4188 assidue
2925 4129 3212 4194 feriamus,
3255 4136 3315 4183 ut
3336 4142 3458 4184 cum
3485 4129 3794 4197 praeclaram
3821 4127 3984 4182 vieto-

2403 4226 2537 4280 riam
2556 4222 2917 4287 retulerimus,
2937 4236 3058 4275 cum
3087 4235 3275 4290 magna
3297 4219 3467 4290 gloria
3488 4234 3708 4290 regnum
3734 4220 3983 4274 caelorum

2402 4330 2793 4386 consequamur
2816 4332 2829 4369 :
2856 4312 2996 4383 quod
3028 4312 3182 4366 nobis
3208 4311 3365 4366 detur
3387 4310 3597 4380 assequi
3622 4311 3788 4379 gratia
3814 4319 3867 4364 et
3893 4308 3984 4363 be—

2405 4409 2661 4479 nignitate
2702 4407 2909 4460 Domini
2938 4406 3103 4459 nostri
3147 4404 3274 4458 .lesu
3318 4402 3557 4467 Christi,
3610 4402 3693 4456 cui
3738 4400 3903 4471 gloria
3928 4411 3983 4455 et

2405 4492 2682 4570 imperium
2715 4498 2766 4552 in
2795 4496 2988 4552 saecula
3018 4494 3359 4550 smculorum.
3384 4495 3575 4548 Amen.

2844 4628 2910 4683 IN
2950 4626 3269 4683 PS.\LMUM
3307 4625 3543 4682 CXXIV.

2511 4746 2563 4800 i.
2600 4742 2700 4810 Qui
2728 4743 2990 4812 conﬁdunt
3014 4743 3068 4794 in
3096 4717 3315 4795 Domino
3337 4780 3352 4804 ,
3383 4740 3514 4795 sicut
3544 4756 3688 4793 mons
3714 4739 3863 4794 Sion.

2479 4862 2529 4916 Ι.
2560 4858 2698 4927 Quid
2724 4857 2824 4911 sibi
2852 4858 2967 4913 vult
2987 4854 3189 4910 additio
3223 4854 3349 4909 Sion
3368 4856 3394 4908 !
3420 4870 3519 4911 cur
3544 4855 3688 4909 enim
3717 4869 3824 4909 non
3854 4853 3979 4910 dtxit

2404 4954 2644 5012 absolute
2663 4997 2679 5021 ,
2709 4955 2855 5010 Sicut
2885 4969 3028 5007 mons
3048 4992 3061 5015 ,
3092 4950 3184 5004 sed
3220 4951 3364 5005 illius
3391 4950 3591 5005 montis
3619 4949 3891 5003 meminit?
3916 4950 3978 5006 lit

2405 5050 2590 5104 doceat
2622 5063 2727 5103 non
2756 5045 2953 5101 debere
2994 5058 3094 5098 nos
3125 5043 3360 5098 animum
3409 5042 3645 5112 dejicere
3674 5042 3726 5097 in
3766 5044 3978 5099 calauti-

2407 5142 2637 5206 tatibus,
2680 5154 2783 5193 nec
2824 5138 2893 5193 ab
2930 5136 2995 5190 iis
3026 5123 3390 5206 pessumdari,
3420 5134 3515 5191 sed
3549 5149 3580 5189 a
3606 5151 3702 5204 spe
3743 5136 3793 5191 iu
3823 5136 3977 5191 Deum

2407 5235 2700 5304 pendentes
2719 5273 2734 5295 ,
2759 5234 2935 5286 omnia
2966 5228 3108 5285 ierre
3131 5228 3359 5293 itu-liter,
3396 5229 3569 5294 bella,
3600 5244 3802 5300 pugnas
3824 5241 3874 5285 et
3901 5240 3977 5286 tu.

2406 5326 2621 5379 multus.
2674 5320 3131 5393 Quemadmodum
3176 5323 3318 5374 enim
3364 5320 3451 5376 hic
3498 5335 3653 5375 mons
3683 5321 3772 5393 qtti
3816 5320 3977 5377 fuerat

2406 5416 2725 5486 quandoque
2771 5414 3054 5477 desertus,
3101 5423 3151 5467 et
3203 5412 3432 5468 nudatus
3471 5412 3976 5479 babitatoribus,ad

2407 5510 2635 5580 priorem
2662 5506 2895 5562 redierat
2924 5507 3353 5575 prosperitatem,
3386 5506 3548 5561 veteri
3575 5515 3717 5561 statu
3746 5516 3973 5580 recepto,

2403 5618 2524 5658 cum
2571 5602 2757 5657 incola:
2800 5599 3118 5667 rediissem,
3162 5609 3217 5655 et
3246 5600 3499 5655 miracula
3530 5615 3715 5656 rursus
3739 5602 3975 5657 ostende-

2404 5703 2587 5749 rentur
2617 5711 2631 5747 :
2661 5694 2729 5747 ita
2761 5693 2923 5747 etiam
2951 5693 3032 5748 vir
3057 5691 3242 5759 fortis,
3272 5691 3395 5747 licet
3419 5691 3487 5747 ab
3517 5692 3823 5749 innumeris
3840 5694 3973 5748 inva-

2407 5788 2560 5843 datur
2597 5787 3016 5854 calamitatibus,
3050 5802 3153 5842 non
3182 5794 3473 5842 evertetur.
3518 5783 3595 5841 Ne
3624 5801 3751 5854 ergo
3773 5801 3969 5855 qttmras
