4154 6434
116 456 192 513 351
1231 450 1586 508 EXPOSITIO
1624 448 1690 505 ΙΝ
1719 449 2037 507 PSALMUM
2077 450 2306 509 CXXIV.

119 574 244 627 vitam
268 571 333 627 ab
355 572 615 627 omnibus
642 571 869 644 negotiis
895 580 952 625 et
977 568 1231 624 utrumuis
1258 578 1538 632 remotam,
1567 566 1662 621 sed

113 678 239 734 quam
257 662 471 717 minime
498 662 786 718 detrahant
804 661 1053 730 pericula.
1071 663 1171 715 Ars
1191 661 1330 715 enim
1349 676 1452 713 non
1473 658 1664 714 eodem

115 753 242 808 modo
263 753 590 816 ostenditur,
634 753 678 806 si
704 753 826 822 quis
861 751 914 805 in
946 761 1095 818 portu
1130 749 1349 816 sedeat,
1382 760 1438 805 et
1474 751 1517 804 si
1544 751 1664 819 quis

117 842 333 897 undosum
359 857 514 897 mare
539 843 884 897 transmittat.
914 841 1005 896 ille
1032 841 1172 896 enim
1201 841 1454 909 ignavus,
1485 839 1664 893 mollis

116 943 431 989 uenenatas
458 933 708 988 redditur
735 951 748 987 :
779 933 864 987 hic
886 943 1061 987 autem
1086 974 1102 997 ,
1142 931 1233 1001 qui
1273 933 1468 986 multas
1502 946 1664 1002 rupes

116 1021 156 1075 is
175 1024 286 1075 mari
310 1023 560 1088 latentes,
595 1024 799 1079 multos
837 1022 1082 1091 scepttlos
1107 1064 1122 1089 ,
1156 1023 1350 1076 multos
1378 1033 1657 1076 ventorum

113 1112 338 1180 impetus,
380 1123 436 1168 et
463 1113 573 1167 alia
602 1113 764 1167 maris
803 1113 1031 1182 pericula
1057 1113 1345 1178 sustinuit,
1379 1113 1432 1166 in
1473 1111 1662 1182 hisque

113 1206 320 1261 omnibus
340 1208 622 1271 excelluit,
651 1208 884 1259 animum
912 1221 1063 1260 suum
1088 1205 1379 1260 firmiorem
1411 1203 1660 1272 reddidit.

112 1295 155 1351 ln
181 1299 299 1352 hanc
319 1300 463 1352 enim
497 1299 664 1352 vitam
689 1297 954 1352 deductus
983 1311 1042 1353 es
1061 1337 1075 1360 ,
1108 1309 1215 1350 non
1247 1303 1306 1348 ut
1331 1294 1405 1349 sis
1435 1295 1659 1362 otiosus,

113 1404 188 1441 nec
209 1400 258 1442 ut
289 1391 361 1442 sis
387 1389 656 1459 abjcctus,
701 1403 800 1443 nec
826 1397 882 1442 ut
909 1387 1001 1442 tibi
1032 1386 1159 1444 nihil
1181 1385 1396 1441 adversi
1424 1387 1656 1452 eveniat,

113 1481 254 1534 sedul
283 1483 460 1551 gravia
510 1495 700 1546 passus
742 1480 938 1535 evadas
982 1478 1192 1532 clarior.
1236 1476 1312 1532 Ne
1338 1478 1564 1531 otiosam
1599 1491 1662 1532 ac

113 1571 346 1624 remissam
367 1607 384 1636 ,
427 1570 896 1638 voluptatibusque
925 1578 978 1623 et
1011 1567 1216 1622 deliciis
1255 1565 1468 1636 plenam
1498 1567 1661 1621 vitam

111 1676 388 1728 quantitas.
412 1662 532 1716 Non
554 1670 640 1716 est
663 1663 806 1716 enim
837 1662 932 1714 viri
959 1659 1131 1725 fortis,
1151 1659 1243 1715 sed
1270 1660 1444 1729 potius
1467 1660 1662 1715 vermis

112 1751 188 1803 huc
211 1751 550 1816 desiderium,
582 1751 722 1821 ejus,
750 1752 984 1820 inquam,
1019 1750 1194 1819 potius
1218 1750 1305 1818 qui
1331 1758 1414 1804 est
1438 1750 1660 1804 rationis

109 1855 295 1909 expers,
320 1858 482 1911 quam
516 1843 633 1909 ejus
663 1843 750 1911 qui
781 1851 864 1896 est
889 1841 1092 1895 ratione
1119 1839 1394 1910 prteditus.
1435 1837 1540 1894 Sed
1566 1853 1660 1894 ora

109 1931 283 1998 quidem
310 1933 551 1987 maxime
590 1940 648 1986 ut
676 1947 782 1986 non
814 1932 976 1986 intres
1008 1931 1060 1984 in
1088 1930 1433 1985 tentationem
1469 1947 1484 1982 :
1516 1928 1660 2000 quod

109 2022 207 2075 siin
230 2012 340 2077 eam
369 2004 696 2094 quandoque
735 2022 982 2077 incideris
1005 2062 1020 2088 ,
1063 2035 1131 2075 ne
1175 2035 1316 2089 aegre
1357 2018 1527 2082 feras,
1563 2033 1662 2074 nec

108 2112 402 2168 tmturberis
425 2154 443 2179 ,
492 2112 589 2167 sed
618 2111 701 2167 fac
727 2111 904 2167 omnia
929 2147 945 2179 ,
991 2121 1045 2165 ut
1077 2110 1272 2165 evadas
1300 2111 1512 2168 clarior.
1542 2109 1656 2166 Non

109 2200 222 2256 vides
265 2202 426 2258 fortes
458 2203 660 2257 milites
685 2243 699 2265 ,
749 2201 1016 2273 quomodo
1053 2210 1277 2257 vocante
1307 2201 1431 2256 tuba
1457 2210 1657 2270 tropaea

105 2293 356 2360 trajiciunt
374 2331 396 2360 ,
441 2294 717 2357 victorias,
745 2307 971 2348 coronas
993 2301 1047 2347 et
1072 2291 1301 2362 majores
1327 2305 1452 2346 suos
1478 2291 1566 2362 qui
1596 2306 1656 2348 se

103 2382 319 2446 praeclare
358 2383 687 2452 gesserunt?
732 2382 798 2436 Et
829 2391 882 2434 tu
908 2397 1036 2450 ergo
1061 2397 1181 2436 cum
1210 2381 1334 2436 tuba
1361 2381 1654 2450 spiritualis

102 2483 241 2538 sonat,
261 2483 335 2527 sta
355 2475 520 2529 leone
538 2473 828 2527 animosior
851 2491 864 2527 :
883 2473 994 2528 sive
1013 2473 1082 2526 sit
1109 2472 1263 2542 ignis,
1291 2472 1404 2528 sive
1428 2472 1649 2537 ferrum,

101 2561 358 2630 ingredere.
412 2553 604 2620 Sciunt
630 2563 713 2618 vel
757 2563 868 2632 ipsa
912 2563 1170 2618 elementa
1213 2577 1307 2618 eos
1330 2603 1345 2625 ,
1394 2563 1483 2633 qui
1526 2572 1654 2618 sunt

101 2653 232 2708 virilis
256 2655 450 2717 animi,
497 2655 756 2709 revereri.
796 2653 981 2708 Solent
1023 2653 1182 2707 etiam
1228 2652 1354 2707 ferte
1400 2662 1650 2708 strenuos

101 2742 214 2796 viros
231 2746 623 2812 pertimescere.
655 2744 908 2810 Quamvis
929 2758 1020 2798 eas
1044 2743 1231 2808 fames,
1260 2743 1502 2813 quamvis
1533 2743 1648 2814 ipsa

99 2840 250 2886 natura
265 2834 434 2888 irritet
452 2841 508 2888 et
533 2833 740 2900 eﬂ'eret,
766 2835 1001 2887 omnium
1028 2833 1410 2887 obliviscuntur
1432 2833 1647 2904 quando

96 2918 255 2987 justum
291 2924 561 2987 viderint,
611 2924 850 2992 iramque
878 2937 1026 2977 suam
1065 2923 1335 2988 cohibent.
1394 2923 1488 2978 His
1518 2939 1646 2994 ergo

96 3013 229 3066 armis
260 3014 521 3069 muniaris
540 3055 555 3079 ,
592 3022 648 3069 et
674 3016 852 3084 ignem
880 3028 986 3069 nou
1018 3014 1230 3069 timebis
1249 3055 1265 3080 ,
1293 3015 1420 3070 licet
1446 3015 1646 3071 videris

97 3097 326 3156 ﬂammam
350 3103 404 3158 in
426 3103 589 3158 caelos
617 3103 1013 3158 ascendentem.
1055 3097 1229 3159 Habes
1253 3103 1445 3159 fortem
1478 3113 1532 3159 et
1553 3119 1641 3174 ge~

96 3203 308 3245 nassum
349 3191 545 3248 ducem
569 3234 583 3258 ,
635 3193 725 3263 qui
755 3193 872 3248 solo
901 3202 1030 3247 nutu
1077 3203 1253 3264 potest
1291 3209 1642 3264 quascumque

95 3280 202 3334 mala
222 3293 339 3337 sunt
361 3294 416 3338 et
443 3283 622 3353 gravia
645 3283 854 3338 tollere.
881 3283 1024 3340 illius
1051 3292 1176 3338 sunt
1198 3286 1396 3355 omnia,
1426 3285 1637 3353 cadum,

96 3376 235 3439 terra,
261 3388 403 3429 mare
429 3415 444 3438 ,
479 3373 606 3429 fera:
642 3383 698 3428 et
728 3375 900 3445 ignis;
945 3385 1027 3429 est
1047 3375 1096 3430 ei
1122 3375 1431 3432 facillimum
1460 3377 1639 3432 omnia

97 3464 361 3530 transferre,
377 3480 444 3521 ac
469 3467 588 3521 loco
611 3481 829 3522 movere
847 3469 885 3522 ί.
915 3466 1188 3522 Undenam
1205 3483 1354 3538 ergo,
1377 3469 1464 3524 dic
1485 3469 1636 3535 mihi,

95 3564 235 3610 metus
265 3566 382 3612 tuus
420 3558 625 3612 oritur?
668 3558 786 3613 Non
811 3559 1022 3615 aliunde
1045 3570 1224 3627 certe,
1265 3577 1423 3632 quam
1449 3577 1514 3618 ex
1547 3572 1636 3618 tua

95 3642 263 3707 ignavia
281 3660 339 3704 et
362 3649 633 3705 socordia.
677 3651 863 3706 Nonne
901 3667 1045 3707 mors
1073 3662 1158 3708 est
1197 3654 1434 3709 omnium
1471 3656 1639 3710 malo-

96 3747 192 3788 rum
213 3737 470 3809 colopbon
486 3740 512 3792 τ
549 3733 706 3811 Διςυί
743 3755 806 3796 ea
837 3742 946 3811 ipsa
974 3757 1186 3813 quoque
1209 3753 1290 3798 est
1315 3754 1517 3800 natura:
1539 3746 1630 3800 de-

94 3825 244 3883 bitum.
268 3831 371 3887 Cur
393 3848 502 3889 non
529 3834 746 3903 satagis,
768 3844 830 3887 ut
849 3834 941 3888 tibi
967 3849 1031 3889 ex
1061 3835 1176 3904 ejus
1203 3836 1470 3892 solutione
1490 3853 1638 3907 qua:-

92 3919 422 3976 ttttsoriatur?
463 3920 519 3977 Si
553 3921 694 3976 enim
719 3922 820 3977 hae
846 3918 929 3976 via
955 3923 1089 3979 velis
1119 3923 1256 3978 nolis
1281 3925 1633 3982 incedendum

93 4019 186 4074 est,
223 4025 309 4067 cur
340 4025 449 4068 non
487 4028 608 4068 cum
649 4013 840 4069 luero?
892 4015 960 4070 At
995 4017 1137 4071 enim
1167 4026 1287 4087 post
1311 4019 1491 4088 gravia
1521 4028 1632 4074 tor-

94 4107 256 4165 menta,
281 4118 384 4158 non
411 4102 754 4172 temporaria,
771 4103 866 4159 sed
885 4119 1003 4175 qua:
1019 4105 1340 4176 voluptatem
1360 4108 1636 4176 praebeant

93 4187 244 4246 dolore
286 4194 565 4264 majorem.
621 4193 777 4262 Quod
826 4197 870 4249 si
914 4196 1032 4252 haec
1077 4198 1172 4254 tibi
1217 4198 1468 4255 videntur
1510 4215 1632 4256 esse

91 4281 253 4347 gravia,
289 4284 568 4340 considera
603 4299 698 4340 eos
723 4286 811 4354 qui
841 4286 1043 4356 absque
1064 4288 1175 4342 ulla
1207 4290 1452 4345 mercede
1475 4292 1632 4364 longe

92 4369 188 4425 tabe
207 4372 470 4441 laborant,
517 4375 608 4444 qui
634 4373 774 4431 fame
799 4385 1072 4445 perpetua,
1103 4379 1191 4448 qui
1231 4379 1632 4438 immedicabili-

89 4455 165 4512 δας
187 4468 236 4514 et
276 4462 445 4534 longis
483 4465 686 4520 morbis
729 4477 988 4522 vexantur
1010 4509 1025 4533 ,
1068 4479 1287 4538 propter
1323 4485 1458 4540 quos
1486 4488 1630 4544 scepe

91 4563 279 4609 mortem
319 4564 612 4626 optarunt:
643 4557 796 4612 multi
826 4559 986 4613 etiam
1033 4559 1086 4614 in
1132 4563 1294 4616 enses
1335 4563 1628 4631 irruerunt,

90 4643 209 4696 stulti
233 4647 388 4701 vitam
419 4647 606 4718 laqueo
636 4649 905 4704 finierunt.
951 4651 1150 4707 Caelum
1195 4662 1374 4710 autem
1417 4657 1510 4712 tibi
1546 4670 1629 4714 est

93 4738 399 4806 propositum,
427 4747 482 4794 et
508 4738 645 4796 bona
667 4756 788 4812 qua:
813 4743 1012 4797 suntin
1035 4743 1200 4810 caelis,
1219 4755 1398 4801 etnon
1427 4750 1628 4804 vereris

91 4835 168 4876 nec
201 4826 550 4894 perhorrescis
576 4845 698 4886 esse
722 4828 898 4886 mollis
929 4842 984 4888 et
1020 4833 1244 4904 ignavus
1265 4877 1280 4902 ,
1313 4837 1472 4906 idque
1504 4857 1625 4895 cum

91 4911 213 4968 talem
236 4917 424 4976 habeas
441 4919 778 4991 adiutorem?
806 4923 998 4977 Annon
1025 4923 1175 4980 audis
1199 4925 1514 4998 prophetam
1543 4931 1627 4985 di-

89 5014 293 5060 centem:
323 5009 423 5076 Qui
450 5011 713 5079 conﬁdunt
743 5012 797 5066 in
831 5012 1045 5068 Domino
1063 5055 1079 5081 ,
1117 5015 1250 5070 sicut
1284 5035 1429 5072 mons
1457 5020 1626 5075 Sion?

88 5088 216 5160 Spem
237 5099 479 5156 nimirum
509 5101 774 5172 significat
801 5103 853 5158 in
881 5103 1047 5158 Deum
1078 5105 1462 5165 immutabilem
1487 5153 1501 5176 ,
1536 5113 1626 5166 fir-

87 5193 255 5239 mamet
285 5200 636 5256 «instantem,
668 5192 1028 5250 invincihilem
1054 5205 1111 5251 et
1135 5197 1621 5277 inexpugnabilem.

86 5273 496 5338 Οιιεωιιιωούυω
521 5283 665 5338 enim
692 5284 899 5339 etiamsi
926 5286 1047 5356 quis
1083 5273 1501 5350 innumerabiles
1525 5295 1623 5350 ad-

89 5365 228 5422 hibeat
252 5373 551 5437 machinas,
596 5383 831 5430 montem
863 5391 960 5432 nec
999 5380 1322 5449 convellere,
1355 5398 1454 5441 nec
1478 5385 1624 5442 labe-

87 5449 245 5515 (λαυρ
287 5465 524 5534 poterit:
554 5465 627 5520 ita
668 5467 830 5522 etiam
869 5470 959 5540 qui
989 5485 1113 5526 eum
1153 5475 1492 5547 aggreditur,
1532 5481 1622 5550 qui

86 5559 201 5613 spent
224 5552 271 5607 in
295 5553 456 5610 Deum
481 5556 801 5627 collocavit,
844 5572 1147 5619 revertetur
1187 5567 1405 5624 domum
1435 5572 1617 5629 vacuis

86 5640 301 5699 mnibus.
340 5645 518 5704 lente
537 5649 680 5705 enim
711 5650 868 5720 longe
904 5662 988 5709 est
1015 5656 1180 5711 tutior
1201 5671 1324 5729 spes
1349 5659 1402 5716 in
1425 5661 1614 5720 Deum.

129 5814 308 5885 πειτα,
326 5825 488 5879 me
510 5831 774 5894 transferre
792 5839 837 5886 ct
859 5836 1082 5887 statuere.

3265 458 3369 520 353

1782 563 1904 620 Non
1923 569 2307 622 commovebitur
2324 570 2375 622 in
2397 577 2638 623 wternum
2659 571 2745 641 qui
2766 570 2955 641 habitat
2979 573 3030 625 in
3053 572 3362 631 Jerusalem.

1776 660 1926 714 Aiius
1969 661 2232 733 interpres
2269 662 2440 718 dicit:
2477 662 2856 720 Immutabitem
2884 667 2936 721 in
2961 678 3240 737 attat-num,
3277 673 3365 743 qui

1777 749 1968 802 habitat
1991 752 2127 804 circa
2151 749 2462 808 Jerusalem.
2494 754 2630 822 Quid
2653 758 2816 826 ergo?
2850 773 2955 812 non
2979 762 3255 829 commoti,
3282 763 3365 818 in-

1775 840 1907 908 quit,
1937 849 2061 894 sunt
2091 848 2202 896 tres
2229 843 2375 912 pueri
2401 852 2455 898 et
2480 843 2706 899 Daniel?
2749 847 2905 902 Absit
2932 863 2947 900 :
2981 863 3102 904 nam
3133 866 3162 905 a
3191 853 3364 921 patria

1774 930 1990 998 quidem
2017 923 2359 1001 exciderunt,
2385 934 2751 1007 captivitatem
2777 939 3178 1007 sustinuerunt;
3213 943 3364 999 nullo

1777 1030 1952 1076 tamen
1999 1032 2240 1092 tempore
2280 1027 2533 1080 commoti
2583 1037 2710 1082 sunt
2738 1047 2752 1081 :
2780 1029 2877 1085 sed
2923 1046 3044 1086 cum
3085 1043 3268 1090 essent
3310 1037 3362 1092 in

1777 1113 1918 1165 tanta
1956 1126 2136 1168 rerum
2167 1115 2567 1193 perturbatione
2591 1159 2606 1184 ,
2639 1129 2691 1174 et
2722 1128 2866 1176 tanta
2897 1121 3155 1180 ﬂuctuum
3181 1127 3368 1181 multi-

1776 1203 1977 1268 tudine,
2007 1218 2127 1258 cum
2151 1205 2370 1275 perinde
2399 1222 2464 1262 ac
2492 1218 2656 1278 petrae
2684 1211 3024 1280 insisterent,
3055 1223 3107 1270 et
3135 1215 3190 1271 in
3216 1224 3365 1272 tran-

1774 1293 1940 1362 quillo
1972 1303 2122 1362 portu
2153 1304 2391 1362 starent,
2423 1297 2568 1352 nihil.
2586 1313 2750 1369 grave
2779 1310 2870 1356 aut
2896 1317 3147 1373 asperum
3177 1320 3367 1362 sense-

1774 1390 1918 1434 runt.
1943 1382 2364 1439 Commotionem
2393 1395 2569 1440 autem
2597 1402 2664 1442 ne
2681 1403 2839 1444 voces
2855 1406 3032 1446 rerum
3054 1407 3230 1450 casus.
3247 1393 3363 1450 Non

1773 1480 1854 1526 est
1879 1473 2020 1527 enim
2051 1473 2152 1528 hoc
2175 1477 2464 1531 commotio
2488 1518 2503 1544 ,
2535 1478 2628 1532 sed
2656 1480 2849 1535 animae
2875 1480 3143 1552 interitus,
3175 1495 3230 1540 et
3251 1486 3364 1540 vir-

1775 1573 1941 1620 tutcm
1967 1565 2210 1621 amisisse
2234 1585 2246 1619 :
2275 1567 2414 1638 quod
2444 1570 2657 1639 quidem
2686 1586 2792 1626 non
2814 1573 2992 1628 evenit
3015 1574 3067 1630 in
3090 1577 3361 1646 periculis,

1773 1656 1838 1710 iis
1863 1657 1953 1724 qui
1984 1665 2109 1712 sunt
2144 1659 2308 1713 sobrii
2348 1671 2402 1714 et
2441 1662 2746 1730 sapientes,
2794 1663 2904 1718 imo
2945 1680 3073 1721 vero
3120 1669 3283 1724 tutius
3309 1679 3364 1724 et

1775 1745 1982 1803 firmius
2007 1762 2158 1803 suam
2200 1750 2475 1819 possident
2506 1752 2896 1824 philosophiam
2923 1757 3284 1829 clarioresque
3307 1769 3364 1816 et

1771 1837 2092 1895 illustriores
2113 1841 2363 1896 evadunt.
2405 1843 2555 1910 Quod
2583 1845 2626 1899 si
2659 1846 2736 1900 vis
2767 1847 2926 1917 etiam
2954 1851 3244 1921 anagogice
3271 1866 3364 1908 su-

1772 1944 1922 1984 mere
1955 1930 2083 1986 illud
2101 1973 2116 1998 ,
2154 1931 2270 1986 Non
2293 1934 2685 1988 connuovebitur
2712 1937 2763 1991 in
2793 1947 3033 1993 (sternam
3057 1943 3146 2012 qui
3169 1943 3363 1998 habitat

1768 2023 1822 2075 in
1845 2019 2170 2091 Jerusalem,
2206 2025 2449 2081 describe
2473 2027 2563 2081 tibi
2593 2037 2792 2106 sortem
2815 2043 3061 2099 superna:
3089 2043 3359 2106 metropo-

1770 2112 1854 2167 lis.
1906 2114 2007 2180 Qui
2054 2115 2197 2170 enim
2243 2117 2386 2172 illam
2431 2105 2789 2189 receperunt,
2833 2133 2962 2177 sunt
3001 2115 3070 2178 ab
3107 2105 3361 2182 omnibus

1767 2207 1987 2262 omnino
2012 2209 2224 2264 casibus
2249 2211 2400 2266 liberi
2434 2228 2448 2266 :
2478 2212 2615 2268 nihil
2645 2214 2756 2270 illic
2778 2215 2920 2286 quod
2957 2217 3077 2273 illos
3104 2219 3358 2289 supplan-

1769 2305 1876 2363 tet,
1905 2312 2011 2372 non
2038 2300 2374 2369 cupiditates,
2417 2318 2518 2359 nec
2544 2306 2874 2375 voluptates,
2905 2323 3006 2364 nec
3035 2312 3236 2380 peccati
3261 2327 3356 2368 oc-

1763 2392 1931 2457 casio,
1979 2407 2086 2447 non
2127 2392 2300 2471 dolor,
2336 2400 2441 2450 non
2469 2399 2710 2453 molestia
2736 2440 2750 2463 ,
2782 2415 2890 2455 non
2920 2403 3155 2471 pericula
3193 2423 3209 2460 :
3240 2406 3358 2464 hinc

1763 2482 1940 2536 omnia
1964 2481 2119 2553 longe
2143 2468 2389 2540 aberunt.
2417 2487 2472 2539 2.
2500 2485 2810 2554 Jerusalem,
2843 2468 3036 2548 montes
3063 2495 3117 2550 in
3141 2499 3356 2552 circuitu

1761 2571 1871 2641 ejus
1889 2612 1904 2637 ,
1943 2582 1990 2626 et
2016 2570 2263 2629 Dentium
2291 2577 2343 2628 in
2379 2577 2594 2632 circuitu
2624 2581 2805 2650 pepuli
2827 2583 2906 2637 sui
2926 2599 2990 2638 ea:
3017 2584 3113 2639 hoc
3141 2603 3276 2642 nunc
3302 2601 3353 2643 et

1759 2677 1918 2732 usque
1944 2662 1998 2716 iu
2030 2664 2290 2718 uocatum.
2320 2666 2422 2720 Per
2451 2666 2563 2722 haec
2589 2669 2803 2738 quidem
2833 2671 2961 2727 dicit
2988 2675 3178 2732 adesse
3199 2679 3356 2735 auxi-

1753 2751 1886 2814 ,lium
1911 2754 2108 2808 civitati
2133 2769 2198 2809 ex
2224 2754 2338 2826 ejus
2363 2757 2467 2812 situ
2493 2776 2506 2812 :
2537 2759 2632 2814 sed
2653 2775 2760 2815 non
2784 2764 3042 2831 permittit
3064 2775 3121 2821 ut
3140 2768 3188 2823 ei
3219 2784 3354 2824 eon-

1757 2843 1906 2911 fidat,
1925 2846 2019 2901 sed
2042 2863 2158 2903 eam
2178 2850 2244 2903 ad
2273 2850 2680 2922 inexpugnabile
2694 2853 3138 2926 erigitauxilium,
3159 2877 3354 2935 nempe
3412 2899 3415 2901 ›

1756 2935 1942 2990 Deum.

1823 3028 1878 3082 2.
1911 3029 2064 3098 Etsi,
2095 3031 2294 3103 inquit,
2321 3049 2440 3089 eam
2486 3045 2696 3094 montes
2735 3045 2977 3097 muniant
2999 3084 3014 3108 ,
3048 3044 3134 3099 illa
3168 3054 3345 3104 tamen

1752 3122 2085 3210 protectione
2107 3123 2302 3194 indiget
2329 3142 2342 3178 :
2369 3126 2420 3180 id
2446 3127 2587 3182 enim
2614 3143 2732 3184 eam
2764 3131 2938 3188 reddit
2961 3136 3349 3210 inexpugnabi-

1750 3207 1873 3263 lem.
1895 3209 2150 3295 Quocirca
2177 3213 2310 3269 alius
2329 3216 2404 3285 (a)
2419 3214 2628 3288 queque
2642 3220 2770 3276 dicit
2795 3221 3077 3295 interpres,
3100 3207 3350 3288 Dominus

1749 3301 1918 3345 autem
1945 3294 2082 3348 circa
2109 3298 2354 3368 pOputum
2375 3315 2540 3353 suum.
2564 3302 2674 3358 Hoc
2691 3314 2789 3371 est,
2813 3322 2879 3362 ne
2896 3294 3148 3368 conﬁdite
3163 3314 3345 3371 altitu-

1747 3379 1859 3473 dini
1887 3384 2168 3439 montium.
2197 3387 2346 3452 Quod
2376 3390 2518 3443 enim
2548 3397 2665 3446 eam
2700 3393 2826 3450 facit
2854 3398 3342 3473 inexpugnabilem,

1749 3472 1852 3528 hoc
1881 3483 1982 3542 est,
2016 3475 2069 3530 5.
2105 3476 2237 3544 Quia
2263 3496 2368 3564 non,
2388 3482 2632 3552 relinquet
2660 3484 2912 3544 Dominus
2936 3472 3131 3565 virgqnt
3160 3514 3342 3567 pecca-

1746 3574 1913 3620 torum
1953 3583 2106 3634 super
2132 3581 2312 3624 sortem
2339 3574 2618 3643 justorum.
2647 3575 2785 3633 Dicit
2819 3580 3021 3650 justam
3056 3587 3344 3657 quamdam

1746 3671 1959 3712 causam
1989 3659 2084 3715 Dei
2109 3663 2312 3729 auxilii,
2339 3673 2397 3718 ut
2422 3665 2495 3720 illi
2523 3669 2729 3736 possint
2755 3673 3046 3732 conlidere.
3079 3677 3338 3746 Quanam

1745 3760 1922 3804 autem
1943 3766 2004 3806 ea
2031 3752 2155 3807 est?
2179 3753 2295 3808 Non
2325 3758 2656 3827 permiserit,
2684 3761 2881 3834 inquit,
2913 3763 3051 3823 bona
3073 3769 3338 3840 justorutn

1745 3855 1864 3896 esse
1903 3842 1956 3897 in
2000 3845 2244 3902 manibus
2276 3859 2636 3916 peccatorum.
2672 3852 2783 3910 Hoc
2807 3871 2986 3914 autem
3012 3861 3180 3929 dixit,
3209 3881 3306 3927 sua

1743 3925 1880 3986 deus
1923 3943 1978 3988 ut
2017 3929 2348 3993 conﬁderent
2385 3939 2453 3995 de
2495 3941 2590 3996 Dei
2631 3946 2863 4015 auxilio,
2895 3957 2948 4005 et
2977 3960 3035 4006 ut
3063 3952 3116 4008 in
3145 3925 3342 4015 virtute

1745 4026 2111 4118 persisterent,
2135 4029 2179 4081 si
2208 4030 2410 4086 vellent
2435 4032 2534 4087 frui
2565 4048 2823 4106 perpetuo
2850 4040 2989 4098 illius
3013 4047 3215 4104 auxilio
3239 4093 3253 4118 ,
3285 4062 3340 4108 et

1742 4116 1880 4169 bona
1907 4131 2000 4171 sua
2032 4112 2232 4174 habere
2257 4121 2308 4174 in
2351 4138 2447 4178 sua
2473 4135 2755 4194 potestate.
2786 4130 2891 4188 Per
2915 4133 3033 4191 lucc
3070 4139 3216 4196 enim
3240 4112 3339 4198 os-

1743 4205 1914 4261 tendit
1941 4218 1996 4263 et
2021 4211 2440 4278 possessionem,
2468 4225 2522 4270 et
2548 4221 2888 4277 securitatem
2917 4225 2968 4279 in
2994 4227 3166 4285 libero
3189 4235 3338 4290 arbi-

1743 4299 1847 4353 trio
1872 4315 1991 4355 esse
2015 4303 2194 4356 sitam.
2232 4303 2445 4375 Virgam
2474 4309 2653 4364 autem
2699 4323 3039 4380 peccatorum
3067 4319 3155 4377 hic
3182 4335 3340 4382 vocat

1739 4407 1963 4461 regnum
1990 4391 2244 4449 hostium.
2275 4396 2428 4464 Quod
2456 4414 2586 4455 vero
2614 4400 2764 4466 dicit,
2787 4415 2872 4460 est
2899 4406 3164 4478 ejusmodi
3189 4431 3203 4468 :
3226 4431 3334 4472 non

1739 4482 1878 4536 siuet
1905 4492 1961 4536 ut
1989 4491 2207 4539 teneant
2233 4487 2582 4544 hereditatem
2603 4490 2894 4560 justorum.
2923 4497 3034 4554 Etsi
3062 4500 3204 4558 enim
3234 4504 3338 4563 hoc

1738 4572 1863 4629 fecit
1881 4575 1946 4629 ad
1977 4583 2205 4645 tempus,
2241 4575 2292 4632 id
2322 4577 2450 4634 fecit
2476 4595 2574 4650 pro
2603 4587 2956 4656 correctione,
2985 4593 3334 4664 castigatione

1736 4674 1794 4720 et
1829 4666 2213 4723 admonitione.
2246 4669 2314 4725 Ut
2343 4687 2446 4726 non
2487 4676 2758 4731 ostendant
2776 4680 2912 4748 justi
2947 4684 3020 4738 ad
3044 4686 3335 4756 iniquitates

1737 4773 1917 4811 manus
1959 4775 2099 4812 suas.
2131 4757 2283 4816 Alius
2312 4763 2414 4834 (ὁ),
2447 4755 2732 4835 Propterea
2775 4787 2878 4825 non
2906 4755 3182 4831 extendunt
3198 4781 3334 4850 justi

1735 4851 1805 4902 ad
1827 4850 2140 4920 iniquitate»:
2165 4870 2346 4909 manus
2374 4873 2510 4911 suas.
2545 4857 2770 4929 Propter
2786 4864 3076 4934 quidnam?
3103 4869 3333 4944 Propter

1736 4939 1788 4995 id
1817 4943 1958 5010 quod
1989 4942 2189 5000 dictum
2216 4954 2318 5012 est,
2347 4946 2614 5015 defendet,
2648 4951 2954 5023 ulciscetur,
2990 4957 3171 5016 hostes
3199 4939 3329 5034 pro-

1735 5029 1998 5098 pulsabit,
2022 5047 2223 5103 eosque
2269 5038 2492 5106 repellet
2529 5038 2598 5094 ab
2639 5056 2825 5098 eorum
2873 5029 3322 5114 possessionibus.

1733 5119 1894 5187 Quasi
1923 5118 2153 5187 diceret,
2182 5124 2432 5197 Castigati
2475 5132 2765 5201 tcntatioue
2786 5175 2801 5201 ,
2828 5145 2881 5190 et
2909 5137 3169 5197 bonorum
3193 5159 3329 5214 sup-

1734 5210 2058 5280 peditatione
2078 5209 2253 5273 effecti
2280 5220 2529 5276 meliores
2547 5264 2563 5288 ,
2589 5222 3006 5292 perseverabunt
3037 5233 3087 5288 in
3112 5209 3340 5302 virtute,

1733 5309 1788 5357 et
1814 5306 2061 5376 utrinque
2106 5309 2299 5364 eruditi
2329 5311 2516 5367 vitium
2555 5329 2663 5370 non
2689 5319 2972 5390 attingent.
3006 5322 3339 5385 Universum

1732 5412 1862 5468 ergo
1889 5409 2166 5470 propterea
2193 5402 2386 5458 factum
2413 5414 2530 5470 est,
2559 5415 2614 5462 ut
2640 5411 2818 5466 anima
2854 5427 3041 5469 eorum
3072 5418 3328 5476 reddatur

1731 5491 1943 5558 melior,
1971 5503 2025 5548 et
2048 5493 2210 5549 rebus
2235 5497 2454 5566 quidem
2483 5499 2727 5557 adversis
2747 5505 3046 5576 corrigatur
3062 5551 3080 5577 ,
3103 5525 3328 5569 conces-.

1729 5582 1806 5638 sis
1829 5591 2006 5638 autem
2035 5583 2189 5640 bonis
2218 5585 2309 5642 liat
2333 5590 2628 5660 promptior
2647 5603 2703 5647 et
2720 5592 2966 5651 alacrior.
2994 5599 3048 5654 4.
3070 5597 3322 5669 Benefac,

1796 5781 1871 5850 (ᾳ)
1903 5784 2019 5850 Quis
2039 5784 2104 5850 sit
2126 5783 2211 5850 ille
2233 5784 2361 5836 alius
2381 5786 2630 5850 interpres
2651 5792 2885 5842 nescitur.

1795 5844 1865 5907 (lt)
1899 5846 1981 5894 llic
2005 5847 2152 5896 etiam
2176 5848 2421 5910 interpres
2441 5844 2551 5912 quis
2572 5851 2637 5901 sit
2657 5853 2928 5914 ignoratur.
