4218 6430
796 436 905 491 ῧῖἱξ)

795 560 1036 618 nomine,
1068 551 1229 608 bouis.
1270 546 1418 604 Alim
1448 543 1529 615 (α)
1548 582 1565 608 ,
1591 537 1842 606 Betis/icio
1880 531 2073 602 confer.
2106 527 2169 583 Et
2219 524 2366 618 rectis

790 648 959 704 corde.
983 617 1038 701 5.
1067 641 1390 697 Declinautes
1408 644 1575 689 autem
1598 632 1651 685 in
1676 627 2002 698 obligationes
2019 620 2231 677 adducet
2263 617 2369 671 Do-

789 740 957 795 minus
989 751 1101 791 cum
1128 728 1449 803 operantibus
1470 724 1804 795 iniquitatem.
1834 715 1991 771 Vides
2030 712 2222 781 ubique
2248 707 2368 764 duci

788 849 824 891 ιι
854 832 1008 889 nobis
1035 827 1240 884 initium
1264 834 1318 880 et
1340 823 1601 879 bonorum
1628 808 2141 883 consequendorum,
2167 812 2224 860 et
2248 816 2367 857 sus-

793 924 1025 983 tinenda:
1080 933 1254 992 ptume
1279 917 1305 971 ?
1343 913 1595 982 Quamvis
1642 915 1820 963 autem
1864 918 1893 956 a
1939 898 2093 992 nobis
2133 902 2373 992 sumatur

794 986 1132 1089 principimn,
1154 1010 1231 1065 sic
1252 1018 1427 1063 tamen
1447 1004 1537 1059 Dei
1561 1012 1771 1089 quoque
1785 986 2372 1089 benignitatis-plurium

796 1076 889 1163 ina
915 1076 1159 1173 adulget;
1190 1097 1401 1170 profusa
1435 1076 1589 1150 enim
1607 1088 1834 1161 quadam
1860 1093 1916 1141 et
1938 1076 2256 1173 redundanti
2271 1091 2370 1173 co-

795 1199 885 1268 pia
907 1210 1004 1251 nos
1026 1169 1716 1248 vincitremunerationibus
1733 1197 1746 1231 :
1765 1188 1818 1235 et
1839 1179 1891 1231 in
1915 1173 2144 1247 peccatis
2160 1169 2373 1268 quidem

797 1262 1130 1343 moderatum
1157 1279 1378 1350 imponit
1402 1273 1739 1344 supplicium.
1766 1271 1815 1323 in
1842 1275 1989 1322 recte
2014 1274 2191 1319 autem
2222 1262 2375 1316 factis

796 1381 954 1450 longe
986 1374 1174 1444 majori
1204 1370 1448 1427 mercede
1483 1368 1665 1422 donat.
1690 1364 1885 1420 Rectus
1909 1374 2070 1431 porro
2109 1357 2196 1412 hic
2221 1362 2377 1410 vocat

796 1470 1097 1539 simplices,
1129 1480 1235 1521 non
1274 1463 1425 1519 (ictos
1446 1501 1461 1528 ,
1490 1460 1579 1531 qui
1610 1457 1742 1512 nihil
1783 1453 1979 1509 habent
2005 1450 2373 1506 adumbratum

795 1574 897 1619 nec
919 1560 1245 1616 simulatum.
1274 1554 1403 1610 Tale
1429 1553 1572 1607 enim
1598 1556 1682 1606 est
1702 1547 1843 1618 quod
1871 1555 2073 1601 rectum
2100 1552 2201 1604 est,
2233 1540 2374 1611 quod

798 1654 936 1710 Deus
957 1649 1153 1719 ubique
1177 1646 1407 1702 maxime
1436 1640 1676 1712 requirit.
1704 1638 1851 1694 Talis
1868 1645 1953 1691 est
1978 1634 2135 1689 etiam
2171 1632 2338 1685 virtus
2357 1669 2373 1695 ,

797 1755 989 1810 nempe
1016 1738 1171 1808 plana
1198 1744 1253 1791 et
1286 1732 1554 1803 expedita,
1584 1725 2027 1800 quemadmodum
2064 1720 2377 1791 improbitas

796 1841 880 1888 est
905 1830 1030 1902 quid
1061 1840 1388 1897 perversum,
1418 1822 1660 1885 varium,
1682 1827 1737 1874 et
1759 1816 1898 1888 quod
1934 1830 2040 1869 non
2069 1813 2228 1867 bahet
2256 1810 2378 1902 exi-

800 1936 912 1979 tum
931 1901 951 1976 7:
972 1930 1027 1976 et
1053 1918 1104 1973 id
1137 1925 1308 1989 potest
1333 1913 1497 1970 videri
1525 1928 1592 1969 ex
1616 1910 1775 1967 rebus
1815 1908 1960 1977 ipsis.
1992 1906 2121 1960 Nam
2150 1905 2239 1974 qui
2266 1901 2381 1956 vult

799 2011 1051 2075 mentiri,
1082 2020 1136 2066 et
1177 2010 1331 2063 dolos
1372 2018 1616 2067 struere,
1662 2002 1832 2072 cogita
1872 1999 2008 2068 apud
2058 2008 2109 2053 te
2152 2004 2282 2067 quot
2325 2003 2382 2051 ct

798 2112 992 2175 quanta
1033 2098 1369 2171 aggreditur,
1394 2102 1588 2166 quanta
1626 2104 1761 2162 opus
1804 2090 1960 2144 habet
2006 2088 2295 2153 varietate,
2326 2096 2383 2141 et

799 2198 1112 2268 quibusnam
1133 2193 1267 2247 lictis
1281 2188 1627 2253 orationibus,
1640 2192 1835 2255 quanto
1854 2180 2096 2246 artiﬁcio,
2114 2189 2168 2234 et
2186 2188 2380 2249 quanta

799 2284 1009 2342 dicendi
1027 2283 1287 2339 facultate.
1303 2280 1400 2349 Qui
1417 2287 1591 2334 autem
1609 2276 1738 2331 dicit
1750 2276 2043 2337 veritatem,
2058 2286 2161 2326 non
2174 2272 2376 2335 labore,

800 2391 906 2432 non
921 2375 1252 2438 dimcultate,
1265 2388 1372 2428 non
1384 2369 1738 2432 simulatione,
1752 2380 1857 2420 non
1869 2374 2002 2428 arte,
2016 2372 2104 2418 aut
2117 2362 2384 2417 machina—

803 2470 967 2532 tione,
986 2475 1075 2520 aut
1100 2465 1207 2519 ullo
1229 2465 1333 2518 alio
1359 2460 1615 2531 ejusmodi
1640 2457 1857 2527 indiget,
1873 2469 1991 2511 cum
2008 2470 2070 2508 ea
2086 2454 2194 2522 ipsa
2214 2467 2307 2522 per
2324 2466 2384 2507 se

806 2562 997 2614 luceat.
1021 2554 1480 2627 Quemadmodum
1509 2554 1651 2609 enim
1679 2549 1934 2607 deformia
1957 2563 2176 2617 corpora
2206 2545 2386 2600 multis

802 2647 1038 2704 artiﬁciis
1066 2656 1121 2702 et
1147 2645 1522 2715 integumentis
1546 2643 1805 2713 indigent,
1831 2656 1949 2711 qua:
1979 2648 2178 2695 uatum
2204 2637 2384 2692 defor-

805 2740 1045 2797 mitatem
1070 2747 1351 2809 contegunt
1380 2754 1393 2790 :
1425 2750 1541 2807 quae
1569 2744 1744 2789 autem
1772 2743 1960 2787 natura
1991 2729 2205 2799 pulchra
2237 2738 2382 2793 sunt,

803 2834 919 2904 ipsa
944 2848 1039 2903 per
1064 2847 1144 2898 se,
1172 2831 1271 2887 etsi
1298 2830 1428 2885 nihil
1452 2828 1781 2883 extrinsecus
1821 2823 2117 2889 advenerit,
2142 2821 2387 2891 resplen-

804 2924 929 2981 dent
953 2941 969 2978 :
998 2924 1067 2977 ita
1097 2923 1254 2976 ctiam
1277 2922 1329 2975 in
1352 2920 1573 2975 veritate
1596 2928 1651 2974 et
1691 2916 1996 2978 mendacio,
2028 2914 2079 2967 in
2108 2912 2303 2968 virtute
2331 2921 2386 2967 et

803 3015 935 3071 vitio
954 3013 1191 3069 invenire
1212 3024 1513 3082 possumus.
1541 3007 1695 3067 Unde
1716 3008 1918 3065 ciarum
1943 3014 2047 3069 est,
2076 3005 2237 3060 etiam
2262 3010 2386 3059 ante

806 3105 1119 3176 supplicium
1146 3105 1332 3159 vitium
1362 3104 1533 3172 ipsum
1564 3100 1879 3171 supplicium
1909 3097 2163 3167 inﬂigere,
2187 3106 2242 3151 et
2263 3106 2388 3150 ante

806 3195 1285 3252 remunerationem
1302 3194 1547 3248 virtutem
1564 3190 1907 3246 remunerari.
1927 3185 2384 3255 Quemadmodum

805 3285 949 3341 enim
976 3285 1066 3341 illa
1087 3284 1245 3339 habet
1268 3283 1322 3338 in
1350 3284 1522 3352 seipsa
1545 3281 1763 3351 praemia
1790 3280 1951 3335 etiam
1972 3288 2096 3334 ante
2124 3290 2382 3333 coronas:

808 3374 882 3433 ita
904 3376 1064 3431 etiam
1085 3374 1187 3430 hoc
1213 3388 1422 3444 pinnam
1451 3373 1506 3428 in
1536 3386 1595 3428 se
1618 3371 1873 3432 continet.
1900 3379 2182 3439 antequam
2204 3367 2389 3434 punia-

809 3476 914 3522 tur.
944 3464 1081 3533 Quid
1109 3465 1252 3521 enim
1278 3464 1446 3534 possit
1480 3476 1602 3520 esse
1632 3472 1847 3533 peccato
1870 3477 1988 3532 grai
2001 3461 2083 3516 ius
2108 3503 2124 3527 ,
2148 3460 2290 3532 quod
2319 3460 2385 3515 ad

808 3570 1023 3627 penam
1055 3554 1283 3609 attinet?
1304 3552 1561 3621 Quocirca
1588 3552 1782 3608 Paulus
1804 3567 2012 3623 quoque
2039 3566 2224 3607 eorum
2247 3565 2390 3607 men-

811 3650 1017 3708 tionem
1061 3646 1259 3701 faciens
1286 3686 1303 3710 ,
1345 3644 1435 3714 qui
1480 3643 1837 3700 meretriciam
1882 3653 2051 3700 artem
2095 3651 2384 3710 exercent,

808 3737 994 3797 ﬂorem
1020 3738 1191 3794 aetatis
1204 3738 1537 3806 prostituam
1557 3777 1574 3803 ,
1606 3744 1662 3792 et
1687 3746 1888 3793 natura;
1923 3735 2068 3807 leges
2104 3745 2384 3802 evertunt,

809 3828 944 3907 dixit
970 3829 1073 3883 hoe
1089 3807 1216 3885 ‘esse
1240 3829 1527 3884 maximum
1548 3829 1886 3900 supplicium,
1912 3828 2072 3885 etiam
2103 3838 2386 3898 antequam

810 3919 1115 3990 puniantur.
1147 3918 1368 3975 ﬂosculi
1393 3921 1557 3985 enim,
1586 3921 1785 3992 inquit,
1814 3921 1869 3975 in
1894 3920 2135 3975 masculis
2172 3920 2390 3989 turpitu-

810 4013 979 4067 dinem
1006 4021 1270 4081 operantes
1289 4054 1305 4077 ,
1327 4022 1375 4066 et
1402 4011 1678 4066 mercedem
1699 4053 1714 4078 ,
1742 4028 1893 4083 quam
1921 4012 2144 4080 oportuit
2161 4055 2180 4079 ,
2206 4012 2391 4067 erroris

811 4102 893 4157 sui
915 4103 969 4157 in
1005 4118 1057 4155 se
1085 4103 1380 4171 recipientes
1406 4101 1583 4175 (Rom.
1614 4103 1665 4156 Ι.
1690 4101 1786 4173 27)
1815 4120 1827 4156 :
1860 4102 2157 4159 mercedem
2186 4102 2389 4171 peccati

814 4191 918 4256 sui,
953 4192 1410 4260 intemperantiam
1438 4201 1491 4246 et
1520 4192 1690 4261 ipsum
1717 4199 1895 4247 actum
1919 4206 2134 4247 vocans.
2161 4191 2281 4245 Pas:
2302 4208 2391 4247 su-

814 4299 903 4353 per
917 4281 1100 4338 Israel.
1118 4283 1431 4338 Precatione
1449 4284 1708 4338 conclusit
1733 4282 2048 4339 orationem.
2068 4282 2224 4339 Tales
2246 4286 2388 4339 enim

815 4384 939 4429 sunt
967 4383 1270 4429 satietur-um
1299 4374 1490 4429 anima:
1514 4392 1528 4426 :
1552 4377 1671 4429 cum
1701 4374 2069 4430 adhortatione
2092 4384 2146 4429 et
2169 4374 2393 4429 consilio

816 4466 1074 4537 adjiciunt
1097 4467 1392 4521 orationem
1413 4507 1428 4532 ,
1454 4465 1784 4522 auditoribus
1822 4467 2112 4521 maximum
2154 4468 2395 4522 inuadu-

816 4566 1000 4615 centes
1022 4556 1301 4613 auxilium.

888 4649 1008 4704 Pax
1019 4658 1328 4705 sanctorum.
1348 4678 1420 4691 —-
1438 4649 1627 4705 Pacem
1647 4658 1822 4705 autem
1850 4649 1939 4705 hic
1954 4649 2102 4717 dicit,
2130 4665 2235 4706 non
2258 4650 2395 4705 hanc

817 4739 986 4796 solam
1006 4740 1282 4805 sensiiem,
1298 4740 1392 4796 sed
1409 4754 1525 4795 eam
1547 4741 1727 4808 etiam,
1747 4757 1865 4811 quae
1883 4754 1961 4797 est
1984 4742 2085 4798 hac
2112 4742 2393 4809 excelsior,

820 4837 877 4885 et
896 4830 1024 4885 dicit
1044 4828 1309 4885 uudenam
1333 4832 1620 4895 enascitur,
1645 4844 1866 4902 oratque
1886 4842 1942 4887 ut
1967 4834 2142 4889 anima
2168 4848 2288 4888 cum
2308 4849 2397 4889 se-

821 4918 931 4990 ipsa
970 4935 1075 4976 non
1113 4928 1323 4976 moveat
1364 4920 1680 4977 seditionem
1704 4962 1719 4987 ,
1753 4921 2210 4991 perturbationum
2233 4922 2397 4977 animi

820 5008 1017 5066 bellum
1043 5008 1294 5066 inferens.
1325 5010 1471 5066 Hanc
1498 5025 1597 5066 nos
1622 5026 1831 5082 quoque
1853 5027 2033 5081 pacein
2064 5027 2361 5083 quaeramus
2378 5052 2396 5080 ,

823 5110 882 5157 ut
909 5102 1167 5171 promissa
1190 5103 1329 5157 bona
1357 5104 1621 5172 possimus
1638 5105 1871 5174 assequi,
1888 5104 2055 5175 gratia
2080 5116 2133 5161 et
2160 5104 2399 5177 benigni-

822 5201 932 5249 tate
953 5191 1160 5247 Domini
1176 5192 1341 5248 nostri
1360 5192 1488 5249 Jesu
1503 5193 1717 5261 Christi,
1748 5196 1834 5251 cui
1857 5196 2023 5267 gloria
2045 5206 2098 5251 et
2119 5197 2399 5268 imperium

821 5281 878 5336 in
905 5282 1100 5337 saecula
1127 5282 1467 5340 saeculorum.
1496 5284 1690 5342 Amen.

886 5460 962 5527 (α)
991 5463 1079 5513 ille
1097 5465 1246 5516 «iam
1263 5466 1513 5529 interpres
1533 5468 1643 5532 quis
1662 5469 1727 5520 sit
1747 5468 1979 5520 nescitur.

1518 430 1577 485 8.
1611 420 1890 484 JOANNIS
1923 408 2395 474 CllltYSOS'I'OMl
2433 407 2746 466 ARCIIIEP.
2787 409 3309 468 CONSTANTINOP.

3953 409 4073 467 5&0

2934 525 3001 579 ΙΝ
3032 524 3353 582 PSALMUM
3384 523 3593 580 CXXV.

2473 658 2497 710 i
2572 656 2635 709 In
2678 657 3008 712 convertenda
3051 655 3301 711 Dominus
3346 656 3682 725 captivitatem
3734 656 3865 711 Sion
3882 694 3902 722 ,
3935 657 4071 727 [acri

2542 764 2717 802 sumus
2735 749 2860 802 sicut
2881 748 3142 802 consolati.
3168 748 3314 801 Alius
3334 753 3599 817 interpres
3617 750 3694 819 (ιι)
3711 747 3859 813 dicit,
3884 748 4072 815 Quan—

2545 840 2611 892 do
2659 838 2956 893 converterit
3003 836 3255 891 Dominus
3296 840 3637 909 captivitatem
3659 878 3676 905 ,
3703 839 3891 893 erimus
3938 854 4075 893 con-

2543 932 2715 987 soluti.

2547 1067 2601 1121 Ι.
2626 1065 2828 1121 Nomen
2848 1065 3163 1137 captivitatis
3187 1074 3271 1122 est
3292 1065 3509 1136 quidem
3537 1066 3589 1122 in
3618 1067 3911 1136 prolatione
3928 1068 4075 1122 sim-

2478 1158 2631 1229 plex,
2659 1156 2818 1212 habet
2844 1168 3023 1214 autem
3058 1157 3254 1212 multos
3292 1171 3502 1212 sensus.
3531 1157 3625 1212 Est
3649 1158 3790 1212 enim
3831 1166 3888 1214 et
3920 1157 4071 1214 bona

2475 1251 2787 1319 captivitas,
2810 1258 2867 1304 nt
2904 1248 3115 1320 quando
3160 1248 3289 1303 dicit
3336 1249 3565 1313 Paulus,
3595 1246 3913 1319 Captioantcs
3949 1264 4076 1303 om-

2476 1359 2588 1396 nem
2615 1341 2920 1396 intellectum
2951 1342 3002 1394 in
3033 1340 3286 1394 Christum
3313 1338 3388 1410 (2.
3414 1338 3533 1396 Cor.
3560 1340 3645 1396 10.
3676 1339 3754 1410 5).
3784 1341 3878 1395 Est
3896 1340 4068 1405 mala,

2477 1444 2533 1488 ut
2559 1432 2770 1503 quando
2795 1432 2924 1487 dicit
2952 1450 2964 1485 :
2999 1431 3232 1502 Captivos
3256 1431 3558 1486 abducentes
3585 1431 3911 1487 mulierculas
3940 1448 4075 1486 one-

2478 1535 2616 1577 ratos
2664 1524 2882 1594 peccatis
2909 1522 2983 1594 (2.
3010 1521 3145 1577 Tim.
3171 1522 3226 1578 5.
3253 1522 3335 1592 6).
3362 1522 3459 1576 Est
3485 1538 3605 1592 qme
3633 1523 3686 1576 in
3728 1534 3909 1579 mente
3937 1539 4072 1579 ver-

2478 1624 2643 1680 satur,
2676 1622 2734 1669 ut
2757 1614 2825 1671 de
2852 1629 2953 1684 qua
2982 1614 3127 1681 dicit,
3164 1612 3457 1668 Prtedicare
3482 1614 3693 1684 captivis
3719 1615 4074 1669 remissionem

2479 1706 2631 1778 (Isai.
2656 1709 2744 1762 6i.
2776 1708 2850 1779 ι).
2878 1708 2971 1762 Est
2994 1722 3113 1777 qute
3139 1707 3239 1762 sub
3265 1721 3481 1762 sensum
3506 1707 3664 1772 cadit,
3696 1715 3755 1762 ut
3779 1722 3899 1777 qua:
3917 1706 3984 1763 lit
4000 1708 4077 1763 ab

2480 1798 2739 1854 hostibus.
2764 1798 2915 1853 Prior
2937 1808 3113 1853 autem
3143 1809 3225 1852 est
3248 1801 3480 1868 gravior.
3508 1798 3606 1865 Qui
3637 1798 3777 1854 enim
3803 1808 4075 1868 ceperunt

2479 1892 2683 1959 aliquos
2704 1889 2824 1957 jure
2850 1890 2993 1956 belli,
3016 1890 3185 1959 captis
3205 1904 3349 1959 saepe
3378 1902 3618 1959 parcunt,
3636 1898 3691 1946 et
3714 1889 3758 1944 si
3787 1900 3875 1943 aut
3901 1904 4077 1960 aqua-

2482 1985 2547 2041 ri.
2574 1991 2662 2035 aut
2690 1981 2895 2049 lignari,
2925 1990 3015 2035 aut
3038 1995 3205 2051 equos
3234 1995 3455 2047 pascere
3476 1981 3736 2050 jusseriut
3755 1980 3798 2049 ¹,
3829 1982 4074 2036 animam

2481 2074 2698 2127 minime
2725 2072 2995 2129 laeserint:
3025 2073 3115 2142 qui
3159 2074 3359 2143 peccati
3401 2082 3580 2129 autem
3614 2074 3856 2143 captivus
3890 2073 4076 2130 factus

2481 2169 2595 2228 est,
2623 2160 2782 2215 habet
2821 2177 3020 2216 stevum
3056 2172 3110 2217 et
3154 2162 3437 2218 barbarum
3466 2163 3738 2218 dominum
3756 2164 3893 2233 ,~qui
3922 2165 4077 2235 cogit

2482 2268 2601 2306 eum
2625 2253 2797 2307 facere
2820 2267 2905 2307 res
2932 2252 3283 2322 turpissimas,
3301 2261 3355 2308 et
3372 2255 3603 2309 maxime
3623 2255 3927 2323 probrosas.
3948 2252 4073 2309 Non

2483 2345 2624 2398 enim
2650 2357 2867 2412 parcere
2889 2386 2904 2410 ,
2934 2356 3032 2399 nec
3075 2343 3316 2399 misereri
3343 2344 3487 2398 novit
3517 2343 3632 2398 haec
3660 2344 3770 2398 vitii
3804 2345 4072 2416 tyrannis.

2485 2434 2620 2488 Audi
2660 2434 2837 2503 itaque
2865 2435 3129 2501 quomodo
3158 2449 3280 2489 cum
3311 2435 3566 2489 miserum
3593 2444 3647 2489 et
3677 2434 3939 2491 infelicem
3968 2433 4074 2491 Ju-

2486 2525 2607 2579 dam
2631 2526 2926 2596 accepisset
2951 2526 3219 2595 captivum
3239 2568 3256 2593 ,
3284 2526 3503 2582 minime
3531 2526 3579 2582 ei
3606 2529 3903 2597 pepercerit
3923 2568 3939 2590 ,
3973 2526 4074 2582 sed

2485 2616 2798 2687 sacrilegum
2835 2627 2890 2671 ct
2933 2617 3262 2687 proditorem
3301 2616 3487 2673 fecerit
3513 2634 3529 2672 :
3552 2616 3746 2673 deinde
3786 2626 4075 2689 postquam

2484 2709 2656 2767 scelus
2681 2719 3042 2782 perpetrasset
3060 2751 3074 2773 ,
3097 2725 3220 2780 eum
3244 2711 3296 2765 in
3319 2709 3584 2766 theatrum
3614 2709 3918 2765 Judteorum
3946 2725 4079 2781 pro-

2485 2800 2732 2867 duxerit,
2756 2810 2812 2856 et
2831 2801 3154 2857 maleficium
3192 2802 3516 2857 revelaverit
3536 2842 3552 2869 ,
3580 2811 3635 2856 et
3657 2816 3755 2857 nec
3780 2801 3825 2857 si
3851 2800 4075 2871 quidem

2485 2894 2829 2964 permiserit,
2861 2902 2919 2948 ut
2960 2896 3260 2964 perciperet
3291 2893 3523 2949 fructum
3566 2894 3928 2964 pmnitentite,
3975 2894 4075 2948 sed

2486 2996 2608 3043 ante
2652 2988 3014 3057 penitentiam
3052 2986 3332 3043 deduxerit
3371 2986 3438 3043 ad
3481 2988 3745 3057 laqueum.
3787 2984 3885 3042 Est
3923 2986 4075 3043 enim

2486 3091 2658 3133 saevus
2688 3087 2964 3148 tyrannus,
2997 3080 3086 3149 qui
3107 3078 3259 3148 jubet
3284 3093 3403 3149 quae
3433 3089 3559 3134 sunt
3584 3077 3860 3149 improba,
3891 3086 3950 3134 et
3975 3093 4077 3135 eos

2484 3168 2575 3239 qui
2614 3169 2887 3237 obediuut,
2915 3170 3202 3240 ignominia
3235 3170 3415 3225 allicit.
3458 3169 3720 3238 Quocirca
3756 3184 3853 3227 vos
3891 3185 4029 3243 rogo
4055 3213 4074 3238 ,

2485 3273 2696 3316 summo
2737 3261 2914 3317 studio
2955 3260 3219 3332 fugiamus
3254 3262 3370 3332 ejus
3409 3262 3735 3333 dominium,
3756 3270 3964 3320 etcum
4006 3278 4078 3320 eo

2487 3350 2784 3419 beliemus,
2814 3367 2915 3409 nec
2950 3353 2998 3408 ei
3028 3368 3283 3424 umquam
3311 3354 3751 3421 reconciliemur,
3783 3363 3837 3412 et
3860 3355 4076 3413 libenti

2488 3442 2543 3497 in
2584 3442 2829 3498 libertate
2865 3458 3291 3512 permaneamus.
3318 3441 3374 3499 Si
3400 3444 3542 3499 enim
3571 3444 3626 3499 hi
3657 3460 3691 3501 a
3717 3444 3962 3504 barbaris
4007 3444 4077 3503 li-

2488 3534 2680 3599 berati,
2708 3536 3129 3591 consolationem
3156 3544 3496 3606 acceperunt,
3520 3536 3689 3593 multo
3715 3537 3883 3608 magis
3905 3551 4077 3609 opor-

2490 3637 2564 3683 tet
2600 3641 2699 3685 nos
2732 3643 2765 3683 a
2796 3636 3015 3697 peccato
3042 3628 3294 3683 liberatos
3316 3628 3553 3699 gaudere
3580 3637 3636 3685 et
3679 3629 3950 3685 exsultare
3970 3667 3990 3696 .
4016 3639 4079 3687 et

2488 3718 2626 3773 banc
2671 3719 2904 3774 lmtitiam
2957 3733 3276 3774 conservare
3315 3720 3670 3775 immortalem
3698 3761 3715 3788 ,
3746 3736 3853 3777 non
3890 3729 4075 3779 autem

2488 3824 2607 3865 eam
2647 3810 2957 3880 perturbare
3000 3825 3063 3865 ac
3092 3809 3423 3866 confundere
3451 3851 3466 3874 ,
3493 3810 3681 3867 eadem
3723 3812 3857 3868 mala
3884 3828 4078 3870 rursus

2489 3902 2873 3973 aggredientes.
2922 3901 3073 3955 Facti
3116 3919 3291 3958 suntus
3334 3902 3464 3957 sicut
3502 3904 3769 3959 consolati.
3819 3904 3930 3960 Hoc
3978 3905 4079 3961 alii

2488 3995 2703 4064 quidem
2730 3994 3048 4064 interpretes
3066 3993 3269 4058 dicunt,
3293 3992 3573 4065 Tamquam
3594 3995 3923 4052 somniantes.
3958 3993 4072 4051 He‘

2488 4084 2664 4140 brutus
2685 4095 2883 4150 autem,
2902 4084 3210 4149 Cbaotemim
3227 4087 3269 4138 ¹.
3292 4084 3428 4154 Quid
3452 4096 3536 4143 est
3556 4096 3755 4153 autem,
3778 4085 4039 4151 Consolati
4051 4088 4081 4143 ἓ

2491 4176 2696 4248 impleti
2715 4218 2730 4243 ,
2762 4178 2968 4247 inquit,
2998 4191 3183 4232 sumus
3205 4177 3384 4247 quiete
3404 4220 3418 4243 ,
3448 4177 3632 4233 laetitia
3654 4218 3669 4243 ,
3699 4178 3990 4249 voluptate.
4015 4179 4073 4236 2.

2490 4266 2635 4321 Tunc
2661 4267 2908 4338 repletum
2937 4277 3009 4321 est
3045 4268 3233 4337 gaudio
3256 4284 3313 4321 os
3336 4277 3567 4322 nostrum
3588 4309 3602 4332 ,
3630 4277 3676 4323 et
3700 4269 3875 4340 lingua
3900 4283 4078 4325 nostra

2492 4360 2844 4414 exsultatione.
2868 4359 2921 4413 5.
2948 4356 3093 4411 Tunc
3128 4358 3293 4412 dicent
3324 4358 3455 4415 inter
3485 4370 3657 4431 gentes
3676 4402 3692 4428 ,
3723 4361 4079 4433 Magniﬁcam?

2492 4449 2743 4503 Dominus
2771 4449 2938 4518 facere
2964 4465 3076 4503 cum
3101 4450 3192 4503 eis.
3226 4454 3277 4504 ι.
3318 4449 3669 4521 Magniﬁcam
3706 4451 3957 4510 Dominus
3996 4454 4080 4525 [o-

2494 4558 2603 4597 cere
2626 4542 2902 4597 nobiscum.
2941 4541 3021 4597 Ad
3050 4542 3327 4597 meliorem
3368 4544 3714 4599 mutationem
3744 4560 3851 4601 non
3886 4560 4079 4617 parum

2494 4634 2697 4689 confert
2737 4632 2905 4688 laetari
2949 4642 3168 4704 propter
3202 4633 3570 4690 liberationem
3597 4650 3627 4689 a
3655 4637 3983 4707 captivitate.
4011 4638 4082 4695 Et

2495 4727 2613 4799 quis
2636 4770 2650 4795 ,
2678 4727 2883 4799 inquies
2902 4768 2916 4792 ,
2946 4740 3052 4782 non
3092 4736 3373 4797 propterea
3401 4725 3611 4783 laetatur
3632 4728 3657 4783 τ
3680 4727 3864 4787 Patres
3892 4746 4081 4788 eorum

2494 4819 2707 4889 quando
2731 4819 2940 4875 liberati
2971 4828 3097 4875 sunt
3132 4818 3201 4875 ab
3227 4817 3464 4892 Egypto
3485 4862 3502 4887 ,
3530 4830 3586 4877 et
3610 4821 3679 4878 ab
3707 4821 3795 4878 illa
3822 4824 4082 4883 servitute

2499 4910 2721 4965 traducti
2746 4911 2799 4964 in
2821 4909 3121 4965 libertatem
3144 4948 3161 4975 ,
3182 4923 3281 4980 per
3298 4925 3569 4966 summum
3596 4912 3786 4982 ingrati
3811 4914 3976 4970 animi
3998 4916 4081 4970 vi-

2498 5005 2627 5059 tium
2648 5004 2700 5058 in
2723 5002 2876 5059 bonis
2899 5002 3029 5073 ipsis
3049 5003 3474 5071 murmurabant,
3492 5004 3922 5077 indignabantur,
3939 5021 4085 5080 agre

2498 5095 2738 5151 ferebant
2759 5136 2775 5158 ,
2802 5094 2983 5149 tristes
3020 5092 3330 5152 manebant.
3364 5096 3435 5150 At
3456 5110 3563 5152 non
3595 5106 3732 5163 nos,
3754 5096 3957 5169 inquit;
3988 5100 4082 5154 sed

2498 5185 2790 5258 gaudemus
2830 5193 2885 5240 et
2926 5184 3276 5240 exsultamus.
3304 5186 3425 5242 Jam
3452 5200 3585 5243 vero
3609 5201 3827 5243 causam
3866 5202 4084 5261 quoque

2563 5343 2582 5375 ι
2616 5341 2701 5391 Hic
2722 5340 2910 5390 variant
2929 5337 3109 5391 Maelii
3150 5347 3203 5391 et
3235 5340 3394 5393 Savilii
3430 5342 3692 5393 Editiones.
3735 5340 3899 5394 laci.
3934 5342 4077 5397 habet

2500 5409 2584 5474 ‘9“
2602 5414 2749 5474 ‘9'!“
2769 5401 3233 5474 1"!“ij
3259 5403 3397 5474 st-
3420 5416 3589 5474 Feror.
3834 5404 3956 5474 ⁸⁸⁵⁸ίέ

2498 5464 2734 5637 ﬁt:
2759 5470 2849 5576 2:3
3681 5464 4056 5637 metu

2565 5624 2781 5720 T‘éivn,
2815 5644 3124 5720 choalenn'm.
3162 5624 3395 5701 nell-alca
3424 5662 3521 5701 vox
3545 5656 3638 5709 est,
3676 5629 3928 5720 πετο,
3960 5650 4081 5705 sinit

2503 5717 2789 5769 sonusiwttes
2816 5731 2834 5769 :
2866 5726 2922 5769 ut
2954 5718 3105 5771 habet
3136 5723 3284 5772 etiam
3315 5720 3463 5773 lectio
3498 5721 3698 5773 aliorum
3734 5717 4077 5787 tnta-pisum.

2506 5791 2714 5843 quorum
2736 5792 2915 5843 nomen
2938 5788 3142 5833 tacetur.

2570 5845 2644 5905 (υ)
2675 5844 2787 5901 Quis
2808 5845 2867 5894 sit
2892 5842 2969 5893 hic
2990 5844 3236 5907 interpres
3252 5844 3553 5908 ignoramus.
