4218 6464
222 352 316 410 εδι
1276 340 1636 399 EXPOSITIO
1663 337 1729 394 1N
1766 334 2087 394 PSALMUM
2127 336 2364 395 CXXVI.

223 463 395 536 gaudii
415 462 666 520 aﬂ‘erunt.
693 461 806 517 Non
835 460 1029 525 solum,
1058 457 1246 528 inquit,
1274 454 1568 527 gaudemus
1594 457 1813 522 propter

222 555 594 610 liberationem
631 569 662 608 a
704 551 892 614 malis,
919 548 1014 606 sed
1057 548 1217 604 etiam
1258 546 1383 616 quia
1428 560 1492 600 ex
1520 558 1586 600 eo
1625 555 1814 597 omnes

221 654 585 720 cognoscent,
614 660 773 716 quam
818 642 985 698 nostri
1036 640 1180 696 Deus
1227 653 1410 694 curam
1459 644 1631 707 gerat.
1666 632 1813 688 Tunc

220 743 389 806 enim,
413 739 605 809 inquit,
626 738 795 792 dicent
821 737 952 790 inter
975 742 1164 805 gentes,
1186 727 1534 801 Magniﬁcarit
1565 725 1813 781 Dominus

222 834 527 903 pra-scunt
552 830 645 883 eis.
688 826 1035 897 Magni/ianva
1065 821 1309 877 Dominus
1337 824 1505 891 facere
1528 817 1808 873 nobiscum.

221 920 333 977 Non
365 930 571 974 temere
606 916 853 988 adjicitur
879 914 995 968 haec
1036 910 1427 981 conduplicatio
1451 949 1467 974 ,
1494 909 1590 964 sed
1629 915 1686 962 ut
1723 921 1813 961 os-

222 1006 509 1069 tenderent
545 1023 791 1079 magnam
817 1048 833 1072 ,
861 1020 1021 1076 quam
1051 1011 1341 1075 ceperant,
1368 1001 1627 1057 laetitiam.
1662 998 1810 1053 Alte-

220 1120 339 1161 rem
387 1104 532 1161 enim
569 1102 792 1158 verbum
820 1107 905 1155 est
932 1097 1167 1169 gentium
1187 1135 1204 1162 ,
1230 1095 1455 1149 alterum
1485 1105 1614 1147 vero
1660 1090 1806 1160 ipso-

222 1213 367 1254 rum.
398 1195 536 1250 Vide
562 1202 762 1249 autem.
790 1190 908 1247 Non
937 1189 1204 1252 dixerunt,
1233 1184 1476 1253 Servavit
1505 1197 1606 1238 nos
1628 1222 1643 1247 ,
1676 1196 1807 1247 nec,

221 1287 494 1344 Liberavit
508 1298 625 1350 nos;
642 1283 759 1351 sed,
773 1279 1138 1354 Hagniﬁcavit,
1155 1293 1267 1333 rem
1284 1276 1536 1347 opinione
1551 1272 1806 1344 majorem

217 1390 272 1437 et
298 1378 561 1436 miraculo
583 1376 790 1446 plenam
812 1389 907 1445 per
923 1374 1037 1429 haec
1061 1372 1301 1427 volentes
1322 1367 1624 1425 ostendere.
1649 1365 1809 1420 Vides

216 1470 519 1543 quomodo,
552 1478 611 1523 ut
651 1482 794 1538 saepe
820 1464 1083 1530 dicebam,
1115 1477 1213 1534 per
1238 1464 1378 1518 hanc
1398 1470 1614 1531 gentem
1641 1458 1803 1514 doce-

216 1562 374 1617 batur
400 1561 686 1615 universus
729 1559 873 1613 orbis
903 1564 1059 1611 terrae
1080 1596 1097 1620 ,
1119 1553 1246 1608 dum
1273 1560 1331 1609 et
1366 1551 1764 1608 abducerentur
1788 1590 1804 1616 ,

215 1660 269 1708 ct
299 1666 489 1708 rursus
534 1648 935 1705 reducerentur.
968 1645 1087 1716 ipse
1112 1645 1255 1701 enim
1298 1642 1503 1699 reditus
1546 1641 1646 1696 fuit
1687 1642 1807 1695 loco

217 1741 501 1814 praeconis.
524 1740 725 1796 Eorum
746 1738 941 1808 quippe
966 1734 1106 1791 fama
1134 1734 1332 1805 ubique
1356 1731 1686 1803 pervolabat,
1712 1729 1806 1785 Dei

218 1838 272 1890 iu
300 1850 398 1892 eos
424 1833 803 1905 benignitatem
852 1828 1186 1886 manifestam
1225 1826 1478 1883 omnibus
1516 1824 1759 1881 cﬂiciens
1788 1865 1803 1888 ,

217 1944 408 2000 magna
448 1927 655 1983 scilicet
679 1938 735 1982 et
762 1939 946 1981 revera
982 1923 1129 1979 omni
1154 1922 1407 1992 opinione
1452 1920 1654 1989 majora
1682 1934 1805 1976 esse

214 2036 337 2087 qum
358 2021 409 2075 in
434 2034 531 2075 eos
558 2018 689 2074 facta
717 2024 872 2073 erant
898 2014 1176 2073 miracula.
1209 2012 1330 2084 Ipse
1348 2012 1492 2068 enim
1516 2011 1686 2081 Cyrus
1713 2010 1806 2081 qui

212 2127 311 2168 eos
335 2109 584 2177 tenebat,
607 2110 751 2179 ipsos
775 2107 995 2172 dimisit,
1018 2120 1140 2162 cum
1170 2104 1349 2161 nullus
1369 2120 1491 2161 eum
1519 2112 1800 2175 rogasset,

214 2202 312 2259 sed
341 2203 483 2258 Deus
506 2208 736 2256 mentem
769 2199 909 2255 illius
934 2197 1215 2253 molliisset
1238 2214 1253 2252 :
1280 2211 1382 2252 nec
1405 2194 1576 2251 solum
1601 2210 1695 2251 eos
1718 2194 1805 2250 di-

213 2296 384 2361 misit,
409 2294 504 2351 sed
532 2294 689 2350 etiam
713 2292 892 2349 affecit
921 2292 1076 2348 donis
1100 2298 1155 2348 et
1180 2290 1508 2346 muneribus.
1533 2287 1684 2343 Facti
1711 2304 1805 2343 su-

213 2406 330 2445 mus
349 2391 593 2444 latentes.
612 2388 666 2444 ι.
682 2385 943 2451 Converte,
958 2384 1190 2451 Domine,
1205 2385 1539 2455 captivitatem
1556 2394 1801 2449 nostram,

214 2483 347 2535 sicut
390 2489 583 2535 torrens
626 2479 681 2534 in
725 2486 919 2533 austro.
949 2476 1227 2546 Quomodo
1269 2475 1405 2530 dixit
1449 2475 1503 2529 in
1543 2474 1804 2546 principio

214 2570 417 2627 Psaimi
439 2611 457 2635 ,
500 2570 628 2625 Cum
676 2577 980 2625 converteret
1017 2566 1268 2623 Dominus
1308 2566 1643 2638 captivitatem
1672 2582 1692 2621 :
1715 2565 1805 2622 hic

212 2657 740 2727 autem,Converte?
774 2658 1069 2728 Tamquam
1115 2658 1182 2713 de
1227 2672 1288 2713 re
1331 2655 1505 2712 futura
1554 2656 1797 2725 loquens.

212 2754 447 2810 Maxime
472 2752 615 2807 enim
641 2766 739 2807 nos
756 2749 822 2806 ad
854 2750 993 2806 hunc
1016 2764 1229 2805 sensum
1256 2748 1458 2804 inducit
1477 2748 1612 2803 alius
1636 2748 1805 2803 inter-

214 2863 341 2921 pres
362 2891 380 2915 ,
411 2849 499 2920 qui
526 2848 653 2903 dixit
684 2890 700 2914 ,
730 2863 837 2903 non
856 2890 869 2912 ,
899 2844 1026 2901 Cum
1051 2853 1354 2900 converteret
1378 2842 1509 2899 :scd
1536 2884 1549 2907 ,
1585 2841 1803 2909 Quando

212 2942 554 3015 converterit;
582 2941 832 3014 qu0ttiam
862 2955 949 2997 res
977 2950 1105 2995 tunc
1129 2937 1450 3009 incipiebat,
1478 2945 1534 2993 et
1558 2951 1665 2990 non
1692 2944 1801 2989 tota

210 3041 361 3105 gesta
389 3031 489 3087 fuit
515 3033 568 3086 in
598 3032 877 3102 principio,
901 3030 1080 3085 multa:
1095 3031 1291 3101 quippe
1313 3028 1522 3084 fuerunt
1552 3026 1803 3081 transmi-

211 3126 484 3198 grationes
508 3142 521 3179 :
546 3124 646 3179 fuit
673 3125 814 3179 enim
843 3125 1033 3195 prima,
1058 3122 1288 3179 secunda
1316 3130 1371 3176 et
1398 3121 1575 3176 tertia.

286 3218 341 3273 2.
370 3217 482 3273 Hoc
526 3233 655 3287 ergo
703 3230 985 3285 possumus
1009 3215 1188 3270 dicere
1218 3232 1231 3268 :
1260 3213 1349 3268 vel
1370 3227 1491 3267 eum
1523 3226 1679 3265 orare
1698 3252 1711 3275 ,
1743 3219 1803 3264 ut

210 3311 283 3366 sit
312 3311 518 3379 integra
544 3317 599 3364 et
622 3307 861 3362 absoluta
884 3306 1150 3362 liberatio.
1177 3304 1325 3359 Multi
1344 3303 1487 3369 enim
1514 3301 1682 3358 Judaei
1712 3315 1802 3353 vo—

211 3402 398 3459 lebant
424 3415 700 3456 remanere
728 3399 779 3453 in
806 3398 1023 3469 regione
1048 3396 1395 3452 barbarorum
1422 3438 1435 3460 ,
1467 3403 1519 3450 et
1561 3394 1680 3449 ideo
1713 3409 1801 3447 ve-

212 3494 494 3548 hementer
517 3489 826 3546 desiderans
856 3490 954 3544 hoc
974 3487 1387 3554 fieri,Converte,
1417 3486 1605 3557 inquit,
1633 3486 1799 3555 capti-

210 3584 415 3640 vitalem
450 3592 674 3638 nostram
700 3584 830 3638 sicut
857 3591 1052 3637 torrens
1078 3582 1133 3636 in
1157 3590 1330 3635 austro
1352 3597 1371 3634 :
1393 3579 1495 3635 hoc
1520 3588 1601 3633 est
1628 3619 1644 3646 ,
1676 3591 1797 3632 cum

210 3690 409 3747 magno
451 3674 649 3743 impetu
673 3715 688 3741 ,
716 3689 836 3729 cum
882 3677 1070 3743 magna
1097 3672 1434 3727 vehementia
1479 3685 1577 3725 nos
1605 3683 1799 3739 urgens

210 3777 373 3839 atque
407 3768 651 3823 incitans.
690 3766 946 3836 Quocirca
991 3766 1129 3821 alius
1152 3779 1363 3836 quoque
1402 3766 1664 3832 interpres
1699 3762 1800 3817 hoc

212 3860 385 3929 ipsum
427 3858 729 3929 significans
747 3901 761 3921 ,
784 3858 995 3913 dicebat
1018 3899 1031 3921 ,
1058 3856 1128 3913 Ut
1161 3857 1381 3912 canales.
1407 3857 1554 3911 Alius
1579 3899 1593 3921 ,
1623 3854 1690 3911 Ut
1712 3856 1801 3908 de-

209 3952 404 4022 ﬂuus.
452 3952 601 4005 Alius
623 3993 639 4017 ,
672 3949 740 4007 Ut
765 3952 1052 4006 emissiones
1101 3951 1200 4022 (α).
1232 3952 1285 4006 5.
1319 3950 1420 4017 Qui
1461 3951 1711 4006 seminam
1745 3950 1799 4004 in

211 4041 471 4113 tacrymis,
496 4041 551 4095 in
573 4041 906 4096 multatione
924 4050 1124 4096 metant.
1146 4041 1258 4095 lloc
1282 4040 1350 4096 de
1366 4040 1566 4096 ludatis
1581 4041 1797 4111 quidem

211 4133 413 4189 dictum
450 4142 571 4199 est,
601 4142 777 4204 potest
803 4142 980 4189 autem
1011 4134 1063 4189 in
1092 4134 1275 4200 multis
1303 4150 1445 4204 saepe
1475 4133 1591 4189 aliis
1620 4133 1796 4188 locum

212 4224 435 4281 habere.
465 4224 642 4280 Virtus
664 4226 806 4281 enim
828 4240 915 4281 res
939 4236 1022 4281 est
1049 4224 1329 4294 ejusmodi,
1356 4234 1412 4280 ut
1440 4240 1557 4296 qua:
1580 4239 1803 4295 magnas

212 4314 409 4372 habeat
434 4315 673 4371 laborum
702 4317 1155 4371 remunerationes
1181 4335 1194 4371 :
1219 4325 1273 4372 et
1296 4326 1507 4386 oportet
1531 4332 1627 4370 nos
1651 4317 1799 4385 prius

212 4407 455 4463 laborare
484 4416 539 4462 et
563 4406 723 4478 afﬂigi
753 4450 769 4474 ,
799 4417 853 4464 et
880 4418 1004 4463 tunc
1042 4409 1203 4463 animi
1246 4408 1616 4463 remissionem
1646 4423 1799 4478 quae-

213 4515 355 4557 rere.
386 4498 500 4554 Hoc
527 4500 669 4554 enim
695 4499 893 4570 ubique
921 4510 1097 4571 potest
1116 4495 1388 4555 observari
1412 4502 1465 4554 in
1494 4501 1557 4554 iis
1587 4516 1704 4570 qua:
1731 4499 1797 4554 ad

214 4591 354 4648 hanc
378 4591 542 4645 vitam
572 4592 863 4660 pertinent.
892 4592 1155 4658 Quocirca
1182 4593 1298 4661 ipse
1335 4608 1547 4662 quoque
1573 4591 1641 4645 ad
1684 4591 1799 4645 haec

213 4685 433 4741 deduxit
449 4685 762 4749 orationem,
785 4684 848 4739 ad
871 4696 1186 4749 sementem,
1216 4685 1450 4765 inquam,
1475 4694 1526 4738 et
1546 4698 1799 4740 messem.

212 4775 667 4845 Quemadmodum
697 4777 836 4831 enim
863 4777 951 4846 qui
979 4777 1227 4841 seminat,
1258 4776 1457 4841 labore,
1485 4775 1796 4841 afﬂictione,

214 4867 499 4922 sudoribus
522 4908 538 4930 ,
568 4876 619 4920 et
646 4866 821 4921 hieme
864 4866 1063 4937 indiget
1092 4884 1107 4922 ι
1140 4867 1210 4921 ita
1238 4868 1400 4922 etiam
1429 4868 1517 4936 qui
1548 4868 1795 4921 virtutem

217 4957 567 5027 persequitur.
592 4955 729 5010 Nihil
760 4958 901 5012 enim
928 4974 1078 5025 neque
1103 4957 1264 5012 estad
1291 4958 1456 5012 otium
1484 4958 1719 5025 ineptum
1743 4966 1800 5012 ut

217 5050 399 5105 homo.
420 5048 488 5104 Et
509 5049 625 5104 ideo
646 5050 782 5105 Deus
797 5061 994 5106 arctam
1018 5060 1073 5106 et
1097 5061 1371 5122 angustam
1398 5051 1537 5106 viam
1559 5050 1736 5106 eﬂ‘ecit
1757 5052 1793 5115 ί,

211 5156 333 5212 quae
360 5140 506 5195 ducit
527 5140 591 5195 ad
617 5142 876 5196 virtutem.
904 5139 1013 5196 ltno
1038 5158 1164 5196 vero
1191 5160 1295 5197 non
1326 5143 1497 5197 solum
1527 5144 1796 5207 virtutem,

213 5231 308 5287 sed
343 5247 404 5286 ea
434 5232 594 5287 etiam
629 5248 747 5301 qua:
784 5233 850 5287 ad
891 5234 1026 5287 hanc
1056 5236 1215 5287 vitam
1240 5235 1538 5304 pertinent,
1567 5234 1799 5290 reddidit

214 5323 478 5378 laboriosa
496 5364 513 5387 ,
542 5332 703 5393 atque
728 5322 864 5378 adeo
893 5325 1048 5394 longe
1075 5325 1324 5394 amplius.
1356 5326 1484 5379 Nam
1516 5328 1603 5396 qui
1633 5328 1797 5381 semi-

215 5426 327 5481 nat,
356 5416 444 5485 qui
473 5414 717 5481 aedificat,
746 5416 949 5482 viator,
978 5416 1227 5485 lignator,
1258 5416 1451 5487 opifex,
1484 5426 1537 5473 et
1568 5418 1799 5487 denique

279 5615 296 5645 ι
330 5614 599 5684 sieomnes
617 5622 739 5675 uss;
759 5615 899 5677 juxta
915 5615 1081 5666 Morel.
1106 5624 1269 5667 autem
1293 5626 1345 5667 et
1368 5618 1509 5684 savii.
1534 5617 1798 5681 legendum

215 5684 310 5734 cst,
334 5682 380 5739 et
402 5676 513 5739 ideo
541 5683 664 5739 Deus
687 5676 873 5725 arctam
894 5684 938 5727 et
961 5688 1212 5739 angustant
1236 5679 1414 5729 vocarit
1438 5680 1581 5731 viam.

278 5737 353 5805 (If)
388 5738 572 5786 erimus
590 5737 835 5805 interpres
858 5750 933 5787 est
957 5737 1127 5805 Aquila
1147 5780 1160 5797 ,
1186 5742 1430 5805 secundus
1464 5743 1766 5805 Symmachus

212 5802 395 5853 tet-tius
415 5809 572 5850 sextae
596 5802 820 5851 Edtt'tunis
842 5810 1023 5851 auctor.
1054 5803 1171 5853 Vide
1194 5803 1404 5865 uexat-lu
1430 5802 1607 5854 noStra.

3411 340 3523 403 alia

1921 449 2143 519 quilibet
2167 448 2331 506 homo
2353 492 2368 518 ,
2398 448 2445 506 si
2474 459 2558 507 est
2588 449 2788 521 aliquid
2830 449 3102 507 commodi
3130 460 3513 523 percepturus,

1919 538 2102 596 labore
2142 548 2199 597 et
2236 540 2525 597 afﬂictione
2564 556 2701 612 opus
2737 529 2898 598 habet
2924 559 2940 596 :
2965 551 3022 598 et
3062 543 3515 615 quemadmodum

1917 634 2122 688 semina
2143 648 2278 704 opus
2301 633 2500 690 habent
2528 635 2805 703 imbribus,
2833 635 2901 690 ita
2919 648 3018 690 nos
3037 635 3197 691 etiam
3221 635 3475 710 lacrymis
3500 657 3515 695 :

1917 736 1973 781 et
2010 726 2147 781 sicut
2176 733 2317 782 terra
2343 742 2480 797 opus
2508 726 2673 783 habet
2717 737 2774 782 ttt
2802 736 2986 791 aretur
3007 735 3064 783 et
3095 728 3475 799 proscindatur
3493 771 3513 797 ,

1918 819 1990 874 ita
2017 819 2194 874 anima
2234 818 2406 876 fidelis
2436 835 2538 892 pro
2573 820 2750 891 ligone
2790 820 2992 893 indiget
3038 824 3425 880 tentationibus
3461 836 3517 880 et

1914 908 2311 978 afﬂictionibus,
2341 927 2407 967 ne
2429 912 2686 983 producat
2712 913 2878 969 malas
2902 912 3120 981 herbas,
3150 925 3208 970 ut
3233 916 3348 987 cjus
3378 918 3515 973 mol-

1915 1001 2076 1059 liatur
2104 1002 2361 1070 durities,
2392 1020 2459 1058 ne
2493 1004 2714 1058 nimium
2746 1004 3000 1061 efferatur
3023 1014 3079 1061 et
3110 1008 3341 1063 exsiliat.
3375 1007 3511 1064 Nam

1916 1100 2057 1147 terra
2082 1107 2294 1163 quoque
2314 1091 2414 1148 nisi
2435 1093 2721 1165 diligenter
2746 1094 2970 1162 colatur,
2996 1095 3127 1152 nihil
3157 1097 3283 1153 boni
3313 1098 3515 1169 produ-

1914 1182 2007 1237 cit.
2039 1181 2151 1237 Hoc
2180 1198 2312 1254 ergo
2337 1183 2468 1239 dicit
2494 1184 2752 1254 prOpheta
2780 1203 2794 1239 :
2820 1201 2925 1241 non
2956 1201 3079 1244 esse
3116 1189 3294 1245 solum
3326 1190 3515 1246 laetan-

1912 1273 2038 1329 dum
2068 1285 2285 1344 propter
2312 1276 2563 1341 reditum,
2581 1276 2674 1331 sed
2691 1283 2851 1333 etiam
2880 1291 3100 1349 propter
3121 1282 3510 1351 captivitatem,

1913 1376 1966 1419 et
1996 1380 2094 1436 pro
2123 1368 2361 1439 utrisque
2394 1367 2503 1424 Deo
2530 1382 2651 1424 esse
2688 1369 2921 1439 agendas
2944 1371 3162 1443 gratias.
3192 1373 3328 1429 lllttd
3367 1378 3512 1430 enim

1912 1468 1996 1513 est
2023 1460 2278 1515 sementis
2308 1478 2320 1514 :
2354 1458 2458 1516 hoc
2483 1475 2612 1517 vero
2650 1463 2861 1519 messis.
2898 1461 2962 1520 Ut
2989 1478 3150 1535 ergo,
3185 1466 3390 1537 inquit,
3419 1470 3509 1539 qui

1912 1550 2180 1605 seminam
2217 1550 2521 1607 laborantes
2546 1592 2561 1618 ,
2590 1550 2820 1609 fructum
2852 1563 3035 1624 postea
3071 1556 3367 1626 percipiunt
3395 1575 3408 1612 :
3439 1558 3510 1613 ita

1911 1641 2073 1696 etiam
2100 1656 2196 1696 vos
2222 1642 2437 1712 quando
2459 1643 2758 1699 recessistis
2785 1645 3024 1716 quidem,
3049 1646 3237 1702 imitati
3264 1649 3395 1704 estis
3413 1663 3510 1705 eos

1912 1731 2002 1800 qui
2030 1731 2319 1800 seminant,
2347 1732 2550 1799 afﬂicti,
2581 1735 2811 1805 pulsati,
2843 1738 3059 1805 vexati,
3086 1738 3342 1806 hiemem,
3373 1748 3513 1797 tem-

1913 1830 2195 1893 pestatem,
2228 1824 2426 1880 bellum
2448 1867 2463 1891 ,
2487 1824 2697 1884 nimbos
2720 1870 2734 1891 .
2758 1830 2879 1901 gelu
2906 1839 2961 1886 et
2982 1830 3206 1901 glaciem
3230 1831 3464 1890 ferentes
3489 1878 3505 1901 ,

1911 1915 2175 1987 lacrymas
2198 1917 2547 1975 eﬂ'undentes.
2571 1919 2722 1988 Quod
2751 1921 2894 1977 enim
2919 1934 3043 1978 sunt
3065 1924 3263 1981 imbres
3283 1928 3508 1982 semini-
3564 1950 3565 1953 η

1909 2005 2029 2072 bus,
2060 2008 2161 2063 hoc
2184 2008 2430 2081 lacrytnte
2461 2011 2524 2065 iis
2550 2011 2638 2081 qui
2660 2010 2991 2084 afﬂiguntur.
3010 2014 3117 2072 Sed
3144 2030 3292 2082 ecce,
3315 2017 3505 2090 inquit,

1908 2101 2193 2169 accepistis
2234 2116 2420 2158 eorum
2460 2103 2700 2159 laborum
2746 2108 3252 2169 remunerationem.
3280 2109 3506 2185 Quando

1909 2205 2038 2262 ergo
2052 2192 2201 2248 dicit:
2216 2195 2249 2248 6
2277 2192 2691 2263 Euntesibant,et
2705 2196 2914 2267 ﬂebant,
2929 2198 3378 2256 mittentessemina
3389 2219 3502 2270 sua,

1909 2286 1961 2339 7.
1990 2286 2238 2340 venientes
2266 2297 2435 2343 autem
2465 2289 2661 2343 venient
2702 2305 2817 2344 cum
2857 2290 3225 2359 exsultatione,
3250 2304 3507 2363 portantes

1907 2378 2196 2449 manipulos
2212 2395 2353 2438 suos,
2384 2396 2489 2434 non
2506 2380 2719 2453 dicitde
2734 2379 2997 2437 frumento
3013 2382 3108 2438 sed
3129 2383 3198 2439 de
3214 2385 3391 2449 rebus,
3409 2385 3508 2441 do-

1908 2484 2037 2524 cens
2059 2470 2380 2535 auditorem,
2406 2486 2513 2526 non
2539 2473 2662 2543 angi
2686 2481 2741 2527 et
2761 2488 2995 2531 mmrere
3019 2474 3069 2529 in
3102 2474 3503 2533 afﬂictionibus.

1907 2559 2369 2628 Quemadmodum
2402 2565 2545 2621 enim
2573 2565 2665 2636 qui
2690 2566 2949 2631 seminat,
2996 2582 3213 2625 nmrore
3247 2584 3353 2624 non
3380 2569 3503 2624 affi-

1907 2654 2045 2707 citur
2067 2696 2082 2720 ,
2108 2652 2233 2709 licet
2266 2656 2575 2729 sinlmulta
2606 2660 2785 2727 gravia
2811 2700 2823 2723 ,
2851 2658 3145 2729 respiciens
3177 2659 3244 2717 ad
3277 2660 3427 2723 lat-tas
3451 2672 3507 2717 ct
3582 2698 3590 2705 ι

1909 2748 2240 2809 luxuriantes
2263 2724 2473 2820 segétes
2500 2767 2513 2804 :
2540 2724 2803 2807 ita—etiam
2829 2724 2957 2808 eum
2973 2753 3062 2822 qui
3090 2752 3361 2825 afﬂigitur,
3396 2769 3504 2810 non

1906 2854 2119 2914 oportet
2144 2847 2264 2915 angi
2293 2853 2347 2900 ct
2372 2845 2667 2901 excruciari
2693 2887 2708 2911 ,
2732 2846 2940 2903 etiamsi
2964 2847 3072 2903 sint
3098 2847 3359 2919 permulta
3390 2864 3506 2904 mo-

1909 2940 2063 3005 lesta,
2091 2947 2150 2993 ut
2178 2939 2269 3008 qui
2298 2954 2529 2996 messem
2558 2947 2852 3011 exspectet,
2883 2948 2940 2995 ct
2963 2940 3237 3010 copiosum
3270 2955 3503 3009 proven-

1910 3040 2044 3095 tum,
2073 3031 2162 3100 qui
2192 3045 2259 3086 ex
2288 3029 2580 3086 afﬂictione
2608 3031 2781 3086 oritur
2800 3072 2815 3097 ,
2847 3030 3174 3093 consideret.
3205 3032 3320 3090 lloc
3345 3031 3505 3103 igitur

1907 3136 2005 3176 nos
2052 3137 2261 3192 quoque
2308 3122 2745 3187 considerantes,
2769 3130 2823 3178 et
2861 3137 2959 3192 pro
2994 3121 3285 3178 afﬂictione
3326 3130 3382 3177 et
3407 3137 3506 3193 pro

1906 3212 2018 3268 otio
2060 3228 2125 3268 ac
2170 3214 2352 3284 quiete
2389 3229 2610 3285 agamus
2659 3215 2885 3270 Domino
2926 3216 3146 3286 gratias.
3191 3214 3307 3271 Etsi
3356 3215 3503 3271 enim

1905 3313 2028 3359 sunt
2059 3305 2269 3360 diversa
2298 3320 2418 3375 qttze
2450 3304 2618 3373 fiunt,
2648 3321 2811 3360 unum
2853 3314 3031 3361 tamen
3068 3305 3267 3362 habent
3293 3306 3503 3378 singula

1909 3398 2067 3454 finem
2090 3398 2421 3468 propositum
2442 3439 2457 3458 .
2480 3399 2617 3453 sicut
2634 3399 2896 3454 sementis
2916 3408 2968 3463 et
2992 3399 3185 3454 messis
3210 3416 3223 3453 :
3252 3396 3502 3455 afﬂictio-

1907 3509 2106 3563 nosque
2136 3491 2255 3548 forti
2284 3500 2339 3547 et
2364 3497 2631 3563 generoso
2660 3492 2839 3547 animo
2861 3490 3117 3557 feramus,
3145 3501 3199 3548 et
3225 3508 3347 3548 cum
3372 3508 3504 3563 gra-

1907 3586 2097 3639 tint'ttm
2127 3583 2359 3648 aetione;
2377 3583 2544 3638 otium
2572 3592 2750 3638 autem
2780 3593 2835 3640 et
2862 3599 2950 3639 res
2974 3583 3239 3640 secundas
3259 3599 3383 3640 cum
3407 3584 3501 3641 Dei

1903 3678 2088 3748 gloria:
2118 3675 2478 3731 celebratione
2501 3716 2515 3740 ,
2550 3685 2607 3730 ut
2636 3673 2809 3732 futura
2841 3677 3005 3732 etiam
3032 3676 3169 3731 bona
3197 3691 3497 3747 consequa-

1907 3784 2043 3833 ntur,
2075 3770 2245 3839 gratia
2266 3777 2320 3823 et
2342 3767 2667 3838 benignitate
2692 3768 2900 3822 Domini
2927 3769 3095 3823 nostri
3124 3767 3250 3824 Jesu
3276 3766 3494 3834 ChriSti,

1903 3862 1988 3918 cui
2008 3862 2177 3933 gloria
2199 3870 2254 3917 et
2275 3861 2553 3931 imperium
2581 3860 2633 3915 in
2654 3862 2850 3917 saecula
2874 3862 3214 3918 saeculorum.
3241 3865 3436 3927 Amen.

2341 4040 2407 4096 IN
2446 4038 2772 4097 PSALMUM
2809 4038 3052 4099 CXXVI.

1907 4230 1962 4286 Ι.
2001 4227 2122 4282 Nisi
2150 4227 2398 4281 Dominus
2436 4224 2999 4294 tediﬁcatteritdomum
3022 4264 3039 4291 ,
3066 4224 3120 4278 in
3141 4239 3325 4279 vanum
3352 4224 3501 4279 labo-

1974 4329 2212 4374 rm'eruut
2241 4319 2326 4389 qui
2351 4319 2609 4387 mitiﬁcant
2635 4332 2770 4371 eam.
2814 4313 2935 4370 Nisi
2963 4313 3215 4370 Dominus
3244 4317 3498 4370 custodie-

1975 4414 2041 4464 rit
2080 4411 2366 4475 civitatem,
2425 4414 2617 4480 frustra
2662 4407 2838 4479 vigilat
2883 4406 2973 4477 qui
3012 4407 3231 4462 custodit
3278 4423 3411 4461 eam.
3441 4407 3496 4461 2.

1986 4504 2184 4559 Vanum
2226 4512 2297 4557 est
2333 4502 2468 4555 vobis
2498 4511 2616 4557 ante
2654 4501 2816 4554 lucem
2855 4515 3103 4570 surgere;
3132 4499 3321 4570 surgite
3356 4508 3500 4571 post-

1975 4613 2126 4667 quam
2154 4594 2400 4649 sederitis.

1978 4777 2029 4829 l.
2070 4775 2167 4829 llic
2198 4772 2440 4829 Psalmns
2481 4770 2659 4827 dictus
2695 4767 2870 4825 estde
2898 4776 3039 4823 statu
3072 4782 3248 4823 rerum
3278 4766 3369 4837 qui
3402 4766 3501 4822 fuit

1907 4876 2027 4939 post
2056 4868 2304 4922 reditum.
2333 4865 2594 4933 Quoniam
2618 4863 2762 4918 enim
2788 4877 2817 4916 a
2847 4862 3155 4929 captivitate
3180 4860 3411 4927 liberati,
3441 4873 3495 4915 et

1905 4977 1935 5017 a
1977 4961 2205 5017 barbara
2234 4960 2451 5028 regione
2492 4956 2715 5019 reversi,
2764 4954 2994 5010 dirutam
3032 4969 3065 5009 a
3114 4970 3174 5009 se
3222 4954 3496 5010 inventam

1906 5054 2202 5112 civitatem,
2230 5061 2285 5106 et
2323 5049 2518 5105 mantia
2547 5063 2667 5103 cum
2700 5047 2935 5102 turribus
2953 5046 3099 5100 humi
3125 5045 3378 5115 disjecta,
3402 5062 3497 5101 co-

1907 5146 2173 5200 nnbantur
2205 5144 2483 5197 excitare:
2515 5140 2666 5194 multi
2715 5147 2894 5193 autem
2943 5152 3037 5193 eos
3085 5137 3320 5207 undique
3371 5138 3501 5192 ado-

1906 5240 2106 5295 rientes
2133 5236 2487 5307 prohibebant
2515 5234 2819 5289 .ludaeornm
2845 5232 3082 5288 felicitati
3103 5233 3423 5296 invidentes,
3447 5244 3501 5288 et

1907 5344 2191 5400 prosperos
2217 5343 2402 5384 eorum
2437 5340 2716 5382 successus
2742 5333 3041 5379 metuentes
3072 5340 3087 5378 :
3116 5322 3313 5379 deinde
3340 5325 3389 5378 in
3416 5323 3500 5379 his

1906 5421 2159 5477 faciendis
2195 5429 2407 5489 tempus
2441 5418 2852 5484 conterebatur,
2875 5427 2930 5472 et
2971 5426 3175 5471 tantum
3206 5417 3497 5472 contritum

1906 5522 1988 5567 est
2016 5510 2292 5580 temporis,
2327 5520 2383 5563 ut
2416 5509 2468 5563 in
2499 5506 2811 5562 mdilicaudo
2836 5506 3037 5576 templo
3063 5507 3338 5576 plusquam
3369 5522 3500 5576 qua-

1910 5604 2153 5672 draginta
2198 5602 2323 5657 anni
2364 5600 2668 5669 consumpti
2721 5599 2871 5653 sint:
2908 5599 3049 5669 quod
3091 5598 3262 5653 Judaei
3290 5612 3502 5668 quoque

1908 5700 2241 5754 declaranles
2268 5695 2515 5751 dicebant
2544 5711 2559 5748 :
2594 5692 2944 5763 Quadraginta
2975 5702 3020 5745 et
3044 5708 3131 5745 sex
3150 5693 3299 5745 anuis
3325 5692 3479 5758 cedi/iv

1913 5801 2079 5847 catum
2106 5800 2177 5844 est
2206 5790 2445 5858 templum
2479 5788 2569 5841 Itoc
2608 5786 2781 5855 (Joatt.
2830 5786 2881 5839 2.
2925 5784 3032 5852 ‘20)
3065 5799 3080 5839 ι
3116 5801 3220 5839 non
3262 5784 3503 5838 dicentes
