4154 6442
710 346 814 404 565

705 460 774 513 de
801 461 976 530 priore
997 461 1364 527 tedilicalione,
1395 478 1514 534 qua:
1542 478 1571 516 a
1600 463 1887 520 Salomone
1906 463 2041 520 facta
2068 474 2170 529 est,
2188 463 2279 520 sed

704 551 774 605 de
798 565 895 616 ea,
922 534 1042 623 qua:
1068 552 1205 608 facta
1231 562 1311 606 est
1339 561 1613 623 postquam
1640 556 1845 609 libi-rati
1873 564 1996 610 sunt
2022 572 2052 609 a
2083 556 2276 610 Persis.

706 638 965 708 Quoniam
994 656 1123 712 ergo
1161 642 1381 697 multum
1414 654 1624 713 tempus
1667 645 2038 701 conterebatur
2068 648 2120 699 in
2150 647 2272 700 civi-

703 741 811 788 tate
839 733 1036 803 templo
1072 742 1126 789 et
1165 735 1428 791 manibus
1466 736 1799 791 exstruendis
1846 735 2007 809 (nam
2050 738 2276 793 civitatis

699 826 1023 880 constructio
1041 826 1207 881 multo
1226 829 1383 883 etiam
1413 828 1589 898 plures
1612 843 1779 883 annos
1803 830 2151 903 consumpsit)
2174 832 2268 904 (a),

701 914 901 971 docens
923 930 1017 971 eos
1047 932 1231 973 rursus
1254 918 1509 989 propheta
1534 922 1601 974 ad
1628 921 1791 975 Deum
1823 922 2125 993 confugere,
2158 922 2271 978 lucc

698 1008 1033 1077 persequitur
1052 1049 1067 1075 ,
1093 1010 1379 1066 ostendens
1405 1014 1579 1066 omnia
1608 1013 1802 1069 frustra
1824 1026 1874 1070 et
1917 1018 2268 1089 nequidquam

698 1095 845 1162 lteri,
877 1098 979 1152 nisi
1009 1098 1075 1153 ad
1114 1115 1174 1154 se
1211 1100 1449 1156 divinum
1479 1104 1733 1159 auxilium
1774 1108 2107 1161 attraxeriiit.
2148 1107 2266 1164 Non

691 1182 865 1241 solum
898 1188 1039 1243 enim
1078 1198 1138 1243 ut
1166 1191 1457 1247 liberentur
1482 1211 1511 1248 a
1552 1196 1875 1264 captivitate,
1902 1199 1992 1253 sed
2020 1202 2181 1254 etiam
2210 1209 2267 1255 ut

689 1274 895 1332 liberati
924 1282 1117 1335 muenia
1147 1285 1396 1350 excitent,
1434 1288 1543 1340 lit'f‘i
1578 1304 1679 1341 non
1712 1300 1885 1359 potest
1905 1293 2104 1361 absque
2130 1293 2264 1347 divi-

692 1382 763 1421 no
799 1371 1013 1425 auxilio.
1062 1372 1125 1426 Et
1152 1374 1275 1443 quid
1306 1376 1425 1429 dico
1444 1376 1513 1431 dc
1542 1380 1706 1433 muris
1732 1382 2025 1436 excitandis
2052 1392 2105 1436 et
2132 1383 2263 1439 urbe

684 1460 1034 1518 aediﬁcanda?
1063 1463 1138 1519 Ne
1170 1481 1286 1520 eam
1315 1466 1527 1538 quidem
1577 1471 1861 1538 perfectam
1883 1484 1940 1530 et
1962 1476 2259 1531 absolutam

689 1554 884 1622 poterit
902 1556 1022 1625 quis
1050 1558 1338 1623 custodire,
1372 1560 1415 1615 si
1441 1561 1567 1615 illud
1595 1563 1641 1617 ei
1682 1578 1786 1618 non
1817 1566 1953 1621 adsit
1981 1568 2261 1631 auxilium.

687 1644 811 1699 llaec
856 1656 1033 1703 autem
1072 1648 1315 1712 dicebat.
1343 1653 1423 1708 eis
1453 1657 1597 1710 omni
1634 1659 1838 1713 ratione
1888 1660 2138 1729 suadens,
2197 1672 2255 1719 ut

678 1750 864 1791 rursus
891 1738 956 1793 ad
991 1740 1082 1796 Dei
1111 1743 1361 1799 auxilium
1390 1748 1769 1819 confugerent,
1798 1768 1865 1806 ne
1893 1752 2004 1808 otio
2022 1765 2071 1809 et
2097 1756 2255 1812 rebus

679 1827 928 1883 secundis
956 1830 1147 1887 fierent
1188 1835 1942 1925 negligetitiores..l‘ropterca
1984 1846 2125 1900 enim
2155 1864 2254 1904 nec

676 1918 833 1973 simul
860 1929 913 1975 et
936 1924 1223 1979 acervatim
1250 1926 1398 1982 dedit
1425 1931 1501 1984 eis
1526 1918 1662 1985 bona
1686 1935 1863 1989 omnia
1883 1977 1897 2001 ,
1926 1936 2019 1991 scd
2051 1940 2248 1995 sensim

674 2022 731 2066 et
753 2015 1024 2083 paulatim,
1058 2031 1125 2072 ne
1150 2018 1311 2074 celeri
1334 2020 1645 2078 liberatione
1666 2041 1695 2077 a
1723 2026 1878 2082 malis
1903 2028 1968 2083 ad
1996 2029 2249 2099 improbi-

671 2110 833 2159 tatem
862 2107 1133 2175 pristinam
1188 2125 1543 2169 recurrerent.
1590 2115 1891 2183 Quinetiam
1938 2119 2061 2173 dum
2110 2122 2246 2179 bona

670 2194 840 2262 daret,
869 2212 962 2253 eos
990 2214 1133 2269 carpe
1155 2199 1496 2271 admouebat,
1529 2221 1623 2275 per
1647 2208 1991 2279 irruptionem
2015 2212 2244 2269 hostium

667 2300 850 2342 eorum
872 2290 1168 2345 socordiam
1192 2289 1504 2357 frequenter
1533 2298 1793 2354 excitans.
1822 2300 1972 2369 Quod
2003 2318 2131 2374 ergo
2160 2304 2247 2361 liic

664 2374 877 2442 dicitur,
908 2370 1236 2450 generali/ter
1276 2385 1475 2440 dictum
1511 2400 1593 2443 est
1625 2408 1635 2440 :
1667 2405 1731 2445 ex
1761 2393 1861 2447 hoc
1883 2405 2059 2449 autem
2083 2413 2244 2467 argu-

665 2476 846 2524 mento
871 2472 1011 2541 cepit
1030 2474 1369 2545 principium.
1394 2477 1615 2548 Oportet
1630 2484 1771 2536 enim
1791 2484 1839 2538 id
1862 2498 2045 2555 aptare
2066 2490 2239 2544 omni-

664 2564 781 2625 bus.
812 2583 914 2621 non
945 2579 1001 2622 ut
1029 2570 1126 2639 ipsi
1156 2574 1409 2628 socordes
1432 2575 1597 2630 simus
1620 2618 1632 2640 ,
1672 2587 1724 2632 et
1750 2580 1921 2647 supini
1940 2581 2234 2652 jaceamus,

660 2656 757 2710 sed
780 2666 837 2711 iit
861 2671 1042 2714 nostra
1063 2660 1368 2729 atl'erentes,
1397 2664 1484 2719 Dei
1507 2667 1725 2723 arbitrio
1752 2672 1927 2725 omnia
1964 2676 2237 2743 permitta-

659 2759 799 2811 mus,
833 2761 984 2817 aspe
1022 2749 1160 2805 illius
1209 2752 1259 2807 in
1308 2754 1555 2812 omnibus
1607 2772 1865 2828 perpetuo
1912 2764 2229 2831 pendentes.

658 2833 1113 2903 Quemadmodum
1146 2844 1287 2898 enim
1332 2844 1443 2901 fieri
1484 2863 1587 2903 non
1640 2860 1813 2918 potest
1842 2862 1927 2919 ut,
1957 2856 2055 2910 nisi
2096 2857 2233 2913 Deus

656 2937 811 2992 Opem
840 2924 1009 2993 ferat,
1045 2946 1130 2985 res
1164 2932 1228 2985 ad
1262 2933 1423 2989 linem
1456 2938 1813 3006 perducantur
1843 2960 1855 2995 :
1886 2945 1989 3009 ita,
2017 2947 2061 3000 si
2091 2946 2231 3005 Deus

655 3031 811 3085 opem
841 3016 995 3084 ferat,
1024 3022 1193 3078 simus
1213 3036 1386 3081 autem
1416 3031 1743 3101 negligentes
1772 3045 1823 3089 et
1849 3039 2003 3093 otiosi
2028 3082 2043 3105 ,
2069 3040 2228 3097 linem

653 3122 757 3161 non
789 3111 1080 3177 poterimus
1122 3119 1352 3185 assequi.
1402 3118 1591 3175 Vanum
1631 3134 1704 3177 est
1732 3126 1866 3180 vobis
1908 3138 2023 3183 ante
2064 3129 2227 3189 lucem

648 3212 852 3268 surgere
879 3215 898 3254 :
925 3204 1113 3271 surgite
1161 3216 1423 3277 postquam
1466 3212 1712 3268 sederitis.
1764 3217 1919 3272 Alius
1961 3222 2222 3293 interpres

655 3289 757 3353 ait,
815 3291 1162 3349 Tardantibua
1201 3302 1270 3353 ad
1340 3302 1631 3358 sedendum.
1664 3308 1831 3376 Alius,
1864 3289 2223 3378 Dilereiitibus

646 3380 833 3433 aedere.
863 3382 1013 3449 Quod
1055 3396 1233 3441 autem
1276 3389 1424 3456 dicit,
1464 3404 1546 3448 cst
1574 3397 1834 3465 ejusmodi
1860 3416 1874 3457 :
1902 3403 2119 3462 Etiamsi
2149 3411 2221 3463 vi-

645 3468 851 3537 giletis,
880 3476 1086 3530 etiamsi
1123 3493 1279 3534 inane
1310 3483 1608 3540 exciteinini
1634 3528 1649 3552 ,
1684 3491 1889 3547 etiamsi
1935 3510 2059 3551 sero
2086 3502 2219 3555 eatis

642 3563 1083 3629 ciibitum,.omiie
1113 3577 1320 3639 tempus
1351 3574 1401 3628 in
1426 3575 1606 3633 labore
1634 3589 1688 3635 et
1708 3580 1995 3643 afflictione
2021 3604 2215 3647 consu-

641 3663 870 3721 mentes,
894 3656 993 3712 nisi
1018 3660 1266 3715 auxilium
1294 3664 1408 3733 ejus
1438 3674 1815 3740 asseqiiainini,
1844 3680 2089 3746 peribunt
2114 3684 2211 3738 hu-

638 3759 792 3801 mana
814 3751 1011 3815 omnia,
1038 3759 1092 3805 et
1116 3768 1182 3809 ex
1208 3770 1272 3809 eo
1296 3758 1470 3814 studio
1487 3778 1546 3814 ac
1564 3764 1831 3833 diligentia
1850 3772 1991 3824 nulla
2021 3774 2214 3834 redibit

637 3837 853 3893 utilitas.
890 3841 991 3908 Qui
1028 3847 1342 3903 manducetis
1382 3869 1563 3919 panem
1617 3857 1828 3915 doloris.
1884 3862 1996 3918 Hoc
2044 3867 2207 3935 dicit,

633 3929 919 3987 ostendens
949 3948 1041 3989 eos
1072 3936 1233 3991 vitam
1262 3939 1455 4010 degere
1490 3945 1808 4005 laboriosam
1848 3951 1975 4007 dum
2012 3962 2200 4015 armati

633 4020 914 4076 tediticant.
942 4025 1123 4081 Altera
1162 4030 1301 4083 enim
1335 4048 1492 4087 manu
1514 4076 1527 4099 ,
1559 4037 1756 4107 inquit,
1803 4044 2093 4102 canistrum
2116 4061 2208 4104 aut

632 4110 855 4180 lapidem
887 4114 1145 4184 ferebant,
1173 4130 1224 4173 et
1248 4122 1349 4176 alia
1379 4124 1632 4192 gladium,
1658 4129 1721 4183 ad
1745 4131 2122 4193 aedificandum
2150 4151 2206 4196 et

632 4202 932 4259 bellandum
955 4209 1158 4278 seipsos
1182 4211 1479 4270 dividentes
1501 4257 1516 4280 ,
1543 4228 1596 4272 et
1625 4236 1722 4274 uua
1744 4238 1864 4277 cum
1894 4226 2094 4299 clypeis
2120 4231 2202 4288 fe-

631 4302 809 4348 rentes
840 4295 1035 4350 silices.
1068 4297 1198 4365 Quia
1228 4303 1369 4356 enim
1400 4320 1502 4358 non
1532 4319 1647 4362 erat
1679 4314 1876 4367 munita
1922 4295 2066 4383 urbs,
2107 4324 2201 4377 sed

632 4383 844 4450 nudata,
874 4385 1077 4442 subitos
1106 4400 1281 4444 autem
1310 4402 1364 4446 et
1401 4396 1695 4466 inopinatos
1721 4400 1947 4458 hostium
1977 4408 2203 4477 impetus

627 4471 741 4526 fore
768 4474 988 4544 singulis
1014 4476 1157 4531 boris
1183 4484 1586 4550 suspicabantur
1605 4530 1617 4549 ,
1651 4494 1837 4545 armati
1864 4509 2043 4551 muros
2069 4502 2199 4554 avdi-

628 4563 873 4630 licabaiit,
903 4576 956 4619 et
981 4581 1155 4633 enses,
1187 4570 1377 4640 clypei,
1407 4574 1670 4646 gladiique
1698 4580 1954 4647 aderant,
1983 4596 2036 4641 et
2080 4604 2198 4657 pro-

627 4655 713 4709 cul
744 4666 895 4709 erant
936 4657 1146 4725 quidam
1173 4664 1550 4733 speculatores,
1584 4672 1671 4739 qui
1713 4674 1967 4730 incertam
2010 4695 2194 4735 eorum

625 4745 968 4813 irruptiouem
1004 4749 1388 4818 significarent,
1418 4766 1470 4810 et
1516 4760 1639 4814 tuba
1674 4777 1924 4820 canerent
1950 4809 1963 4829 ,
1991 4770 2035 4823 si
2062 4786 2196 4840 quos

623 4835 800 4901 procul
828 4836 1173 4894 adventantes
1194 4842 1449 4899 viderent.
1471 4847 1573 4902 Sed
1603 4857 1698 4905 etsi
1728 4852 1859 4921 haec,
1896 4835 2092 4929 inquit,
2115 4863 2194 4917 fa-

620 4928 775 4981 ciatis
799 4968 815 4991 ,
843 4938 895 4982 et
929 4946 1117 4997 panem
1145 4932 1348 4989 doloris
1378 4941 1666 4997 couiedatis
1686 4987 1698 5008 ,
1746 4951 1921 5003 omnia
1946 4954 2189 5025 ,iuquit,

618 5016 811 5075 frustra
840 5030 893 5073 et
921 5024 1271 5095 nequidquam
1300 5029 1520 5097 facietis,
1546 5034 1983 5097 nisiattraxeritis
2008 5016 2192 5115 super;

616 5124 744 5163 num
771 5112 1040 5165 auxilium.
1065 5114 1215 5181 Quod
1247 5119 1289 5173 si
1323 5120 1392 5173 illi
1423 5134 1477 5175 iit
1507 5126 1687 5180 urbem
1708 5138 1759 5183 et
1782 5147 1961 5188 muros
1987 5140 2189 5192 excita-

614 5210 754 5263 rent,
788 5211 933 5256 tanto
982 5218 1115 5272 opus
1162 5206 1419 5265 hal:ebant
1465 5229 1695 5285 superno
1748 5225 1942 5281 auxilio
1981 5232 2191 5287 :niulto

616 5292 785 5362 magis
810 5308 927 5359 nos,
958 5296 1047 5365 qui
1078 5297 1215 5352 viain
1244 5316 1359 5369 qua:
1391 5304 1536 5359 ducit
1564 5308 1613 5361 in
1632 5312 1814 5366 calum
1842 5316 2185 5386 ingredimur.

617 5382 743 5437 Cum
789 5384 981 5441 dederit
1023 5388 1216 5444 dilectis
1259 5393 1339 5445 sui
1352 5411 1365 5443 ς
1405 5414 1656 5453 somnum.
1688 5404 1739 5457 5.
1786 5382 1920 5461 Ecce
1940 5412 2189 5470 hereditas

615 5473 858 5544 Domitii,
909 5478 1030 5545 lilii.
1082 5480 1388 5553 Cujusmoili
1452 5502 1534 5543 est
1591 5494 1702 5549 hinc
1753 5507 2186 5572 consequentia?

673 5653 939 5739 (eligatis:
984 5662 1262 5739 parentliesi
1308 5665 1482 5737 desunt
1524 5672 1571 5720 in
1602 5674 1814 5739 _$ut‘ill0,‘
1849 5682 1935 5730 sed
1961 5684 2005 5731 in
2032 5687 2185 5737 omni-

614 5712 703 5762 bus
721 5714 823 5763 aiits
844 5712 1101 5782 habentur,
1131 5733 1181 5771 et
1200 5712 1263 5774 ad

1465 350 1523 405 S.
1564 350 1841 408 JOANNIS
1876 349 2347 408 Cﬂl‘tYSOSTOMI
2382 350 2699 410 ARClllEP.
2739 355 3271 419 ΟΟιῈΤΔΝΤΙΝΟΡ.

3868 372 3975 431 εει

2391 464 2617 521 puiciii-s
2656 468 2911 539 proiecto,
2934 473 3092 529 valde
3119 475 3398 533 colimus
3424 478 3707 549 prioribus.
3735 481 3850 539 Hoc
3882 495 3975 542 est

2385 556 2527 611 enim
2561 560 2701 628 quod
2749 560 2875 616 dicit
2907 579 2922 615 :
2950 562 3007 618 Si
3053 563 3195 621 Deus
3234 581 3390 639 opem
3434 584 3539 623 non
3587 570 3743 639 ferat,
3786 575 3970 632 omnia

2383 661 2609 718 pereunt
2636 653 2886 722 :quando
2919 667 3098 712 autem
3139 658 3259 723 fert.
3284 670 3410 717 tunc
3438 660 3703 731 jucundus
3741 678 3824 723 est
3869 683 3967 725 so-

2383 757 2559 804 mnus,
2589 753 2712 799 tunc
2733 756 2816 800 est
2841 747 3031 814 otium,
3056 759 3110 805 et
3136 750 3241 806 vita
3275 767 3303 805 a
3328 755 3578 824 periculis
3598 757 3780 825 libera,
3803 770 3858 816 et
3876 775 3967 817 ae-

2380 834 2602 891 curitate
2630 837 2807 906 plena.

2447 928 2504 981 Ξ.
2542 928 2765 996 Quando
2790 947 2920 1002 ergo
2946 948 3194 993 somnum
3223 939 3303 995 eis
3343 939 3552 999 dederit
3580 985 3596 1008 .
3622 947 3836 1016 quando
3860 963 3962 1006 eos

2377 1016 2623 1076 refecerit
2643 1062 2658 1086 ,
2685 1027 2899 1094 quando
2927 1042 3023 1084 eos
3044 1032 3138 1101 qui
3167 1033 3422 1090 invadunt
3452 1038 3779 1107 propulsarit
3797 1081 3814 1107 ,
3845 1057 3962 1100 non

2373 1110 2544 1166 solum
2571 1123 2695 1170 tunc
2721 1115 3058 1178 tedilicabtmt
3083 1124 3378 1194 civitatem,
3401 1145 3499 1184 nec
3517 1145 3635 1185 eam
3655 1132 3959 1190 solummo-

2372 1198 2442 1255 do
2478 1203 2808 1273 custodient,
2840 1209 2934 1265 sed
2977 1214 3145 1270 multo
3191 1216 3353 1275 etiam
3393 1220 3596 1290 majora
3643 1224 3907 1295 accipient
3937 1245 3955 1282 :

2370 1306 2531 1351 erunt
2553 1299 2697 1355 enim
2727 1310 2909 1371 patres
2935 1305 3225 1364 multorum
3265 1309 3518 1380 ﬁliorum,
3540 1324 3605 1370 et
3628 1317 3849 1386 pulchra
3870 1321 3958 1377 eis

2368 1392 2644 1461 augebitur
2672 1397 2904 1453 soboles.
2943 1400 3139 1457 Herses
3177 1408 3373 1474 ﬂuctus
3410 1410 3617 1463 uentris.
3648 1412 3798 1466 Alius
3820 1414 3957 1469 dicit

2368 1481 2464 1553 (ri),
2498 1484 2689 1542 Nereos
2715 1488 2825 1560 ipse
2853 1490 3053 1559 fructus
3072 1497 3272 1551 uentris.
3295 1497 3432 1565 Quid
3460 1497 3562 1555 hoc
3598 1502 3713 1556 est?
3741 1502 3952 1560 Merce-

2365 1576 2509 1641 dem,
2564 1578 2760 1649 inquit,
2804 1583 3067 1653 accipient
3114 1600 3457 1645 ulmerosam
3516 1593 3777 1648 sobolem.
3824 1592 3953 1653 Etsi

2365 1667 2507 1722 enim
2532 1667 2635 1725 hoc
2667 1671 2741 1726 sit
2764 1685 2899 1743 opus
2925 1684 3129 1733 natura
3154 1719 3171 1744 ,
3202 1681 3415 1749 quando
3438 1696 3615 1740 tamen
3653 1685 3795 1741 Deus
3840 1686 3952 1745 fert

2362 1774 2539 1828 opem,
2567 1776 2632 1817 ea
2662 1760 2869 1819 felicius
2896 1769 3158 1837 procedit.
3188 1771 3323 1829 Nam
3351 1775 3466 1844 ipsa
3501 1780 3713 1848 quoque
3742 1780 3951 1852 indiget

2360 1863 2589 1919 superno
2634 1856 2838 1911 auxilio
2865 1871 3163 1932 :eriintque
3207 1862 3540 1938 Jeroaolyma
3595 1872 3793 1940 popqu
3829 1870 3947 1929 fre-

2358 1945 2591 2011 quentia.
2644 1945 2760 2001 Non
2783 1948 2835 2003 in
2858 1948 2944 2005 bis
2963 1962 3141 2008 autem
3168 1954 3340 2012 solum
3365 1958 3623 2015 consistet
3640 1976 3827 2019 eorum
3857 1963 3943 2023 fec

2357 2032 2547 2100 licitas,
2578 2052 2771 2110 nempe
2799 2041 2851 2096 in
2877 2043 3252 2117 aedificatione,
3275 2049 3330 2106 in
3353 2053 3618 2121 custodia,
3640 2056 3691 2110 in
3712 2057 3937 2127 sobole;

2354 2124 2446 2180 sed
2470 2125 2552 2181 liis
2572 2130 2731 2186 etiam
2753 2132 2855 2188 alia
2878 2136 3157 2195 accedent.
3176 2138 3542 2201 Etosteudcns
3552 2160 3795 2217 quamam

2353 2226 2497 2284 sunt,
2523 2221 2793 2294 subjungit
2818 2225 3003 2283 dicens
3033 2246 3049 2285 :
3076 2233 3130 2286 ι.
3174 2232 3319 2289 Sicut
3342 2237 3541 2307 sagiute
3565 2239 3616 2293 in
3655 2256 3809 2296 nurui
3835 2260 3939 2314 ρο-

2352 2312 2517 2379 tentia,
2547 2314 2617 2366 ita
2636 2314 2735 2383 ﬁlii
2758 2333 3097 2376 musarum.
3116 2323 3286 2393 Alius,
3301 2326 3635 2399 Alligatoriuu
3654 2332 3755 2401 (ti).
3776 2312 3938 2401 Quod

2348 2413 2524 2458 autem
2551 2404 2697 2473 dicit,
2727 2418 2811 2463 est
2831 2410 3093 2480 ejusmodi
3123 2430 3139 2469 :
3167 2414 3281 2471 Non
3297 2427 3456 2473 erunt
3480 2421 3653 2475 solum
3678 2424 3773 2478 tuti
3790 2425 3936 2482 intra

2345 2495 2540 2549 mteiiia
2566 2505 2621 2553 et
2645 2496 2697 2551 in
2724 2500 2855 2557 urbe
2878 2504 3102 2572 munita,
3136 2522 3236 2563 nec
3259 2510 3364 2564 erit
3384 2511 3465 2566 eis
3508 2523 3706 2569 tantum
3738 2532 3934 2573 nume-

2344 2601 2465 2643 rosa
2497 2590 2707 2647 soboles
2724 2634 2739 2657 ,
2767 2594 2861 2651 sed
2888 2608 3048 2652 erunt
3079 2601 3239 2655 etiam
3281 2604 3547 2661 terribiles
3572 2606 3813 2667 hostibus
3831 2654 3848 2679 ,
3873 2621 3931 2667 et

2346 2681 2609 2741 terribiles
2634 2693 2691 2740 ut
2728 2687 2954 2758 sagittis.
3000 2690 3115 2747 Non
3143 2691 3277 2750 dixit
3309 2704 3491 2752 autem
3521 2699 3762 2757 absolute
3781 2744 3796 2767 ,
3821 2702 3925 2759 Sa-

2340 2773 2482 2841 gitta:
2505 2791 2523 2828 :
2545 2774 2662 2845 sed,
2682 2776 2898 2849 Sagitta
2914 2782 2967 2835 in
2988 2799 3144 2838 manu
3163 2789 3463 2857 potentium.
3490 2789 3605 2846 Non
3628 2795 3925 2873 suntenim

2339 2864 2543 2932 sagittae
2564 2867 2691 2937 ipsa:
2714 2884 2809 2939 per
2832 2887 2893 2939 se
2914 2876 3198 2943 terribiles,
3222 2880 3317 2935 sed
3338 2891 3464 2938 tunc
3487 2885 3700 2954 quando
3732 2868 3928 2945 tenen-

2339 2966 2425 3011 tur
2451 2974 2481 3013 a
2511 2964 2733 3027 potenti,
2754 2975 2980 3021 mortem
3006 2970 3314 3029 minitantes
3339 2973 3405 3029 iis
3433 2990 3566 3045 quos
3582 2978 3921 3037 adoriuntur.

2337 3048 2410 3102 Ita
2435 3064 2560 3120 ergo
2581 3062 2738 3109 erunt
2764 3054 2816 3110 bi
2839 3058 3125 3116 terribiles.
3147 3061 3397 3132 Quinam,
3421 3066 3513 3121 hi?
3538 3066 3667 3123 Filii
3681 3085 3924 3127 excusso.

2332 3155 2465 3193 rum.
2494 3143 2606 3198 [loc
2634 3154 2752 3212 est,
2802 3162 2987 3205 eorum
3013 3156 3102 3222 qui
3150 3167 3304 3211 erant
3343 3158 3469 3213 oliui
3508 3160 3794 3229 imbecilli,
3823 3166 3922 3236 qui

2335 3232 2495 3287 vincti
2532 3245 2586 3289 et
2614 3237 2837 3308 alligati.
2865 3240 3079 3299 Priores
3100 3246 3243 3301 enim
3268 3263 3355 3304 res
3383 3250 3640 3306 adversas
3675 3255 3755 3309 eis
3796 3232 3917 3312 fre-

2330 3332 2555 3391 quenter
2582 3327 2636 3381 iii
2680 3333 2991 3388 memoriam
3019 3336 3210 3407 redigit
3257 3338 3311 3394 in
3342 3350 3581 3411 tempore
3608 3344 3915 3417 felicitatis,

2329 3423 2385 3467 ut
2409 3426 2641 3472 mentem
2673 3435 2858 3476 eorum
2886 3426 3031 3480 omni
3058 3442 3122 3482 ex
3152 3440 3303 3499 parte
3331 3434 3601 3504 corrigat,
3631 3447 3686 3491 et
3716 3452 3809 3507 per
3843 3454 3917 3504 ea

2326 3520 2444 3573 quae
2467 3511 2604 3577 passi
2640 3521 2766 3566 sunt
2789 3556 2804 3579 ,
2832 3525 2887 3570 et
2914 3531 2943 3569 a
2980 3518 3172 3587 quibus
3202 3536 3325 3577 sunt
3369 3524 3572 3581 liberati
3592 3568 3608 3593 ,
3637 3539 3691 3582 et
3720 3544 3814 3599 per
3839 3547 3912 3587 ea

2324 3612 2444 3666 qua:
2463 3614 2877 3674 consequentur.
2906 3608 2959 3663 5.
2992 3607 3180 3667 Beatus
3204 3615 3298 3681 vir,
3323 3616 3409 3687 qui
3452 3618 3679 3689 implebit
3700 3621 3910 3678 deside-

2323 3690 2454 3743 rium
2483 3708 2631 3747 suum
2652 3712 2714 3749 ea:
2745 3699 2909 3767 ipsis;
2938 3718 3040 3756 non
3064 3708 3466 3775 confundentur,
3491 3728 3605 3764 cum
3636 3714 3913 3784 loquentur

2322 3780 2534 3837 inimicis
2559 3788 2666 3842 suis
2690 3787 2743 3841 in
2764 3803 2928 3858 porta.
2962 3795 3109 3851 Alius
3147 3797 3295 3865 dicit,
3320 3800 3506 3857 Beatus
3524 3846 3537 3871 ,
3567 3807 3654 3875 qui
3674 3780 3911 3877 implebit

2320 3872 2614 3938 pharetram
2640 3894 2783 3931 suam
2814 3898 2877 3935 ea:
2916 3884 3042 3954 ipsis
3074 3885 3167 3957 (c).
3202 3888 3255 3944 Id
3278 3902 3359 3945 est
3396 3909 3410 3946 :
3442 3894 3554 3950 Hoc
3579 3872 3793 3970 quoque
3815 3902 3903 3958 eis

2316 3963 2506 4030 aderit,
2536 3966 2699 4023 robur
2716 3975 2975 4041 corporis,
3008 3986 3181 4033 terror
3199 3983 3289 4051 qui
3319 3999 3422 4037 non
3451 3963 3647 4055 poterit
3668 3963 3906 4049 sustine-

2316 4052 2381 4119 ri,
2413 4056 2627 4124 pulclira
2652 4069 2706 4115 et
2725 4078 3009 4121 numerosa
3040 4070 3239 4140 proles,
3270 4052 3530 4131 securiias
3551 4122 3565 4143 ,
3605 4082 3750 4137 urbis
3778 4086 3904 4153 pul-

2314 4144 2591 4214 chritudo,
2625 4152 2843 4209 victoria
2870 4167 2924 4211 et
2959 4168 3155 4230 tropaea
3192 4165 3245 4218 in
3288 4166 3466 4224 bellis.
3506 4170 3766 4239 Quocirca
3795 4192 3900 4234 eos

2312 4253 2522 4308 quoque
2560 4243 2747 4300 beatos
2778 4250 3059 4317 praedicat,
3085 4256 3175 4325 qui
3206 4268 3330 4312 sunt
3350 4269 3725 4333 consequuturi
3755 4268 3899 4327 banc

2311 4327 2636 4387 felicitatem.
2684 4337 2849 4393 Erunt
2874 4345 3038 4410 enim,
3075 4346 3281 4418 inquit,
3310 4327 3669 4412 armatidSed
3704 4362 3895 4419 nonin

2310 4421 2393 4476 liis
2424 4431 2626 4481 tantum
2654 4432 2909 4487 consistet
2957 4450 3142 4492 eorum
3177 4440 3482 4512 beatitudo,
3511 4463 3693 4504 verum
3726 4455 3893 4511 etiam

2309 4511 2360 4564 in
2388 4528 2452 4567 eo
2480 4519 2621 4585 quod
2645 4535 2749 4573 non
2773 4522 3074 4581 afﬁcientur
3097 4532 3322 4598 pudore.
3355 4511 3477 4591 Non
3516 4544 3895 4609 coiifundentur

2304 4604 2465 4672 enim,
2496 4607 2682 4678 inquit,
2711 4616 2913 4681 quando
2937 4620 3200 4688 loquentur
3226 4624 3446 4683 inimicis
3477 4633 3583 4685 suis
3610 4604 3662 4687 in
3709 4648 3887 4706 porto.

2304 4694 2562 4761 Quidnam
2606 4712 2689 4756 est
2730 4704 2869 4760 hoc?
2918 4709 3201 4768 Maximum
3256 4725 3555 4787 tropaeum,
3615 4694 3886 4786 ma'ximus

2303 4787 2573 4854 splendor,
2602 4794 2899 4861 iucunditas
2926 4815 3129 4856 summa
3161 4814 3216 4860 et
3248 4807 3489 4866 felicitas.
3528 4814 3710 4887 Neque
3736 4823 3884 4878 enim

2302 4879 2378 4931 eis
2398 4883 2801 4949 exprobrabitur
2829 4892 2971 4959 quod
2993 4893 3135 4949 Deus
3160 4912 3340 4953 curam
3368 4918 3555 4957 eorum
3583 4924 3878 4979 nzvtigcssc.

2302 4971 2399 5035 rit,
2431 4975 2514 5027 vel
2545 4978 2683 5043 quod
2715 4978 2878 5034 Deum
2911 4982 3195 5043 habuerint
3227 4991 3548 5051 imbecillum
3576 5042 3591 5065 ,
3621 4971 3880 5074 velvquod

2300 5072 2565 5131 potentem
2594 5070 2828 5139 quidem,
2857 5089 3037 5130 verum
3065 5080 3172 5135 suis
3194 5070 3879 5168 peccatis‘depulerint‘ejus

2358 5244 2764 5335 (SZXElisiil‘i‘i
2793 5261 3037 5335 mferﬁies
3069 5271 3334 5335 'SPWW-
3370 5275 3481 5318 "me
3511 5273 3693 5335 quippe
3741 5277 3889 5331 lectio

2297 5306 2307 5316 ἱ
2358 5270 2429 5306 κα)
2460 5270 2573 5320 quis
2593 5270 2657 5299 sit
2680 5270 2757 5323 uie
2793 5270 3037 5371 inierat-es
3069 5271 3334 5323 ignoratur.
3370 5275 3481 5318 time
3511 5273 3693 5335 quippe
3741 5277 3886 5331 lectio

2296 5308 2817 5399 Sciap‘l‘i‘shpﬁti,“
2830 5329 2914 5399 ex”
2939 5321 3250 5399 _urysost0iuo
3269 5338 3460 5392 sumpta
3482 5341 3557 5383 est
3575 5371 3591 5397 ,
3613 5338 3698 5399 qui
3727 5342 3886 5393 inter-

2297 5377 2484 5432 pretum
2511 5377 2700 5423 nomina
2727 5389 2818 5425 non
2843 5380 2997 5432 affert.

2358 5430 2894 5520 "flageleetiquemi
2924 5430 3187 5520 esseputo
3225 5454 3445 5513 septimm
3483 5458 3726 5511 Edilionia.
3765 5471 3880 5515 Nam

2493 5500 2795 5578 :ﬁmmachi
2811 5537 2823 5556 ,
2847 5491 3188 5578 Tlieodotmnis
3203 5491 3879 5578 ,'§é'§'i§ﬁii3"€iiiiioiiisuiég

2854 5572 2988 5645 licita
2996 5569 3039 5630 pl
3048 5572 3085 5619 is
3096 5585 3188 5645 ex
3199 5562 3215 5645 ξ
3225 5562 3511 5645 Hieronymo
3522 5562 3877 5645 ,ῖίίἶῖιὲἷῑιίἔε

2292 5617 2717 5701 mones-Emunxi.
2741 5623 2799 5671 ad
2821 5617 3081 5701 septimani
3095 5617 3869 5701 Eii—itioneiiiji’eiiviuevre'iidem:

2354 5677 2579 5766 1
2588 5677 2927 5766 interpretatio
2944 5677 3871 5766 est'jiiiié'xauiiéiiﬁ'é§§iiiiiiiéu7i§73i

2290 5739 2680 5813 ‘rlieodotionein.
2711 5739 3025 5813 I'lierouynius

2293 5818 2413 5861 "(illi
2434 5822 2589 5867 διιαηι,
