4218 6434
357 358 455 416 3'15

359 470 747 541 providentiam
779 484 792 521 :
824 464 917 520 sed
957 464 1008 517 in
1033 462 1281 518 onmibus
1315 461 1445 515 clari
1487 469 1540 513 et
1565 457 1735 530 gloria
1783 456 1947 525 pleni,

356 573 573 633 prepter
586 561 880 623 civitatem,
906 562 1124 624 propter
1141 568 1346 617 muros,
1376 558 1595 620 propter
1620 549 1947 608 custodiam,

355 662 577 725 propter
619 652 845 712 liberos,
888 657 1109 719 propter
1144 660 1315 711 arma,
1365 652 1582 713 propter
1614 640 1949 711 potentiam,

347 759 454 798 non
483 758 543 797 se
576 750 759 811 tegent
801 754 909 809 pra:
938 738 1141 807 pudore
1171 735 1412 788 videntes
1442 733 1692 787 inimicus
1714 776 1726 793 ,
1749 731 1843 788 sed
1870 733 1949 785 eis

351 836 614 893 acerrime
635 840 941 893 occurrcnt,
973 830 1260 900 gloriantes
1285 868 1299 889 ,
1327 826 1428 880 sibi
1477 821 1750 893 placentes
1774 865 1790 889 ,
1834 838 1947 876 ma-

350 941 480 998 gnos
507 933 782 978 sumentes
810 923 1049 993 spiritus,
1078 930 1133 974 et
1161 920 1357 979 ornati,
1390 932 1511 972 cum
1546 917 1687 971 Deus
1704 931 1800 985 per
1830 914 1946 969 hmo

349 1017 525 1074 munia
570 1014 820 1070 ostendat
868 1028 928 1068 se
975 1027 1162 1067 eorum
1213 1010 1515 1079 suscepisse
1563 1007 1939 1079 patrocinium.

345 1111 565 1164 Summa
595 1108 737 1162 enim
758 1106 1040 1171 bonorum,
1067 1111 1122 1158 et
1144 1103 1415 1157 felicitatis
1442 1102 1653 1156 culmen
1681 1108 1759 1155 est
1788 1098 1945 1153 dein-

343 1217 504 1269 ccps,
533 1210 780 1255 ornatum
810 1209 862 1253 et
894 1200 1210 1253 instructum
1253 1184 1500 1251 esse'Dei
1527 1192 1852 1249 auxilio..Et
1879 1207 1942 1246 ea

342 1297 408 1349 de
444 1308 610 1349 causa
654 1294 741 1347 hic
789 1293 902 1346 ﬁuit
943 1291 1275 1355 orationem,
1323 1290 1526 1345 docens
1576 1302 1770 1343 omnes
1814 1296 1942 1340 ante

339 1387 519 1440 omnia
556 1383 699 1445 hunc
738 1392 981 1438 ornatum
1027 1396 1304 1452 quaerere,
1331 1390 1383 1435 et
1417 1396 1484 1437 eo
1521 1378 1761 1451 gloriari.
1802 1378 1937 1433 Eum

338 1493 468 1543 ergo
497 1492 595 1529 nos
623 1454 837 1545 quoque
869 1488 1281 1543 persequamur,
1317 1480 1374 1525 ut
1399 1481 1596 1525 aeterna
1638 1483 1941 1536 consequa-

338 1584 457 1621 nmr
486 1568 655 1633 bona,
683 1567 851 1637 gratia
882 1575 936 1619 et
979 1565 1308 1633 benignitate
1339 1562 1549 1617 Domini
1592 1560 1759 1614 nostri
1807 1557 1934 1613 Jesu

335 1658 569 1726 (2hri~ti,
597 1659 682 1713 cui
723 1673 844 1710 eum
895 1656 1054 1711 Patre
1090 1666 1147 1710 et
1181 1654 1385 1725 Spiritu
1432 1664 1623 1709 sancto
1660 1652 1830 1723 gloria
1880 1652 1933 1703 in

333 1768 391 1807 sa
410 1752 530 1808 cula
554 1752 897 1806 surculorum.
929 1751 1124 1804 Amen.

760 1886 827 1941 1N
865 1884 986 1942 PSA
996 1884 1189 1941 LMUM
1239 1883 1497 1940 CXXVII.

595 2000 646 2054 ι.
686 1996 830 2051 Beati
851 2014 1021 2052 omnes
1047 1997 1137 2067 qui
1163 1997 1335 2050 timent
1352 1995 1659 2057 Dominum.

402 2115 453 2166 1.
487 2112 621 2165 Vide
660 2111 929 2182 quomodo
972 2109 1041 2163 ab
1085 2124 1150 2163 eo
1177 2108 1382 2177 incipit,
1413 2109 1463 2161 in
1504 2123 1611 2176 quo
1635 2106 1812 2162 desiit.
1859 2105 1929 2162 Ut

326 2205 473 2261 enim
500 2204 608 2258 illic
634 2217 730 2262 eos
752 2203 935 2257 beatos
966 2209 1246 2270 prapterea
1276 2202 1515 2263 censuit,
1548 2198 1691 2269 quod
1722 2197 1927 2267 pudore

326 2312 433 2350 non
464 2294 867 2358 alﬁciebantur,
899 2291 1043 2362 quod
1087 2292 1256 2347 Deum
1295 2289 1565 2345 habebant
1601 2289 1921 2359 adiutorem,

324 2396 381 2441 et
404 2395 633 2440 stantem
676 2399 705 2437 a
736 2385 845 2437 suis
890 2382 1132 2453 partibus
1182 2380 1360 2453 (Psal.
1408 2380 1531 2435 {26.
1576 2381 1646 2450 5)
1684 2381 1801 2434 :ita
1838 2379 1925 2434 hic

324 2479 489 2534 etiam
517 2479 585 2532 ab
610 2492 676 2531 eo
703 2476 947 2541 orditur,
992 2473 1217 2530 dicens:
1252 2472 1393 2527 Beati
1424 2489 1594 2526 autne;
1622 2473 1707 2542 qui
1749 2472 1922 2525 timent

324 2570 620 2625 Dominum.
654 2568 717 2623 Et
745 2580 949 2629 rursus,
972 2574 1187 2635 sumpto
1215 2564 1283 2619 ab
1304 2564 1406 2618 illis
1434 2564 1716 2633 principio,
1743 2562 1922 2632 loqui-

322 2672 408 2717 tur
434 2660 776 2731 generaliter.
799 2659 965 2714 Recte
992 2669 1171 2713 autem
1203 2658 1355 2723 dixit,
1382 2656 1589 2718 Omnes,
1612 2655 1921 2726 signiﬁcans

318 2754 462 2825 quod
492 2754 605 2808 sive
630 2752 700 2808 sit
728 2766 938 2818 servus,
972 2752 1085 2805 sive
1113 2750 1382 2814 dominus,
1415 2750 1531 2805 sive
1560 2764 1781 2819 pauper,
1804 2748 1921 2803 sive

318 2846 536 2901 mutilus
573 2859 835 2915 corpore,
884 2858 949 2898 ac
987 2844 1221 2914 denique
1259 2844 1583 2913 quicumque
1625 2842 1733 2909 sit,
1785 2840 1914 2897 nihil

316 2957 505 2998 eorum
532 2949 675 2996 vetat
698 2940 984 3010 quominus
1025 2939 1218 2995 haheat
1242 2937 1383 2993 hanc
1427 2952 1586 3008 quam
1633 2936 1748 3006 ipse
1786 2935 1917 2990 dicit

316 3034 720 3091 beatitudinem.
743 3034 919 3088 Alium
946 3036 1089 3087 enim
1117 3031 1298 3087 ﬁctum
1326 3040 1379 3086 et
1402 3031 1731 3090 simulatum,
1753 3043 1912 3097 quem

316 3127 467 3182 multi
497 3127 707 3181 beatum
722 3124 1033 3195 praedicant,
1054 3124 1219 3177 multa
1245 3121 1618 3177 concurrentia
1639 3122 1726 3174 vix
1751 3120 1910 3174 talem

315 3218 517 3274 faciunt
548 3234 561 3270 :
590 3226 645 3272 et
677 3217 776 3271 nisi
805 3216 982 3271 omnia
1009 3215 1420 3278 concurrerint,
1450 3229 1571 3269 .nou
1602 3212 1764 3268 fuerit
1791 3213 1911 3282 quis

314 3310 503 3365 beatus
549 3309 690 3380 apud
732 3307 1015 3364 homines:
1058 3315 1119 3362 ut
1157 3306 1309 3362 verbi
1352 3307 1568 3377 gratia:
1610 3305 1656 3360 si
1693 3306 1813 3377 quis
1841 3305 1913 3360 sit

313 3402 486 3467 dives,
518 3401 622 3456 hoc
650 3401 698 3456 ei
734 3415 839 3455 non
861 3398 1060 3455 sufﬁcit
1087 3399 1156 3454 ad
1186 3399 1571 3454 beatitudinem
1591 3440 1607 3465 ,
1640 3400 1739 3454 nisi
1768 3398 1910 3453 adsit

313 3497 536 3550 sanitas.
567 3493 621 3549 Si
650 3495 792 3549 enim
823 3494 894 3548 sit
916 3493 1174 3559 dives,-et
1192 3508 1417 3562 corpore
1435 3493 1675 3558 mutilus,
1703 3492 1908 3547 claudi-

311 3595 397 3641 cat
425 3586 542 3656 ejus
572 3585 844 3641 beatitudo
863 3628 877 3650 ,
908 3596 962 3641 et
991 3592 1077 3641 est
1100 3586 1347 3641 miserior
1375 3585 1716 3655 pauperibus.
1758 3585 1907 3641 Multi

311 3686 459 3734 certe
483 3678 675 3732 divites
703 3693 825 3732 cum
858 3677 1060 3731 morbis
1081 3676 1473 3743 conﬁictantcs,
1506 3692 1787 3747 pauperes,
1815 3679 1905 3747 qui

310 3769 540 3839 compita
566 3769 933 3824 mendicantes
956 3768 1174 3836 obeunt,
1195 3768 1377 3825 felices
1398 3776 1520 3825 esse
1537 3769 1743 3837 dicunt,
1766 3779 1820 3826 et
1847 3786 1907 3827 se

311 3844 539 3915 miseros
564 3874 684 3915 esse
710 3858 912 3913 ducunt
938 3874 1061 3914 cum
1100 3859 1282 3915 decies
1319 3860 1467 3915 mille
1492 3860 1723 3915 talentis.
1768 3861 1908 3915 Rur-

310 3966 403 4007 sus
427 3951 470 4005 si
503 3951 570 4004 sit
594 3951 809 4021 quidem
835 3965 968 4005 sano
991 3964 1217 4019 corpore
1256 3961 1309 4005 et
1335 3950 1504 4017 dives,
1526 3950 1696 4021 gloria
1724 3960 1903 4006 autem

311 4055 365 4101 et.
394 4045 601 4101 honore
643 4053 856 4111 careat,
905 4055 988 4102 est
1028 4046 1171 4102 aliud
1216 4062 1402 4101 rursus
1442 4048 1903 4118 impedimentum.

310 4139 446 4197 Sunt
476 4140 618 4194 enim
646 4138 885 4193 ntmnulli
914 4140 1005 4208 qui
1049 4139 1339 4208 plurimum
1383 4140 1597 4210 quidem
1628 4141 1906 4209 possident

310 4233 588 4304 pecuniae,
621 4240 851 4301 suntque
889 4245 1119 4301 corpore
1145 4233 1390 4301 integro:
1438 4232 1531 4287 sed
1582 4233 1650 4288 ab
1686 4233 1749 4287 iis
1772 4273 1787 4297 ,
1813 4236 1903 4303 qni

310 4324 577 4395 principes
596 4333 651 4378 et
668 4322 831 4378 duces
850 4332 994 4389 sunt,
1018 4325 1329 4393 gravissima
1353 4327 1646 4395 patiuntur.
1668 4326 1745 4380 Eo
1760 4327 1902 4381 enim

309 4417 449 4489 quod
490 4416 685 4471 nullius
726 4416 833 4471 sint
874 4416 1092 4471 honoris
1125 4418 1443 4487 participes,
1493 4419 1803 4475 existimant
1844 4436 1905 4475 se

307 4524 428 4566 esse
463 4510 700 4564 omnium
744 4508 1096 4573 miserrimos,
1120 4513 1188 4564 ’ut
1227 4511 1316 4581 qui
1348 4511 1414 4565 iis
1440 4522 1681 4580 pareant,
1710 4514 1903 4583 quibus

305 4616 451 4672 saepe
484 4599 684 4656 habent
723 4614 910 4655 servos
944 4600 1339 4670 locupletiores.
1389 4602 1594 4657 Rursus
1635 4603 1682 4658 si
1724 4604 1903 4659 adsint

306 4692 519 4763 quidem
557 4692 723 4763 gloria
748 4734 762 4756 ,
802 4692 1001 4747 divitiae
1031 4704 1085 4748 et
1127 4693 1365 4756 sanitas,
1399 4709 1506 4748 non
1544 4696 1683 4750 adsit
1721 4708 1899 4752 autem

305 4786 566 4840 securitas
590 4826 604 4849 ,
635 4784 779 4854 quod
811 4785 1073 4840 innumeri
1114 4789 1164 4841 ei
1206 4786 1560 4851 insidientur,
1594 4788 1901 4856 invideant,

305 4875 444 4930 male
474 4876 659 4939 velint,
691 4877 862 4946 ipsum
904 4877 1131 4943 oderint,
1167 4888 1449 4946 accusent,
1484 4881 1898 4947 calumnientur,

306 4968 350 5021 is
376 4967 478 5023 erit
506 4968 741 5021 omnium
776 4969 1131 5033 miserrimus,
1159 4971 1321 5023 vitam
1345 4986 1510 5041 agens
1535 4973 1750 5043 leporis,
1784 4988 1902 5027 um-

307 5058 431 5113 bras
476 5057 680 5113 habens
720 5071 998 5128 suspectas
1019 5103 1034 5124 ,
1084 5077 1378 5131 omnesque
1409 5062 1635 5118 horrens
1660 5074 1713 5119 et
1738 5068 1903 5135 perti-

307 5168 570 5209 mescens.
598 5153 754 5224 Quod
786 5155 827 5207 si
854 5155 923 5209 ab
953 5156 1016 5209 iis
1040 5155 1201 5210 etiam
1232 5157 1366 5211 liber
1387 5158 1700 5219 sit,ametur
1719 5168 1898 5214 autem

304 5245 373 5298 ab
392 5245 661 5311 omnibus,
690 5249 810 5300 etei
837 5248 1015 5301 omnia
1047 5247 1335 5303 succedant
1378 5264 1441 5303 ex
1472 5250 1636 5303 animi
1676 5259 1898 5305 senten-

306 5338 409 5399 tia,
435 5352 629 5406 nempe
652 5329 841 5408 gloria,
882 5338 1081 5393 divitia:
1108 5383 1122 5405 ,
1173 5342 1433 5396 securitas
1456 5384 1472 5408 ,
1524 5342 1697 5396 honor
1736 5345 1898 5413 (qua:

304 5427 483 5482 omnia
506 5430 661 5481 simul
692 5444 1014 5484 concurrere
1046 5446 1149 5485 non
1194 5441 1450 5500 possunt;
1482 5444 1657 5487 tamen
1683 5434 1749 5487 ita
1778 5450 1897 5491 esse

307 5518 613 5589 ﬁngamus),
639 5521 761 5575 licet
790 5521 901 5573 haec
926 5522 1103 5573 omnia
1127 5522 1369 5583 afﬂuant,
1393 5534 1445 5577 et
1472 5524 1601 5577 nihil
1634 5526 1705 5578 sit
1727 5529 1895 5594 impe-

304 5611 547 5672 dimeuti,
576 5608 669 5663 sed
692 5621 744 5665 ct
775 5611 955 5681 p0puli
984 5613 1376 5680 benevolentia,
1406 5625 1458 5669 et
1482 5618 1723 5683 corporis
1748 5618 1894 5670 saui-

305 5715 406 5766 tas,
436 5713 485 5757 et
526 5703 701 5756 omnis
740 5704 997 5759 securitas
1019 5748 1033 5763 ,
1067 5716 1120 5759 et
1152 5722 1175 5757 π]
1206 5709 1349 5759 milio
1378 5723 1532 5775 posse
1561 5710 1722 5771 vinci,
1754 5711 1802 5762 in
1832 5727 1895 5766 eo

303 5808 643 5858 cumcurrant,
672 5795 914 5865 improba
959 5814 1097 5867 s:rpc
1140 5809 1183 5850 ot
1224 5816 1469 5867 pa‘t'ml'sa
1522 5804 1743 5856 muliere
1789 5807 1887 5859 sibi

1460 341 1824 402 EXPOSITIO
1861 342 1927 399 IN
1956 342 2279 413 PSALMUM
2317 344 2572 407 CXXVII.

3571 353 3681 411 806

2069 456 2372 525 conjuncta,
2404 458 2583 513 evadit
2624 458 2688 515 iis
2716 459 2966 516 miserior
2987 503 3003 528 ,
3050 461 3139 534 qui
3169 472 3353 519 carent
3381 462 3467 519 his
3494 468 3669 519 cinni-

2062 545 2183 601 lius.
2225 547 2376 614 Quod
2405 549 2452 604 si
2478 552 2526 604 ei
2554 564 2687 604 uxor
2708 550 2845 605 bona
2872 562 2927 607 et
2956 569 3023 608 ex
3050 555 3214 609 animi
3245 556 3511 611 sententia
3536 570 3669 613 eve-

2061 638 2221 703 nerit,
2244 640 2288 693 si
2317 640 2488 694 malos
2507 640 2703 695 habeat
2730 641 2890 708 ﬁlios,
2916 657 3039 698 eum
3073 659 3195 699 esse
3224 647 3475 701 omnibus
3500 647 3667 703 mise-

2059 730 2259 785 riorem
2291 747 2512 787 necesse
2539 742 2624 788 est
2654 752 2666 786 :
2697 734 2838 804 quod
2865 736 2910 789 si
2933 737 3108 791 nullos
3140 738 3355 804 habeat,
3400 739 3585 809 lugere
3610 748 3669 796 et

2058 821 2359 877 lamentari.
2389 824 2627 894 Denique
2651 828 2695 881 si
2719 829 2923 897 quaevis
2950 830 3182 885 humana
3217 834 3488 902 aspexerit
3508 834 3664 904 quis-

2057 915 2220 980 piam,
2255 915 2418 968 multa
2442 916 2643 971 videbit
2669 921 2986 989 praecipitia.
3034 923 3102 975 Et
3122 923 3247 993 quid
3276 924 3379 977 alia
3410 924 3665 995 persequi

2052 1020 2189 1074 Opus
2230 1006 2381 1061 est?.
2406 1008 2683 1078 Improbus
2728 1025 2875 1082 saepe
2906 1012 3137 1069 [annulus
3176 1016 3356 1068 omnia
3384 1019 3581 1070 evertit
3607 1028 3663 1071 et

2052 1095 2352 1165 confundit,
2386 1108 2441 1153 et
2468 1099 2600 1155 nihil
2624 1111 2706 1155 est
2735 1103 2872 1157 adeo
2900 1104 3161 1159 incertum
3187 1114 3242 1160 et
3272 1106 3557 1174 lubricum,
3602 1116 3662 1161 ut

2051 1186 2104 1240 in
2146 1185 2452 1243 hominibus
2475 1189 2720 1261 gloriari,
2750 1189 2895 1247 etde
2920 1192 2985 1247 iis
3016 1209 3075 1248 se
3089 1194 3316 1263 jactare.

2120 1275 2327 1333 Timem
2348 1279 2512 1334 Deum
2542 1283 2688 1353 felix.
2712 1313 2787 1323 --
2811 1286 2885 1338 At-
2921 1300 3024 1339 non
3068 1295 3154 1341 est
3179 1287 3443 1356 ejusmodi
3483 1289 3531 1345 is
3562 1289 3656 1360 qui

2054 1370 2427 1439 Deum-timet,
2458 1374 2553 1429 sed
2586 1377 2654 1430 ab
2696 1376 2782 1430 his
2823 1376 3072 1434 ﬂuctibus
3103 1379 3397 1448 liberatus,
3420 1382 3574 1437 sedet
3599 1386 3653 1438 in

2044 1476 2206 1533 portu
2235 1474 2291 1519 et
2322 1466 2374 1520 in
2408 1469 2792 1538 tranquillitate
2812 1511 2828 1537 ,
2856 1487 2981 1526 vera
3007 1482 3062 1527 et
3094 1486 3238 1528 certa
3269 1473 3453 1530 fruens
3483 1474 3652 1530 beati-

2044 1555 2249 1611 tudine.
2295 1554 2424 1613 Ideo
2466 1557 2573 1614 illis
2617 1560 2867 1615 omnibus
2906 1563 3192 1631 praeteritis
3221 1566 3477 1634 propheta
3508 1565 3650 1621 hunc

2042 1645 2217 1703 solum
2257 1647 2470 1702 beatum
2493 1648 2719 1719 jndicat.
2752 1649 2850 1706 Illa
2879 1653 3024 1707 enim
3056 1654 3328 1709 beatitudo
3355 1671 3646 1726 numquam

2039 1736 2199 1804 plane
2237 1740 2559 1808 constiterit,
2594 1741 2695 1795 nisi
2722 1743 2901 1797 omnia
2933 1747 3308 1800 concurrerint
3335 1764 3355 1800 ι
3379 1747 3487 1803 into
3516 1762 3646 1802 vero

2036 1828 2249 1884 etiamsi
2277 1832 2688 1899 concurrerint,
2733 1841 2859 1889 tunc
2888 1835 3239 1892 labefactatur
3284 1838 3355 1893 ab
3400 1839 3464 1893 iis
3514 1840 3644 1909 ipsis

2036 1937 2155 1987 quae
2184 1921 2328 1976 illam
2366 1924 2597 1993 pariunt.
2638 1924 2774 1978 Nam
2800 1935 2854 1981 et
2879 1926 3079 1982 divitia:
3110 1930 3402 1998 perniciem
3446 1930 3645 1986 attule-

2036 2022 2182 2079 runt,
2212 2023 2267 2067 et
2287 2029 2423 2069 uxor
2443 2031 2588 2085 smpe
2613 2016 2847 2073 formosa
2876 2019 3026 2084 obiit,
3057 2019 3240 2074 l'anmli
3264 2022 3636 2091 prodiderunt,

2034 2103 2126 2158 lilii
2157 2105 2307 2160 fuere
2335 2107 2637 2176 parricidae,
2670 2118 2744 2174 et,
2776 2118 2835 2163 ut
2851 2108 2964 2178 jam
2991 2110 3119 2175 dixi,
3156 2114 3318 2165 multa
3346 2111 3507 2168 habet
3537 2124 3663 2169 un-'

2032 2193 2193 2265 dique
2240 2196 2441 2252 incerta
2492 2206 2547 2252 et
2592 2198 2748 2255 valde
2797 2200 3022 2255 lubrica.
3065 2200 3163 2255 Hic
3207 2212 3385 2257 autem
3423 2204 3635 2259 etiamsi

2030 2285 2213 2341 omnia
2245 2288 2513 2343 contraria
2545 2288 2817 2345 conﬂuant
2842 2332 2858 2358 ,
2910 2307 3016 2347 non
3065 2292 3226 2349 modo
3269 2292 3403 2348 nihil
3434 2295 3637 2351 laedunt

2030 2377 2168 2432 hanc
2196 2378 2604 2446 beatitudinem,
2655 2383 2750 2437 sed
2794 2398 2915 2438 eam
2962 2385 3257 2440 ﬁrmiorem
3304 2386 3536 2442 reddunt
3577 2399 3635 2444 et

2025 2473 2466 2527 constantiorem.
2520 2473 2633 2528 Etsi
2673 2475 2745 2529 sit
2774 2485 3061 2547 paupertas
3085 2519 3102 2545 ,
3151 2479 3252 2532 etsi
3302 2479 3630 2549 ignominia,

2027 2564 2293 2617 mutilatio
2318 2566 2593 2634 corporis,
2624 2581 2760 2621 uxor
2803 2567 3047 2638 improba
3074 2609 3089 2633 ,
3120 2570 3369 2625 scelerati
3416 2571 3533 2638 ﬁlii,
3576 2582 3633 2628 et

2023 2657 2402 2728 quodcumque
2432 2658 2575 2713 aliud
2614 2660 2841 2727 dixeris,
2892 2660 2996 2716 hoc
3025 2660 3157 2716 nihil
3187 2662 3475 2732 deprimit,
3528 2678 3632 2719 nec

2022 2747 2308 2804 labefactat
2350 2749 2490 2805 hanc
2536 2749 2944 2812 beatitudinem.
2994 2752 3179 2825 Neque
3206 2756 3349 2811 enim
3376 2770 3533 2811 suum
3559 2771 3629 2813 ex

2019 2838 2126 2894 illis
2155 2839 2318 2895 habet
2341 2848 2517 2896 ortum
2539 2883 2555 2911 ,
2591 2852 2648 2897 ut
2671 2844 2752 2898 eis
2772 2845 3047 2902 convulsis
3094 2846 3443 2905 labefactetur
3464 2887 3481 2915 ,
3530 2850 3627 2905 sed

2020 2933 2182 2988 habet
2209 2932 2447 2989 radicem
2480 2949 2508 2987 a
2538 2937 2749 3006 superis
2777 2953 2790 2989 :
2815 2938 3065 3007 quocirca
3088 2950 3270 2994 manet
3295 2940 3628 3013 inexpugna-

2017 3023 2161 3079 bilis.
2186 3027 2362 3095 Atqne
2388 3025 2545 3093 adeo,
2568 3027 2615 3081 si
2642 3027 2837 3091 velitis,
2866 3045 2988 3084 eum
3019 3030 3072 3084 in
3098 3030 3228 3102 ipsis
3254 3032 3416 3087 rebus
3436 3043 3627 3088 osten-

2017 3116 2206 3172 damus
2233 3128 2286 3172 et
2316 3127 2727 3188 pertractemus.
2773 3128 2967 3176 Annon
2998 3132 3116 3178 erat
3154 3121 3355 3194 Joseph
3394 3126 3626 3181 servus?

2015 3223 2196 3264 annon
2242 3210 2535 3265 externus?
2576 3227 2754 3267 annon
2799 3216 3031 3271 extorris
3075 3231 3104 3269 a
3156 3218 3399 3287 patria'?
3441 3233 3623 3276 annon

2015 3314 2205 3355 servus
2234 3300 2609 3366 barbarorum,
2648 3303 2795 3372 prius
2822 3304 3235 3374 Saracenorum,
3264 3319 3448 3379 postea
3489 3310 3623 3380 ipsis

2013 3392 2392 3449 immaniorum
2409 3393 2825 3467 Egyptiorum?
2846 3413 3025 3453 annon
3045 3400 3451 3457 existimabatur
3468 3404 3623 3459 adul-

2016 3486 2135 3539 ter?
2178 3502 2355 3541 annon
2399 3489 2790 3543 accusabatur?
2814 3504 2990 3546 annon
3016 3493 3294 3547 calumniis
3325 3494 3621 3565 impeteba-

2015 3577 2135 3631 tur?
2156 3593 2334 3632 annon
2366 3578 2637 3633 habitabat
2670 3579 2723 3634 in
2754 3582 3003 3637 carcere?
3032 3598 3210 3638 annon
3234 3585 3445 3641 vinctus
3464 3596 3618 3643 tene-

2010 3668 2169 3724 batur
2197 3668 2364 3740 (Gen.
2397 3672 2486 3726 57.
2515 3683 2559 3726 et
2590 3671 2661 3728 58
2682 3671 2740 3743 )?
2785 3671 2853 3726 Et
2888 3674 3016 3743 quid
3063 3676 3252 3731 horum
3279 3692 3402 3733 eum
3442 3677 3619 3734 ltcsit?

2011 3763 2125 3818 lino
2146 3779 2273 3819 vero
2296 3780 2392 3835 per
2414 3767 2529 3820 hzec
2557 3774 2675 3820 erat
2698 3767 2753 3820 in
2774 3766 2960 3837 primis
2983 3766 3191 3823 beatus.
3217 3768 3329 3825 Hoc
3343 3780 3426 3825 est
3444 3770 3615 3838 enim,

2010 3859 2150 3913 sicut
2173 3858 2284 3927 jam
2311 3858 2442 3920 dixi.
2473 3858 2811 3925 admirabile,
2829 3860 2969 3930 quod
2999 3875 3105 3915 non
3134 3861 3305 3917 solum
3336 3863 3460 3918 hinc
3484 3864 3617 3919 nihil

2012 3948 2237 4003 laniatur
2268 3949 2575 4015 beatitudo,
2609 3949 2706 4006 sed
2732 3952 2894 4005 etiam
2928 3952 3238 4022 pra‘clarior
3266 3953 3521 4009 reddatur
3562 3965 3618 4011 et

2012 4045 2293 4099 illustrior.
2351 4038 2407 4100 Si
2451 4045 2583 4099 nihil
2629 4047 2773 4101 enim
2828 4046 2903 4101 illi
2953 4062 3143 4102 eorum
3172 4048 3479 4118 accidisset,
3508 4064 3615 4105 non

2013 4135 2201 4190 fuisset
2230 4137 2366 4191 adeo
2399 4138 2606 4193 beatus.

2082 4227 2138 4281 2.
2184 4227 2277 4283 Vis
2307 4231 2470 4284 etiam
2503 4244 2599 4285 eos
2626 4230 2803 4286 dicam
2839 4230 2930 4302 qui
2959 4231 3014 4286 in
3043 4230 3175 4287 vitio
3215 4232 3392 4288 acrius
3416 4233 3617 4303 persti-

2009 4328 2231 4387 terunt,
2262 4320 2458 4377 deinde
2486 4332 2708 4390 repente
2737 4323 2926 4377 mutati
2964 4332 3128 4390 sunt,
3172 4331 3229 4379 et
3275 4337 3437 4380 omne
3485 4324 3614 4380 illud

2010 4413 2197 4467 vitium
2220 4413 2530 4467 exuerunt?
2560 4413 2697 4481 Quid
2727 4412 2826 4469 fuit
2846 4414 3056 4470 latrone
3081 4414 3371 4471 miserius?
3395 4415 3502 4471 Sed
3530 4433 3617 4471 re-

2009 4516 2172 4577 pente
2216 4507 2386 4561 evasit
2433 4508 2674 4562 omnium
2720 4507 3065 4565 beatissimus
3106 4507 3258 4582 (Luc.
3285 4507 3403 4579 ‘25).
3453 4510 3613 4579 Atqui

2009 4597 2157 4653 mille
2182 4596 2359 4652 csedes
2380 4600 2575 4653 fecerat
2592 4616 2607 4662 ;
2622 4614 2745 4654 nam
2773 4609 2889 4654 erat
2917 4599 3095 4655 crucis
3110 4600 3373 4669 supplicio
3392 4598 3618 4655 damna-

2010 4701 2117 4754 tus,
2136 4699 2192 4745 et
2220 4690 2286 4746 ad
2314 4700 2543 4746 mortem
2570 4691 2857 4757 adductus,
2887 4707 3079 4747 omnes
3110 4706 3231 4746 eum
3262 4693 3613 4758 accusabant,

2009 4794 2178 4843 totum
2205 4794 2414 4853 tempus
2456 4792 2572 4839 erat
2614 4793 3010 4854 comsumptum
3035 4824 3049 4847 ,
3093 4793 3149 4839 et
3191 4784 3298 4838 vita
3346 4792 3613 4839 transacta

2008 4879 2178 4933 fuerat
2206 4879 2260 4932 in
2287 4878 2492 4933 scelere
2515 4894 2533 4931 :
2564 4876 2658 4932 sed
2685 4876 2936 4947 quoniam
2957 4878 3150 4948 exiguo
3176 4886 3418 4946 tempore
3442 4876 3613 4932 Deum

2007 4969 2081 5025 ita
2114 4978 2170 5023 ut
2194 4977 2407 5039 oportet
2437 4968 2631 5033 timuit,
2662 4968 2850 5024 beatus
2874 4968 3043 5023 factus
3072 4980 3175 5025 est.
3206 4968 3279 5023 Ita
3301 4971 3462 5024 etiam
3494 4984 3605 5023 mea

2008 5063 2196 5127 retrix,
2229 5062 2355 5116 licet
2383 5061 2571 5116 for-mm
2591 5062 2857 5132 quaestum
2884 5060 3086 5117 faceret
3113 5072 3168 5117 et
3201 5063 3440 5131 exposita
3469 5072 3614 5119 esset

2008 5156 2247 5209 omnium
2280 5154 2621 5209 cootumelizn
2644 5195 2661 5221 ,
2690 5163 2746 5209 et
2787 5154 2909 5209 ideo
2936 5164 3082 5209 esset
3104 5156 3344 5209 omnium
3375 5155 3607 5209 miserri~

2008 5264 2117 5312 ma,
2146 5247 2299 5301 beata
2345 5246 2551 5300 exstitit
2602 5245 2815 5315 quando
2857 5246 3025 5301 Deum
3075 5257 3131 5300 ut
3178 5254 3390 5314 oportet
3435 5246 3611 5301 tinmit

2008 5337 2158 5408 (Luc.
2190 5339 2267 5407 7).
2314 5336 2526 5391 Nullum
2556 5345 2641 5392 est
2662 5338 2809 5392 enim
2841 5338 3038 5391 malum
3081 5336 3223 5407 quod
3254 5352 3360 5389 non
3404 5339 3607 5391 exstin-

2006 5444 2131 5502 guat
2156 5433 2245 5487 Dei
2270 5443 2475 5486 metus:
2502 5448 2623 5485 nam
2653 5431 3103 5500 quemadmodum
3133 5431 3287 5500 ignis,
3319 5429 3600 5498 quodcum.

2005 5540 2109 5593 que
2129 5523 2326 5579 ferrum
2345 5523 2551 5593 ceperit
2577 5522 2995 5585 contortum,vel
3024 5521 3265 5590 rubigine
3282 5519 3608 5585 οοηΐθυυηιι,

2008 5617 2057 5669 id
2090 5617 2291 5670 clarum
2314 5616 2488 5669 reddit
2514 5631 2578 5669 ac
2607 5616 2907 5684 pulchrum,
2927 5614 3252 5684 ferrugine-nt
3272 5612 3606 5681 abstergens,

2072 5756 2086 5785 ι
2126 5760 2206 5800 tlte
2234 5766 2394 5803 voces.
2422 5764 2577 5800 annon
2602 5750 2858 5799 errori-ise
2884 5748 3083 5809 patrio?
3116 5749 3324 5801 deerant
3348 5752 3397 5797 tu
3418 5746 3605 5802 δια·ωά

2010 5817 2095 5863 soil
2126 5831 2173 5863 ιιι
2192 5814 2297 5863 aliis
2324 5813 2686 5863 υχυιιηιιηιἹιηιδ
2704 5814 2955 5875 leguntur.
