4154 6434
617 393 713 451 illi?

616 519 673 563 et
696 504 837 576 quod
864 504 915 557 in
941 516 1007 557 eo
1028 508 1143 555 erat
1168 509 1473 567 perversqu
1516 501 1571 546 et
1609 486 1879 548 inlesum,
1911 480 2183 553 perlectis-

618 597 755 653 slme
778 593 992 663 corrigit
1024 609 1039 647 :
1066 592 1133 645 ita
1163 590 1323 643 etiam
1354 585 1444 639 Dei
1493 591 1664 637 metus
1692 579 1773 633 vel
1815 576 2005 645 exiguo
2047 581 2182 624 tem-

620 701 750 758 pore
777 683 904 739 facit
924 660 1122 745 omnia,
1151 688 1207 733 ct
1228 693 1321 732 eos
1350 675 1437 744 qui
1466 672 1534 727 ab
1563 673 1678 741 ipso
1701 667 1847 723 tincti
1871 672 2013 727 sunt,
2044 660 2183 715 nulla

624 752 683 833 re
712 774 941 829 humana
964 770 1134 840 frangi
1159 770 1305 823 sinit.
1357 767 1545 820 Annon
1571 769 1686 817 erat
1728 758 1967 813 inlirmus
2006 752 2188 808 Timo-

625 869 779 919 theus
794 872 818 916 τ
841 877 1015 917 annon
1041 860 1240 915 morbis
1265 870 1318 913 et
1342 852 1716 911 afﬂictionibus
1744 855 2000 919 perpetuo
2020 859 2184 898 vesa-

624 958 779 1012 batur
804 955 880 1026 (l.
906 952 1116 1008 Tim-5.
1140 949 1277 1020 $3)?
1321 946 1455 1015 Quid
1486 958 1613 1014 ergo
1661 941 1760 996 fuit
1805 939 1896 993 illo
1940 934 2184 1026 beatius?

622 1046 757 1114 Quid
784 1021 909 1100 vero
932 1085 948 1107 ,
993 1043 1078 1097 dic
1099 1054 1299 1110 quaso,
1329 1036 1467 1091 Joh?
1495 1049 1670 1089 annon
1701 1030 1943 1086 redactus
1969 1031 2085 1080 erat
2120 1021 2186 1075 ad

623 1131 1023 1205 paupertatem?
1067 1143 1241 1183 annon
1272 1126 1337 1181 ad
1364 1116 1686 1178 orbitatem?
1706 1119 1771 1173 ad
1794 1114 2187 1205 corporisggra-

625 1201 839 1281 vissima
861 1221 1073 1279 ulcera?
1096 1234 1273 1275 annon
1297 1216 1524 1287 probris,
1538 1209 1891 1275 contumeliis,
1912 1215 1967 1261 et
1986 1201 2189 1274 injuriis

624 1313 1008 1386 appetebatur?
1032 1326 1208 1366 annon
1239 1309 1377 1363 fame
1400 1316 1455 1362 et
1492 1305 1643 1360 malis
1671 1302 1917 1356 omnibus
1945 1296 2189 1353 humanis

622 1402 993 1462 cruciabatur?
1032 1402 1081 1456 ls
1110 1411 1282 1455 tamen
1309 1398 1405 1453 fuit
1429 1395 1663 1451 omnium
1690 1390 2044 1448 beatissimus.
2074 1386 2188 1443 Non

623 1499 797 1555 solum
816 1497 957 1552 enim
982 1494 1112 1549 nihil
1130 1493 1317 1547 horum
1337 1492 1482 1545 illum
1501 1488 1674 1557 fregit,
1694 1485 1787 1541 sed
1807 1485 1965 1539 etiam
1991 1480 2192 1536 firmio-

625 1604 739 1646 rem
784 1586 923 1641 fecit.
968 1583 1266 1652 Quinetiam
1304 1595 1424 1636 cum
1465 1578 1569 1633 illis
1607 1575 1852 1631 omnibus
1890 1586 2029 1628 uxor
2068 1585 2191 1625 eum

629 1675 922 1748 premebat,
953 1660 1158 1744 probris
1184 1673 1470 1734 insectans,
1495 1676 1549 1724 et
1573 1677 1747 1722 tamen
1771 1680 1865 1736 per
1885 1667 1998 1718 haec
2014 1661 2192 1716 omnia

626 1768 801 1822 clarus
823 1764 1011 1822 evasit.
1055 1763 1178 1817 Haec
1213 1776 1340 1832 ergo
1363 1759 1541 1815 omnia
1568 1757 1913 1813 considerans
1938 1752 2195 1822 propheta

627 1858 873 1914 dicebat:
900 1854 1076 1921 Beati,
1107 1854 1271 1923 inquit
1299 1893 1316 1919 ,
1369 1867 1539 1906 cumet
1586 1850 1673 1921 qui
1702 1851 1875 1903 timent
1898 1845 2193 1910 Dominum,

627 1952 716 2023 qui
741 1948 997 2004 ambulem
1024 1948 1077 2002 in
1101 1946 1192 2002 viis
1219 1946 1351 2017 ejus.
1397 1943 1473 2000 Ne
1496 1942 1637 1999 enim
1676 1940 2007 1997 esistinures
2049 1935 2195 1992 suffl-

628 2048 754 2098 cere
790 2040 1033 2095 timorem
1059 2080 1074 2102 ,
1124 2038 1317 2107 adjecit
1361 2035 1487 2090 illud
1526 2052 1543 2090 :
1586 2035 1687 2103 Qui
1712 2032 1973 2086 ambulant
2012 2028 2065 2083 iu
2103 2030 2193 2084 biit

627 2136 760 2203 ejus,
787 2142 1067 2201 utrumque
1090 2130 1404 2199 designans;
1438 2127 1539 2183 hoc
1558 2136 1661 2191 est,
1688 2124 1772 2195 qui
1801 2126 1974 2178 timent
2003 2132 2050 2177 et
2087 2138 2195 2174 am-

629 2226 824 2281 bulant.
870 2223 1015 2279 Multi
1042 2223 1185 2279 enim
1227 2222 1384 2277 [idem
1422 2221 1706 2289 perfectam
1734 2217 2007 2280 habentes,
2035 2216 2195 2268 vitam

631 2324 808 2368 autem
832 2311 1164 2382 ﬂagitiosum,
1187 2310 1422 2365 omnium
1446 2308 1594 2364 fuere
1621 2305 1920 2362 miserrimi.
1960 2304 2039 2359 Ne
2066 2318 2198 2372 ergo

632 2404 683 2458 id
708 2402 847 2473 quod
867 2402 993 2458 dicit
1018 2402 1287 2456 videretur
1303 2414 1373 2453 es
1420 2414 1483 2453 eo
1514 2396 1678 2452 refelli
1704 2436 1719 2460 ,
1764 2394 2031 2463 subiunxit
2057 2410 2069 2445 :
2100 2392 2201 2460 Qui

632 2491 891 2547 ambulant
929 2492 983 2545 in
1011 2491 1103 2545 riis
1132 2491 1258 2561 ejus.
1286 2489 1538 2556 Qumnam
1568 2496 1741 2539 autent
1785 2494 1907 2538 sunt
1934 2482 2034 2535 vim
2060 2481 2198 2551 ejus,

632 2581 732 2634 nisi
762 2580 864 2634 vita
893 2593 1010 2648 quae
1052 2594 1117 2634 ex
1156 2579 1349 2632 virtute
1394 2572 1721 2631 instituitur?
1760 2573 1860 2626 Per
1900 2587 2016 2626 eam
2055 2570 2198 2625 enim

636 2678 808 2737 potest
833 2668 886 2722 in
921 2667 1107 2723 ctelum
1136 2666 1377 2729 ascendi,
1409 2675 1460 2718 ct
1498 2664 1580 2717 illa
1614 2662 1863 2730 primaria
1892 2660 2079 2714 civitas
2102 2672 2198 2727 ap-

634 2757 910 2827 prehendi,
943 2757 1155 2826 ipseque
1205 2756 1342 2809 Deus
1384 2752 1580 2817 videri,
1625 2760 1884 2821 quatenus
1928 2756 2101 2818 potest
2132 2748 2199 2803 ab

635 2849 847 2904 homine
865 2848 1047 2917 aspici.
1076 2847 1201 2917 Ejus
1220 2855 1397 2902 autem
1418 2846 1519 2901 vite
1543 2844 1810 2909 dicuntur,
1833 2842 2081 2912 quoniam
2106 2855 2202 2910 per

634 2953 726 2994 eas
745 2947 918 3007 potest
946 2939 997 2992 in
1025 2938 1213 2993 etclam
1239 2936 1305 2991 ad
1336 2937 1499 2993 Deum
1527 2933 1811 3005 perveniri.

707 3026 889 3082 Multae
914 3038 1229 3099 exponuntur
1256 3027 1349 3081 aiat
1373 3025 1441 3079 ad
1474 3024 1651 3079 malum
1678 3026 1923 3094 (ereum;
1943 3035 2203 3074 numerum

636 3117 824 3172 claudit
847 3118 957 3172 laus
984 3117 1330 3187 eleenwsymu,
1360 3117 1503 3186 cujus
1530 3114 1747 3185 eﬁcacia
1772 3111 1996 3180 exempla
2018 3107 2203 3163 Lasari

637 3209 935 3263 illustratur.
968 3238 1040 3249 —
1060 3207 1174 3263 Non
1204 3206 1356 3272 dixit,
1400 3206 1492 3260 Via
1517 3246 1532 3269 ,
1561 3205 1653 3260 sed
1674 3246 1690 3271 ,
1720 3204 1831 3259 Viae
1850 3243 1866 3269 ,
1912 3200 2202 3258 ostendens

635 3315 727 3355 cas
754 3314 872 3356 esse
895 3298 1091 3354 multas
1116 3308 1170 3354 et
1204 3298 1463 3352 diversas.
1508 3296 1791 3363 Propterea
1836 3293 1977 3347 enim
2010 3291 2203 3345 multas

639 3391 748 3445 vias
774 3390 979 3476 muniit,
1009 3399 1065 3442 ut
1087 3402 1267 3442 earum
1294 3384 1627 3441 multitudine
1655 3382 1861 3437 facilem
1890 3380 2041 3437 nobis
2063 3380 2205 3435 face-

640 3491 718 3536 ret
743 3472 1058 3551 ingressum.
1101 3479 1180 3533 Ex
1208 3478 1504 3533 hominibus
1532 3476 1673 3530 enim
1712 3475 1799 3528 alii
1828 3481 1952 3527 sunt
1980 3472 2202 3542 virgini-

640 3579 745 3625 tate
776 3570 1023 3630 illustres,
1055 3569 1141 3622 alii
1169 3582 1293 3622 vero
1322 3582 1381 3621 se
1407 3568 1625 3621 honeste
1645 3573 1835 3634 gerunt
1861 3564 1911 3617 in
1930 3563 2204 3617 matrimo-

638 3662 746 3727 nio,
770 3661 853 3714 alii
876 3669 1132 3715 ornantur
1159 3659 1409 3714 viduitate
1436 3674 1452 3711 :
1486 3658 1535 3711 hi
1563 3670 1623 3712 se
1646 3655 1894 3711 omnibus
1919 3664 2201 3718 exuerunt,

637 3752 708 3806 illi
738 3752 994 3816 dimidio;
1038 3751 1091 3806 hi
1131 3766 1224 3821 per
1261 3752 1398 3805 viam
1441 3758 1637 3805 rectam
1687 3747 2087 3817 ingrediuntur,
2131 3747 2204 3801 illi

638 3859 733 3913 per
774 3844 1136 3915 paenitentiam
1170 3859 1183 3895 :
1225 3851 1280 3898 et
1305 3841 1423 3896 ideo
1450 3841 1641 3895 multas
1670 3839 1762 3894 tibi
1801 3841 1911 3894 vias
1959 3840 2199 3905 munivit,

639 3946 694 3989 nt
719 3934 870 3990 facile
895 3934 1223 4004 ingrediaris.
1258 3932 1370 3987 Non
1401 3934 1613 4001 potuisti
1645 3940 1763 4000 post
1800 3931 2061 3985 lavacrum
2084 3945 2204 3985 ser-

638 4043 764 4083 vare
793 4042 985 4095 corpus
1013 4026 1302 4080 mundum?
1342 4026 1410 4079 At
1448 4040 1543 4094 per
1586 4024 1945 4093 paenitentiam
1978 4023 2027 4077 id
2055 4033 2204 4093 potes

646 4117 949 4183 emundare,
981 4128 1131 4186 potes
1161 4132 1252 4185 per
1276 4116 1545 4187 pecunias,
1571 4130 1665 4185 per
1691 4115 2103 4186 eleemosynam.
2134 4116 2205 4168 At

641 4221 746 4261 non
778 4206 940 4261 babes
982 4205 1267 4277 pecunias?
1308 4204 1413 4261 Sed
1456 4216 1607 4274 potes
1653 4205 1869 4259 visitare
1910 4213 2201 4274 :rgrotum,

642 4304 793 4365 potes
812 4296 1064 4351 accedere
1088 4295 1153 4351 ad
1177 4311 1297 4350 eum
1323 4295 1409 4364 qui
1434 4304 1513 4349 est
1540 4296 1591 4348 in
1617 4295 1859 4357 vinculis,
1889 4293 2017 4349 dare
2045 4309 2208 4364 pocu-

645 4388 751 4442 lum
782 4387 1005 4456 frigidae,
1029 4397 1083 4442 et
1111 4387 1209 4442 sub
1243 4387 1429 4441 eodem
1463 4396 1599 4441 tceto
1640 4386 1897 4454 hospitem
1928 4385 2204 4454 excipere,

644 4479 881 4548 praebere
906 4479 1037 4533 ducs
1062 4478 1247 4533 obolos
1264 4518 1279 4543 ,
1308 4477 1443 4531 sicut
1469 4476 1624 4530 vidua
1650 4517 1665 4541 ,
1694 4476 2040 4545 ingemiscere
2088 4492 2197 4541 pro-

644 4579 725 4624 ter
754 4584 846 4623 eos
866 4570 953 4638 qui
999 4568 1304 4637 aflliguntur
1337 4564 1495 4637 (Luc.
1526 4563 1649 4637 2|).
1692 4565 1820 4618 Nam
1859 4566 1958 4617 hoc
1999 4579 2209 4633 quoque

649 4669 731 4715 est
755 4660 1112 4730 eleemosyna.
1142 4661 1211 4713 At
1232 4672 1290 4712 es
1325 4657 1553 4726 undique
1578 4657 1879 4721 destitutus,
1908 4664 1961 4708 et
1986 4655 2205 4709 omnino

649 4765 865 4821 pauper.
896 4759 948 4803 et
972 4764 1193 4817 corpore
1218 4748 1351 4802 adeo
1374 4747 1609 4809 inﬁrmo,
1635 4754 1692 4799 ut
1707 4761 1774 4800 ne
1805 4746 1976 4815 possis
1996 4746 2207 4814 quidem

646 4840 929 4896 incedere?
973 4840 1097 4894 limo
1135 4838 1308 4893 omnia
1350 4839 1427 4893 fer
1452 4852 1643 4907 magno
1671 4839 1878 4900 animo,
1916 4837 2023 4890 Deo
2050 4850 2209 4903 agens

646 4933 863 5002 gratias,
896 4940 949 4986 et
977 4946 1218 5002 magnam
1250 4931 1549 4985 mercedem
1575 4930 1825 4998 accipies.
1868 4928 1997 4982 Nam
2030 4929 2081 4981 in
2110 4929 2211 4982 hec

647 5037 855 5091 quoque
883 5038 941 5077 se
966 5022 1186 5092 pulchre
1212 5023 1376 5091 gessit
1418 5021 1669 5075 Lazarus.
1720 5019 1900 5087 Neque
1938 5021 2077 5073 enim
2118 5021 2209 5073 ulli

649 5114 756 5167 suis
785 5113 872 5167 ille
899 5115 1139 5168 subvenit
1170 5114 1426 5181 pecuniis.
1476 5114 1572 5180 Qui
1604 5112 1746 5167 enim
1780 5112 1827 5164 id
1871 5113 2099 5172 fecisset,
2126 5113 2209 5165 cui

647 5204 727 5258 vel
751 5202 1103 5257 necessarium
1129 5202 1311 5256 deerat
1334 5201 1681 5256 alimentum?
1711 5201 1820 5254 Non
1843 5202 2112 5269 ingressus
2134 5213 2215 5253 est

646 5307 937 5347 carcerem.
967 5292 1242 5359 Quomodo
1269 5292 1408 5345 enim
1431 5293 1516 5362 qui
1546 5308 1642 5345 nec
1668 5292 1819 5361 erigi,
1854 5306 1949 5344 nec
1978 5305 2035 5344 se
2056 5291 2215 5342 susti-

652 5401 777 5441 nere
819 5384 1066 5454 poterat?
1109 5383 1223 5438 Non
1267 5384 1444 5437 invisit
1489 5392 1763 5452 a-grotum.
1815 5382 1911 5449 Qui
1956 5386 2216 5450 potuisset

648 5475 737 5543 qui
761 5474 951 5542 linguis
971 5488 1163 5528 canum
1182 5481 1297 5528 erat
1323 5473 1602 5542 expositus
1625 5470 1772 5542 (Luc.
1800 5470 1927 5539 l6)?
1950 5471 2014 5524 Et
2041 5481 2212 5523 tamen

651 5567 807 5619 etiam
833 5564 1034 5638 absque
1063 5564 1145 5620 his
1180 5565 1452 5635 praemium
1483 5565 1687 5619 virtutis
1716 5563 1956 5631 arripuit,
1981 5578 2046 5618 eo
2076 5562 2213 5630 quod

652 5658 827 5711 Olllltla
854 5658 1030 5712 tulerit
1060 5671 1318 5727 generoso
1344 5656 1539 5714 animo.
1566 5669 1629 5707 eo
1653 5653 1791 5723 quod
1821 5654 2001 5707 videns
2024 5653 2215 5707 crude-

655 5747 761 5803 lcut
786 5760 840 5803 ct
866 5749 1204 5802 inhumanum
1226 5747 1492 5803 hominem
1515 5745 1565 5800 in
1591 5746 1790 5799 honore
1817 5744 2014 5807 haberi,
2037 5745 2214 5797 vitatu-

1306 380 1364 435 S.
1400 372 1678 434 JOAPiNlS
1704 358 2176 449 CHRYSOS‘I'OII
2213 355 2527 412 ARCﬂlEP.
2564 352 3094 411 CONSTAN‘I'INOP.

2292 489 2395 543 que
2417 490 2573 545 agerc
2606 474 2658 528 iu
2685 474 2910 535 deliciis,
2932 472 3165 541 seipsum
3195 475 3374 523 autem
3396 459 3593 519 versari
3617 462 3673 516 in
3700 456 3871 515 lamis

2292 567 2466 629 malis,
2514 580 2581 620 ne
2615 564 2834 619 verbum
2863 561 3076 631 quidem
3107 556 3413 613 indecorum
3446 549 3742 621 protulerit.
3796 546 3865 602 Et

2290 656 2411 711 ideo
2439 658 2491 710 iu
2516 656 2633 709 sinu
2666 652 2891 707 Abt-aha:
2916 658 3162 718 receptus
3188 653 3291 712 est,
3333 643 3422 711 qui
3459 650 3670 696 mortuo
3696 637 3870 693 nihilo

2289 754 2409 800 erat
2435 746 2623 799 melius
2646 742 2885 807 allectus,
2919 739 3013 794 sed
3039 739 3196 809 plane
3216 745 3330 790 erat
3356 732 3577 795 inutilis,
3601 731 3651 783 in
3681 725 3869 783 divitis

2291 834 2551 889 vestibulo
2580 831 2844 902 projectus
2888 847 2901 883 :
2949 837 3005 882 et
3049 842 3169 881 cum
3215 822 3531 895 patriarcha,
3571 819 3660 889 qui
3704 826 3783 871 tot
3813 824 3871 870 et

2292 934 2465 979 tantas
2494 938 2581 979 res
2609 921 2859 992 prmclare
2881 926 3140 990 gesserat,
3168 914 3544 975 coronabatur,
3574 910 3747 963 victor
3772 921 3869 961 re-

2293 1016 2650 1078 nuntiabatur,
2677 1022 2732 1066 et
2756 1012 2873 1065 sinu
2905 1010 3044 1064 illius
3073 1008 3363 1067 fruebatur,
3383 1004 3474 1073 qui
3506 1017 3603 1057 nec
3625 1000 3872 1056 eleemo-

2292 1122 2477 1177 synatn
2508 1105 2735 1168 fecerat,
2768 1116 2867 1157 nec
2899 1101 2948 1155 ci
2971 1099 3054 1154 cui
3078 1097 3269 1166 injuria
3297 1094 3453 1150 ﬁebat
3487 1106 3701 1148 manum
3725 1104 3872 1158 pra:-

2292 1197 2498 1263 buerat,
2517 1212 2620 1252 non
2639 1194 2875 1263 hospites
2895 1197 3196 1259 exceperat,
3216 1201 3316 1242 nec
3337 1184 3535 1256 aliquid
3555 1182 3696 1239 aliud
3719 1180 3875 1251 ejus-

2292 1291 2435 1345 modi
2465 1289 2746 1345 ostendere
2767 1294 3034 1355 potuerat,
3056 1281 3150 1339 sed
3176 1288 3376 1334 tantum
3405 1277 3458 1330 in
3483 1275 3729 1329 omnibus
3759 1272 3879 1329 Deo

2292 1382 2487 1452 gratias
2502 1390 2701 1451 egerat,
2722 1389 2775 1433 et
2798 1376 3104 1447 pmlaram
3122 1370 3386 1443 patientia:
3406 1381 3656 1424 coronam
3671 1366 3880 1420 retule-

2294 1482 2395 1529 rat.
2426 1472 2610 1543 Magna
2634 1472 2774 1527 enim
2806 1484 2891 1525 res
2918 1468 3205 1539 gratiarum
3235 1461 3393 1525 actio,
3426 1458 3779 1530 philosophia,
3806 1472 3879 1512 ac

2296 1563 2544 1634 patientia
2562 1564 2579 1595 ⁸
2608 1576 2726 1631 quae
2756 1570 2832 1615 tot
2858 1567 2913 1613 et
2928 1558 3086 1613 tantis
3108 1554 3259 1609 malis
3276 1560 3554 1608 exercetur
3575 1568 3590 1603 :
3611 1551 3766 1617 idque
3786 1547 3875 1601 fa-

2295 1664 2442 1709 ctum
2479 1662 2562 1707 est
2586 1653 2745 1716 longe
2773 1650 3007 1704 omnium
3036 1645 3346 1699 maximum.
3386 1640 3536 1698 Unde
3580 1640 3738 1694 etiam
3768 1636 3881 1691 .lob

2295 1756 2579 1801 coronatus
2606 1753 2686 1796 cst
2717 1760 2735 1798 :
2763 1746 3087 1810 quapropter
3113 1734 3323 1791 dicebat
3367 1730 3646 1786 diabolus:
3679 1726 3880 1781 Pellem

2298 1851 2389 1908 pro
2412 1833 2566 1905 pelle,
2593 1843 2641 1887 et
2668 1832 2837 1886 omnia
2872 1843 2986 1899 qua:
3011 1828 3160 1881 hanno
3186 1823 3362 1886 habet,
3394 1820 3530 1874 dabit
3570 1834 3662 1889 pro
3700 1816 3881 1870 enim

2294 1944 2423 1994 sua;
2449 1926 2537 1982 sed
2560 1926 2771 1979 immitte
2796 1938 2999 1976 manum
3025 1928 3196 1982 luam,
3246 1924 3292 1970 el
3338 1921 3484 1984 tange
3521 1925 3721 1964 carnem
3760 1909 3880 1979 ejus

2301 2018 2455 2090 (Job.
2480 2016 2537 2073 2.
2578 2017 2632 2071 4.
2663 2014 2753 2086 5).
2787 2012 2903 2068 Non
2932 2019 3014 2066 est
3039 2010 3179 2065 enim
3206 2022 3391 2077 parum
3419 2003 3605 2059 dolore
3630 2001 3880 2055 affectam

2300 2109 2568 2164 refrenare
2592 2106 2822 2159 animam
2848 2100 2913 2157 ad
2954 2101 3055 2156 hoc
3080 2140 3095 2164 ,
3136 2106 3195 2153 ut
3235 2094 3366 2151 nihil
3397 2100 3601 2164 peccet.
3653 2090 3766 2145 lloc
3791 2099 3883 2144 est.

2298 2214 2418 2253 cum
2459 2196 2713 2267 martyrio
2752 2189 3132 2249 conferendum
3166 2202 3180 2238 :
3227 2186 3330 2241 hoc
3362 2192 3445 2241 est
3483 2183 3742 2238 bonorum
3785 2193 3884 2233 co-

2302 2290 2519 2361 lophon.

2371 2385 2426 2437 5.
2465 2382 2534 2437 Et
2561 2391 2615 2435 tu
2643 2394 2789 2449 ergo,
2813 2392 2847 2432 o
2874 2375 3086 2440 dilecte,
3111 2385 3231 2427 cum
3268 2377 3323 2424 te
3365 2381 3506 2437 smpe
3534 2365 3619 2420 vel
3654 2360 3881 2418 morbus

2302 2476 2387 2529 vel
2414 2474 2603 2536 febres,
2633 2470 2719 2525 vel
2748 2467 2958 2522 dolores
2996 2461 3271 2525 invadunt,
3296 2466 3521 2528 cogente
3557 2466 3610 2509 te
3634 2453 3881 2508 cruciatu

2301 2567 2479 2621 dicere
2492 2558 2689 2631 aliquid
2712 2557 3102 2627 blasphemum,
3121 2554 3167 2608 si
3189 2561 3242 2607 te
3267 2548 3568 2610 retinueris,
3592 2561 3654 2600 ac
3678 2544 3883 2615 gratias

2301 2657 2499 2728 egeris,
2534 2655 2805 2722 Deumque
2827 2649 2995 2720 gloria
3034 2655 3091 2703 et
3116 2647 3317 2700 honore
3339 2641 3606 2705 alfeceris,
3632 2636 3885 2693 eamdem

2303 2747 2599 2803 mercedem
2648 2744 2899 2813 accipies.
2941 2738 3054 2807 Qua
3098 2738 3240 2791 enim
3278 2734 3345 2789 de
3373 2746 3550 2796 causa,
3597 2730 3684 2785 die
3725 2728 3882 2795 mihi,

2301 2852 2503 2910 quaso,
2535 2835 2893 2904 blasphemas,
2918 2841 2972 2885 et
2998 2842 3186 2898 aspera
3214 2824 3374 2879 verba
3414 2820 3656 2894 profers?
3686 2819 3887 2874 ldcono

2303 2933 2479 2989 evadit
2505 2931 2595 2986 tibi
2621 2930 2777 2984 dolor
2819 2926 3021 2982 levior?
3051 2924 3251 2978 Tamen
3288 2921 3390 2975 etsi
3420 2920 3574 2975 dolor
3600 2918 3750 2973 fleret
3779 2915 3887 2972 hac

2304 3026 2509 3080 ratione
2525 3024 2709 3086 levior,
2733 3035 2799 3074 ne
2818 3020 2896 3073 sic
2918 3018 3127 3087 quidem
3150 3022 3421 3085 oporteret
3438 3014 3627 3067 anima:
3656 3010 3883 3063 salutem

2304 3116 2550 3187 prodere,
2580 3113 2754 3167 habita
2775 3112 2980 3166 ratione
2995 3105 3306 3164 consolandi
3326 3104 3565 3173 corporis
3587 3121 3599 3155 :
3624 3116 3766 3155 nunc
3779 3116 3884 3153 au-

2305 3218 2410 3263 tem
2443 3221 2545 3261 non
2572 3204 2732 3259 modo
2760 3217 2866 3257 non
2907 3201 3110 3256 levatur
3151 3197 3326 3260 dolor,
3356 3196 3447 3250 sed
3477 3194 3641 3249 etiam
3669 3190 3886 3262 gravior

2304 3298 2562 3352 redditur.
2604 3295 2735 3350 Nam
2763 3308 2884 3348 cum
2908 3290 3053 3345 videt
3089 3289 3330 3344 diabolus
3372 3301 3429 3341 se
3465 3285 3699 3355 potuisse
3738 3292 3790 3337 te
3811 3282 3885 3341 ad

2308 3386 2689 3458 blasphemiam
2712 3385 2999 3446 adducere,
3029 3380 3227 3437 fornaci
3260 3381 3435 3450 ignem
3459 3378 3625 3446 magis
3646 3366 3885 3442 subjicit,

2304 3490 2359 3534 ct
2400 3479 2640 3535 dolorem
2681 3475 2973 3539 succendit,
3020 3483 3079 3528 ut
3120 3472 3237 3543 ejus
3276 3470 3596 3526 desiderium
3638 3467 3882 3537 impleas.

2306 3571 2464 3640 Ergo.
2489 3570 2623 3625 sicut
2649 3568 2778 3632 dixi,
2806 3568 2964 3621 etiam
2987 3565 3028 3619 si
3056 3565 3338 3626 levaretur,
3362 3576 3465 3614 non
3488 3567 3759 3627 Oportcret
3781 3556 3887 3611 hoc

2307 3662 2514 3718 facere:
2546 3660 2757 3731 quando
2791 3669 2969 3713 autem
3002 3656 3132 3710 nihil
3172 3655 3303 3708 lucri
3348 3654 3495 3715 facis,
3525 3651 3649 3721 quid
3693 3649 3888 3703 attinet

2308 3758 2531 3825 teipsum
2560 3751 2837 3808 occidere?
2864 3752 2930 3804 At
2950 3763 3053 3803 non
3082 3756 3232 3817 potes
3254 3743 3460 3799 tacere?
3497 3743 3606 3797 Deo
3630 3756 3755 3810 ergo
3785 3755 3887 3810 age

2304 3850 2532 3920 gratias:
2557 3848 2719 3901 Deum
2746 3843 2916 3914 gloria
2940 3852 2994 3895 et
3023 3840 3225 3895 honore
3263 3837 3435 3901 office,
3482 3835 3570 3905 qui
3612 3832 3889 3900 te'probat

2307 3944 2358 3996 in
2389 3941 2619 3995 fornace.
2652 3938 2756 3992 Pro
2786 3932 3111 4004 blasphemia
3153 3947 3216 3985 ex
3259 3945 3352 3983 ore
3391 3938 3481 3982 tuo
3520 3925 3739 3997 prodeat
3789 3924 3884 3978 Dei

2305 4035 2491 4105 gloria.
2519 4032 2593 4086 Ita
2618 4039 2670 4086 et
2698 4043 2885 4098 magna
2910 4038 2992 4082 est
3014 4040 3238 4084 merces.
3261 4033 3315 4078 et
3340 4022 3528 4076 vulnus
3551 4019 3777 4074 cflicitnr
3808 4018 3888 4073 le-

2310 4126 2442 4180 vius.
2477 4123 2556 4177 Ad
2582 4119 2829 4177 eumdem
2858 4131 3067 4188 quoque
3095 4114 3310 4169 modum
3338 4114 3523 4166 beatus
3546 4110 3635 4165 ille
3660 4109 3887 4177 loquens

2307 4214 2535 4274 diccbat,
2566 4210 2812 4265 Dominus
2830 4208 2986 4272 dedit,
3018 4205 3268 4259 Dominus
3294 4201 3499 4256 abstulit
3515 4198 3656 4270 (Job.
3682 4200 3734 4252 l.
3760 4196 3881 4266 2|).

2310 4307 2375 4361 Et
2404 4317 2622 4358 rursus:
2652 4301 2712 4356 Si
2741 4301 2867 4354 bona
2894 4315 2955 4352 ea:
2984 4313 3135 4350 manu
3176 4294 3381 4348 Domini
3410 4291 3712 4359 accepimus,
3747 4290 3886 4342 mala

2310 4414 2411 4450 non
2438 4394 2787 4448 sustinebimus
2812 4389 2929 4459 (Job
2972 4388 3028 4443 ‘2.
3054 4386 3181 4459 l0)?
3206 4386 3311 4442 Sed
3342 4384 3491 4449 mihi,
3519 4382 3743 4452 inquies,
3776 4395 3886 4434 non

2311 4487 2454 4542 dedit
2479 4501 2628 4553 opes.
2658 4483 2830 4538 Minus
2855 4490 2935 4535 est
2962 4494 3086 4549 ergo
3118 4478 3332 4531 vulnus.
3362 4474 3475 4529 Non
3503 4474 3645 4525 enim
3682 4471 3889 4540 aequale

2311 4591 2393 4636 est
2416 4578 2600 4633 nudari
2628 4575 2838 4645 opibus,
2861 4588 2981 4627 cum
3009 4586 3098 4625 eas
3125 4566 3444 4639 possederis.
3474 4574 3527 4620 et
3555 4579 3674 4619 cum
3699 4575 3887 4615 earum

2314 4685 2597 4740 numquam
2624 4666 2916 4737 periculum
2943 4662 3153 4727 feceris,
3172 4660 3349 4715 vivere
3371 4658 3422 4711 in
3441 4657 3639 4726 inopia.
3666 4654 3725 4709 Si
3741 4652 3887 4734 enim

2315 4764 2537 4816 aliorum
2565 4759 2699 4812 mala
2718 4760 2738 4789 '
2770 4755 3031 4818 videntes,
3064 4760 3257 4806 etcum
3279 4749 3392 4802 suis
3419 4746 3671 4801 mrumnis
3698 4743 3887 4799 confc-

2314 4862 2510 4915 rentes,
2533 4849 2683 4904 multi
2707 4860 2962 4917 pauperes
3004 4857 3186 4898 eorum
3213 4839 3608 4907 comparatione
3649 4849 3741 4888 sua
3766 4848 3889 4889 esse

2314 4946 2552 5016 graviora
2582 4934 3150 5005 existimant:quando
3196 4946 3257 4986 se
3300 4944 3404 4984 non
3447 4943 3567 4983 cum
3608 4927 3746 4989 aliis,
3791 4926 3893 4982 see

2316 5052 2434 5089 rum
2464 5033 2651 5103 seipsis
2691 5037 3023 5097 comparant,
3055 5022 3237 5090 cogita
3256 5030 3400 5074 tanto
3430 5033 3548 5073 esse
3587 5017 3889 5086 graviorem

2317 5129 2575 5189 dolorem,
2602 5131 2797 5192 quanto
2822 5118 2980 5174 efficit
3011 5114 3356 5184 experientia,
3386 5120 3442 5164 ut
3471 5110 3539 5162 sit
3562 5110 3733 5174 major
3761 5121 3890 5160 scn-

2310 5233 2410 5273 sus
2432 5213 2756 5285 privationis.
2786 5210 2859 5263 lta
2885 5210 3041 5262 etiam
3064 5215 3145 5259 est
3170 5205 3363 5266 levius,
3392 5200 3458 5254 ab
3488 5200 3639 5252 initio
3668 5213 3770 5250 non
3794 5196 3889 5250 ha.

2321 5311 2496 5364 huisse
2525 5308 2740 5369 liberos,
2769 5316 2924 5373 quam
2955 5300 3032 5353 eis
3061 5296 3259 5360 orbari,
3291 5308 3410 5347 cum
3442 5292 3586 5361 ipms
3617 5288 3889 5343 habueris.

2319 5402 2431 5455 Non
2451 5408 2534 5455 est
2556 5398 2697 5453 enim
2720 5394 2913 5453 simile,
2947 5406 3049 5444 non
3094 5387 3387 5457 accepisse,
3416 5392 3469 5436 et
3488 5392 3765 5451 postquam
3798 5396 3893 5434 ac-

2320 5492 2542 5562 ceperis,
2569 5490 2646 5543 eis
2674 5500 2792 5541 esse
2819 5485 3095 5553 privatum.
3131 5460 3235 5534 Fer
3276 5491 3402 5546 ergo
3426 5490 3687 5544 generoso
3714 5473 3892 5524 animo

2387 5629 2399 5656 ¹
2440 5633 2486 5673 ιιι
2509 5622 2644 5672 Savil.
2672 5622 2748 5668 hae
2773 5630 2931 5672 voces.
2955 5629 3013 5664 ac
3037 5611 3279 5677 patientia,
3296 5611 3488 5659 desunt.
3577 5668 3609 5677 ν

2386 5690 2405 5717 ι
2438 5667 2644 5734 ξέέίῖίίίέ
2660 5667 2794 5744 quat
2814 5667 3091 5744 legenduim
3114 5677 3250 5744 bona,
3270 5667 3321 5721 et
3341 5680 3477 5744 certe
3494 5668 3673 5719 melius
3687 5667 3891 5731 quadra.

2280 5791 2289 5799 .
2326 5757 2401 5797 ret
2427 5732 2550 5795 ξένα
2566 5732 2727 5794 omnia
2756 5732 3045 5801 exemplaria
3069 5738 3267 5795 habent,
3290 5732 3435 5782 mala.
