4218 6446
588 409 694 465 δίιθ

582 523 792 590 λαδεῖν,
816 527 906 582 καί
949 525 1089 597 μετά
1115 527 1177 580 τὸ
1202 527 1387 586 λαϐεῖν
1420 529 1806 600 ἀφαιρεθῆναι.
1823 531 1960 601 Φέρε
1984 533 2164 586 τοίνυν

584 608 656 663 τά
681 609 1058 684 συμπίπτοντα
1083 610 1260 664 πάντα
1281 611 1545 677 γενναίως
1565 626 1578 640 ’
1606 611 1764 665 τοῦτο
1783 612 1892 682 γάρ
1914 630 1995 666 σοι
2026 631 2166 684 μαρ⁴

585 690 772 762 τύριόν
802 694 970 746 ἐστιν.
1015 691 1094 748 Οὐ
1111 693 1220 763 γάρ
1256 692 1348 746 τὸν
1378 689 1732 763 κελευόμενον
1765 693 1960 757 θῦσαι,
1996 696 2058 749 τὸ
2089 697 2164 766 μὴ

587 773 772 839 θῦσαι,
808 775 942 830 ἀλλά
977 775 1378 846 καταξανθῆναι
1412 776 1633 847 μᾶλλον,
1661 777 1694 848 ἢ
1724 778 1883 832 τοῦτο
1920 779 2165 849 ποιῆσαι,

588 861 738 912 ποιεῖ
765 860 1058 932 μαρτύριον
1097 861 1256 931 μόνον
1275 878 1288 892 ·
1318 860 1453 914 ἀλλά
1491 860 1586 913 καὶ
1618 860 1677 912 τὸ
1720 860 1820 930 τῆς
1861 862 2055 932 ὀδύνης
2085 865 2167 925 εἰς

592 940 940 1013 βλασφημίαν
979 944 1314 1015 ἐξαγούσης,
1361 942 1577 997 ἑλέσθαι
1639 945 2045 1015 ἐγκαρτερῆσαι
2089 945 2166 1015 τῷ

590 1023 757 1093 πόνῳ,
783 1024 875 1076 καὶ
911 1026 1074 1095 μηδὲν
1101 1027 1316 1096 ἀπηχὲς
1343 1027 1539 1088 εἰπεῖν,
1579 1024 1830 1096 μάρτυρα
1853 1026 2163 1096 ἐργάζεται.

602 1105 755 1159 Ἐπεὶ
791 1109 884 1160 καὶ
910 1110 939 1160 6
974 1107 1114 1172 Ἰὼϐ,
1147 1109 1245 1160 οὐκ
1276 1107 1463 1178 ἐπειδὴ
1494 1108 1852 1177 κελευόμενος
1873 1108 2032 1161 θῦσαι
2064 1109 2167 1161 οὐκ

591 1185 771 1254 εθυσε,
795 1187 882 1242 διὰ
921 1189 1080 1244 τοῦτο
1121 1190 1492 1258 ἐστεφανώθη,
1537 1191 1653 1244 ἀλλ’
1693 1191 1880 1262 ἐπειδὴ
1907 1191 2167 1259 γενναίως

593 1270 788 1341 ήνεγκε
816 1271 914 1336 τὰς
959 1273 1171 1338 ὀδύνας.
1213 1275 1324 1328 Kal
1359 1273 1571 1338 Παῦλος
1595 1275 1653 1328 δὲ
1687 1273 1936 1329 ἐντεῦθεν
1963 1274 2163 1344 ἀνεκηο

594 1352 832 1424 ρύττετο,
863 1355 973 1408 ἀπὸ
1002 1356 1109 1408 τῶν
1135 1357 1448 1425 μαστίγων,
1485 1357 1594 1410 ἀπὸ
1623 1355 1733 1409 τῶν
1763 1356 2018 1426 θλίψεων,
2059 1355 2169 1410 ἀπὸ

588 1435 698 1488 τῶν
726 1436 901 1491 ἄλλων
925 1429 1004 1490 ὧν
1033 1439 1294 1509 ὑπέμεινε
1322 1440 1461 1510 μετὰ
1488 1439 1853 1511 εὐχαριστίας.
1889 1438 2032 1504 Τοὺς
2059 1439 2168 1491 πό-

587 1533 738 1584 νους
767 1517 886 1572 τῶν
923 1519 1170 1587 καρπῶν
1194 1539 1310 1576 σου
1342 1521 1602 1590 φάγεσαι
1623 1540 1636 1553 ·
1665 1520 1958 1590 μακάριος
1986 1517 2041 1574 εί
2067 1519 2169 1584 καί

587 1599 788 1668 καλῶς
817 1617 915 1656 σοι
943 1603 1137 1658 ἔσται.
1165 1605 1322 1668 Τίνος
1355 1605 1541 1659 ἕνεκεν
1571 1603 1916 1669 διπλασιάζει
1943 1605 2034 1658 τὸν
2066 1621 2170 1675 μα-

588 1683 894 1752 καρισμόν;
936 1683 1152 1756 Ἐπειδὴ
1186 1683 1328 1740 οίδεν
1354 1686 1522 1740 αὐτοῦ
1551 1687 1612 1740 τὸ
1646 1687 1895 1757 μέγεθος,
1929 1687 2168 1759 ἐντρυφᾷ

587 1765 655 1835 τῇ
683 1767 951 1840 φαντασίᾳ
971 1766 1066 1820 τοῦ
1091 1768 1434 1841 πράγματος.
1461 1772 1572 1824 Kal
1591 1771 1642 1824 τί
1668 1774 1749 1835 τὸ,
1779 1770 1989 1838 Καλῶς
2004 1788 2024 1836 ;
2048 1772 2167 1824 εἰπέ

591 1863 702 1916 μοι.
734 1848 797 1901 Ἠ
817 1850 970 1918 γυνή
993 1866 1110 1904 σου
1133 1851 1402 1920 ἄμπελος
1425 1854 1771 1922 εὐθηνοῦσα
1795 1854 1864 1908 ἐν
1884 1853 2006 1919 τοῖς
2034 1854 2168 1908 κλί-

587 1944 719 1983 τεσι
739 1928 850 1998 τῆς
875 1933 1070 1999 οἰκίας
1089 1945 1225 1989 σου.
1253 1934 1446 1999 Ἄλλος
1474 1936 1661 2006 φησιν,
1687 1938 1782 1990 Ἐν
1803 1936 1926 2000 τοῖς
1945 1934 2168 1990 ἐσωτά-

586 2009 729 2078 τοις.
741 2013 802 2064 Ἀ
811 2013 951 2080 λλος,
970 2016 1066 2068 Ἐν
1085 2016 1206 2083 τοῖς
1219 2018 1452 2087 μηροῖς.
1478 2020 1601 2073 Υίοι
1621 2035 1739 2074 σου
1759 2032 1785 2060 ι
1812 2020 1892 2084 ὡς
1906 2019 2168 2087 νεόφυτα

584 2094 804 2151 ἐλαιῶν
822 2099 1025 2162 κύκλῳ
1041 2099 1150 2169 τῆς
1164 2101 1456 2170 τραπέζης
1469 2119 1606 2158 σου.
1626 2103 1780 2157 Ἰδοὺ
1800 2103 1988 2168 οὕτως
2001 2104 2171 2156 εὐλο-

585 2180 911 2250 τηθήσεται
930 2183 1240 2252 ἅνθρωπος
1265 2190 1299 2240 ό
1323 2188 1691 2255 φοϐούμενος
1716 2187 1823 2240 τὸν
1841 2187 2075 2255 Κύριον.
2101 2185 2167 2239 Τί

586 2264 765 2334 λέγεις
779 2281 794 2330 ;
813 2267 932 2319 εἰπέ
949 2284 1067 2337 μοι·
1085 2267 1243 2323 τοῦτο
1256 2271 1285 2322 6
1305 2272 1650 2341 μακαρισμός
1665 2288 1680 2335 ;
1697 2271 1855 2324 τοῦτο
1869 2271 1929 2323 τὸ
1945 2269 2133 2339 κέρδος
2149 2287 2165 2336 ;

585 2349 765 2412 οἰκίας
791 2349 1033 2420 εὐθηνία,
1063 2352 1156 2405 καὶ
1181 2353 1242 2406 τὸ
1266 2353 1377 2407 τῶν
1397 2355 1612 2408 οἰκείων
1639 2354 1943 2409 ἀπολαῦσαι
1971 2355 2166 2419 πόνων,

585 2434 684 2488 καὶ
713 2434 915 2488 παίδων
945 2434 1166 2506 πλῆθος,
1195 2437 1224 2477 ιι
1245 2439 1337 2490 καὶ
1351 2438 1522 2509 γυνή;
1558 2437 1837 2507 Οὑτοῦτο,
1857 2437 1991 2491 ἀλλά
2011 2437 2170 2491 τοῦτο

586 2517 654 2570 ὲκ
686 2517 1021 2588 περιουσίας.
1048 2519 1286 2586 Ζητεῖτε
1315 2521 1422 2590 γάρ
1445 2519 1682 2589 πρῶτον
1705 2520 1810 2588 τὴν
1842 2521 2170 2585 βασιλείαν

585 2595 708 2651 τῶν
753 2600 1047 2665 οὐρανῶν,
1087 2602 1183 2654 καί
1230 2603 1418 2658 ταῦτα
1459 2602 1657 2657 πάντα
1694 2603 2170 2671 προστεθήσεται

587 2682 751 2750 ὑμῖν.
788 2683 1005 2755 Ἐπειδὴ
1038 2680 1131 2740 οῦν
1151 2685 1524 2756 ἀτελεστέροις
1554 2687 1632 2739 ἔτι
1655 2685 1948 2754 διελέγετο,
1979 2685 2168 2756 ὥσπερ

588 2766 777 2820 παιδία
802 2768 978 2839 μικρά
1008 2770 1117 2823 ἀπὸ
1138 2770 1246 2826 τῶν
1271 2769 1546 2838 αἰσθητῶν
1573 2770 1776 2837 ἐνάγει.
1796 2770 1907 2824 Kal
1931 2770 2006 2841 μὴ
2039 2771 2168 2823 θαυ-

589 2851 790 2922 μάσῃς.
828 2852 890 2904 Εἰ
919 2851 1029 2923 γάρ
1063 2853 1274 2917 Παῦλος
1297 2853 1457 2906 τοῦτο
1492 2856 1636 2907 ποιεῖ
1667 2857 1724 2906 ὲν
1752 2853 1831 2923 τῷ
1867 2853 2044 2926 καιρῷ
2068 2855 2167 2924 τῆς

583 2933 854 3004 τοσαύτης
875 2933 1190 3004 φιλοσοφίας
1212 2938 1348 3006 πρὸς
1367 2936 1493 2999 τοὺς
1509 2936 1589 2989 ἔτι
1609 2938 1784 3008 χαμαὶ
1811 2937 2125 3007 βαδίζοντας
2139 2947 2164 2974 ο

586 3018 696 3073 ἀπὸ
721 3017 925 3073 τούτων
945 3019 1322 3090 διαλεγόμενος
1339 3035 1354 3050 ⁸
1377 3019 1556 3091 πολλῷ
1583 3022 1782 3092 μᾶλλον
1801 3024 1831 3075 6
1851 3023 2164 3094 Προφήτης.

587 3099 694 3156 Kal
723 3101 828 3155 ποῦ
862 3101 1020 3156 τοῦτο
1042 3105 1072 3156 6
1119 3102 1330 3166 Παῦλος
1366 3106 1550 3169 ποιεῖ;
1582 3102 1879 3174 Πολλαχοῦ.
1913 3107 2023 3161 Kal
2059 3106 2168 3176 γάρ

587 3184 718 3237 ὅταν
747 3185 877 3256 περὶ
906 3185 1202 3256 παρθενίας
1223 3185 1559 3257 διαλέγηται,
1579 3187 1728 3239 οὐδὲν
1761 3188 1888 3259 περὶ
1911 3187 2019 3240 τῶν
2045 3188 2169 3256 μελ-

591 3264 792 3320 λόντων
816 3266 1000 3326 αὐτοῖς
1031 3266 1180 3335 λέγει
1201 3284 1215 3299 ο
1247 3267 1384 3321 ἀλλά
1431 3269 1532 3339 τήν
1569 3269 1890 3340 ἀπαλλαγὴν
1919 3269 2027 3322 τῶν
2059 3270 2168 3324 ἀπὸ

586 3344 680 3398 τοῦ
695 3345 874 3415 γάμου
904 3347 1345 3419 προσγινομένων
1371 3349 1631 3422 λυπηρῶν
1656 3350 1815 3421 μόνον
1837 3348 2041 3422 τίθησιο
2073 3350 2170 3405 καὶ

588 3430 716 3483 ὅταν
744 3429 801 3482 δὲ
827 3429 954 3500 περὶ
980 3431 1079 3500 τῆς
1101 3433 1180 3495 εἰς
1207 3433 1403 3501 γονέας
1422 3435 1607 3507 τιμῆς,
1631 3435 1710 3505 τῷ
1732 3436 1880 3507 αὐτῷ
1901 3437 2169 3508 κέχρηται

587 3513 793 3584 τρόπῳ.
823 3512 964 3567 οὕτω
995 3514 1186 3582 λέγων·
1231 3517 1394 3584 Ἥτις
1420 3519 1591 3574 ἐστίν
1617 3520 1838 3588 ἐντολὴ
1874 3520 2072 3590 πρώτη
2101 3522 2172 3576 ἐν

590 3593 718 3660 ταῖς
750 3595 1152 3667 ἐπαγγελίαις.
1176 3600 1272 3664 Τίς
1302 3601 1360 3654 δέ
1390 3603 1537 3656 ἐστιν
1572 3605 1605 3674 ή
1637 3603 1856 3673 ὲντο).ή;
1889 3606 2032 3674 Τίμα
2063 3605 2172 3658 τὸν

587 3675 814 3744 πατέρα
841 3693 958 3732 σου
988 3679 1086 3732 καί
1114 3677 1232 3746 τὴν
1251 3679 1480 3749 μητέρα
1507 3697 1645 3746 σου,
1669 3684 1765 3736 καὶ
1794 3684 1914 3756 ἔσῃ
1946 3702 2168 3755 μακρο-

587 3760 831 3830 χρόνιος
852 3759 952 3814 ἐπὶ
988 3759 1100 3828 τῆς
1128 3760 1261 3830 γῆς.
1297 3762 1456 3816 Ἀλλὰ
1495 3764 1586 3819 xal
1631 3765 1758 3818 ὃταν
1795 3769 1924 3839 περὶ
1957 3768 2058 3838 τῆς
2087 3771 2167 3834 εἰς

585 3843 715 3906 τοὺς
743 3842 973 3917 ἐχθροὺς
1010 3843 1163 3916 ίὸϐὅ]
1194 3844 1513 3915 φιλοσοφίας
1547 3847 1754 3920 γράφῃ,
1787 3849 1949 3904 πάλιν
1974 3850 2167 3920 αἰσθη-

585 3925 685 3979 τὸν
705 3925 919 3997 τίθησιν
949 3925 1203 3992 ἔπαθλον,
1233 3927 1440 3996 λέγων·
1471 3929 1650 3984 Τοῦτο
1682 3931 1792 4000 γὰρ
1829 3930 2035 3998 ποιῶν,
2060 3932 2167 3986 ἇν-

588 4012 810 4076 θριικας
835 4009 1026 4076 πυρὸς
1048 4011 1373 4078 σωρεύσεις
1393 4012 1493 4065 ἐπὶ
1510 4011 1626 4080 τὴν
1653 4013 1928 4083 κεφαλὴν
1956 4015 2162 4070 αὑτοῦ.

601 4091 741 4144 Ἀλλ’
767 4094 796 4145 6
818 4091 1052 4162 Χριστὸς
1076 4091 1104 4132 ἀ
1134 4094 1230 4163 οὐχ
1261 4094 1436 4159 οὕτως
1460 4111 1474 4124 ⁸
1504 4096 1626 4149 οὐδὲ
1663 4096 1772 4168 γάρ
1813 4098 1976 4162 αὐτὸς
2005 4098 2168 4152 ἀσθε-

587 4175 702 4228 νέσι
721 4174 1060 4243 διαλέγεται·
1093 4175 1207 4228 ἀλλ’
1233 4178 1326 4230 ὲπί
1357 4177 1456 4248 μὲν
1500 4181 1566 4249 τῇ
1614 4180 1883 4253 παρθενίᾳ
1923 4182 2020 4254 τὴν
2067 4182 2166 4252 βα-

590 4257 794 4312 σιλείαν
842 4257 1054 4328 τίθησιν
1079 4299 1092 4323 ,
1139 4260 1231 4312 ἐπὶ
1265 4259 1325 4312 δὲ
1363 4259 1444 4331 τῷ
1483 4262 1610 4325 τοὺς
1655 4263 1882 4333 ἐχθροὺς
1921 4266 2163 4337 ἀγαπᾷν,

585 4341 650 4394 τὸ
678 4339 933 4409 γενέσθαι
962 4341 1179 4411 ὁμοίους
1227 4341 1306 4412 τῷ
1352 4342 1491 4412 Θεῷ,
1524 4344 1600 4408 ὠς
1646 4345 1966 4416 ἀνθρώπους
2007 4348 2167 4414 ὄντας

587 4423 809 4494 ὁμοίους
837 4423 1088 4491 γενέσθαι
1118 4423 1230 4505 ἐνι.
1253 4424 1461 4496 Ὠσπερ
1489 4423 1584 4480 οὖν
1611 4429 1706 4480 καὶ
1739 4431 1796 4481 ὲν
1821 4433 1886 4501 τῇ
1933 4432 2164 4505 Παλαιᾷ,

588 4505 717 4559 ἔνθα
743 4505 831 4558 διὰ
862 4505 970 4558 τῶν
1001 4504 1276 4576 αἰσθητῶν
1305 4507 1524 4577 ἤγοντο,
1548 4511 1673 4573 τοὺς
1695 4510 2002 4580 φιλοσοφεῖν
2030 4504 2166 4570 εἰδό-

586 4605 687 4652 τας
717 4588 837 4644 ἀπὸ·
866 4589 977 4642 τῶν
1033 4588 1295 4659 μειζόνων
1337 4591 1580 4662 ὀψόμεθα
1629 4595 2010 4665 ὲναγομὲνους.
2063 4597 2167 4652 Καὶ

589 4671 748 4726 τοῦτο
764 4671 938 4742 δηλῶν
959 4675 987 4726 6
1007 4671 1217 4736 Παῦλος
1241 4673 1394 4743 ἔλεγε
1412 4690 1425 4704 ³
1457 4676 1619 4730 Κατὰ
1636 4679 1843 4731 πίστιν
1864 4680 2169 4736 ἀπέθανον

587 4749 754 4810 οὗτοι
774 4753 861 4822 μὴ
897 4754 1282 4824 κομισάμενοι
1311 4758 1417 4822 τὰς
1447 4759 1826 4829 ἐπαγγελίας,
1843 4763 2004 4818 ἀλλὰ
2026 4766 2168 4834 adﬁg-

581 4839 774 4907 ῥωθεν
794 4838 979 4905 αὐτὰς
1011 4837 1241 4905 ἰδόντες
1265 4841 1364 4893 καί
1394 4840 1837 4912 ἀσπασάμενοι.
1870 4847 1946 4899 Οὐ
1988 4849 2167 4903 τοίνυν

586 4923 616 4975 ό
640 4920 828 4992 μισθὸς
857 4921 966 4973 τῶν
1000 4921 1347 4993 φοδουμένων
1376 4924 1466 4978 τὸν
1494 4925 1626 4978 Θεὸν
1652 4916 1803 4992 οὗτος
1839 4931 2023 4999 μόνος,
2059 4934 2166 4986 τῶν

587 5006 802 5060 οἰκείων
818 5007 852 5077 ή
878 5005 1198 5072 ἀπόλαυσις,
1229 5010 1322 5061 καὶ
1343 5008 1502 5080 γυνὴ,
1527 5011 1620 5063 καὶ
1644 5011 1846 5075 παῖδες.
1875 5015 1969 5066 καὶ
2000 5015 2164 5088 εὐθη-

587 5089 676 5143 νία
720 5087 933 5152 οἰκίας·
973 5090 1110 5143 ἀλλά
1142 5091 1316 5144 ταῦτα
1348 5093 1445 5162 μὲν
1487 5093 1552 5146 ὲκ
1594 5095 1907 5166 περιουσίας
1960 5100 2054 5151 καὶ
2107 5087 2165 5154 ἐν

585 5172 738 5238 τάξει
795 5172 1114 5244 προσθήκης
1139 5190 1153 5204 ⁸
1203 5174 1273 5228 τά
1319 5175 1376 5229 δὲ
1428 5175 1698 5245 κεφάλαια
1748 5181 1840 5233 καὶ
1870 5184 2083 5251 μεγάλα
2117 5196 2161 5252 ε,

587 5257 802 5340 πρῶτον
837 5256 935 5326 μὲν
969 5255 991 5295 ί
1021 5259 1152 5312 αὐτὸ
1184 5258 1244 5312 τὸ
1277 5259 1557 5328 φοϐεῖσθαι
1589 5262 1678 5314 τὸν
1715 5263 1866 5331 Θεὸν,
1901 5269 1958 5320 ὲν
1987 5269 2165 5340 ἑαυτῷ

583 5338 683 5412 τὴν
703 5340 936 5412 ἀμοιὸὴν
952 5340 1072 5412 ἔχον
1093 5359 1107 5374 ·
1139 5341 1328 5397 ἔπειτα
1351 5343 1409 5397 δὲ
1428 5345 1523 5399 καὶ
1546 5343 1617 5398 τά
1640 5347 1927 5420 ἀπόρρητα
1953 5338 2159 5420 ἐκεῖνα,

647 5435 672 5463 ⁸
697 5435 847 5485 εινίι.
870 5440 915 5486 οἰ
948 5437 1043 5488 υἱοί
1066 5455 1174 5488 σου.

566 5553 602 5571 Α
646 5495 780 5571 ξὸῐο
818 5507 1142 5571 pnusnrectfz.
1164 5501 1286 5571 Δᾼῌί
1328 5503 1410 5550 καὶ
1451 5505 1700 5571 γυναικός,
1731 5520 2007 5571 perperam.
2036 5509 2166 5561 Infra

578 5558 580 5566 γ
650 5521 780 5547 von;
818 5521 947 5548 unus
989 5521 1142 5550 recte.
1185 5521 1286 5551 Alu
1328 5521 1410 5550 και
1451 5521 1686 5566 γυναικος,
1731 5521 1822 5568 per
1857 5521 1940 5558 era

578 5553 932 5627 ἀσθενεστέροις
956 5561 1130 5627 Μφτςςι.
1151 5565 1248 5612 Alii
1274 5576 1391 5627 νει-ο
1418 5577 1590 5627 omnes
1608 5521 1943 5627 ἀτελεστεζοις.

649 5621 673 5696 ξ
695 5618 852 5696 ἑανὶιζ
871 5624 1028 5696 χαμαί
1049 5623 1320 5696 βλέποντας.
1337 5625 1490 5675 Paulo
1513 5633 1626 5690 post
1645 5631 1778 5682 idem
1796 5618 1990 5690 Παῦλος
2010 5634 2163 5696 “cui;

583 5678 674 5748 καὶ⁸
687 5678 916 5748 ἀλλαχοῦ.
932 5678 1033 5748 Καὶ

647 5743 679 5780 ⁸
706 5741 866 5812 θεῷ.
891 5741 1068 5812 αύτρῦξ
1091 5741 1151 5797 Ὅ
1171 5749 1223 5798 δὲ
1240 5748 1463 5812 Χριστός.

653 5815 686 5872 ε
704 5805 853 5872 διανεί.
874 5807 1108 5872 κεφάλαια
1135 5805 1335 5872 μεγάλα.

665 5860 686 5900 ί
709 5863 860 5915 Sail.
994 5868 1090 5917 οὖν.

1265 409 1322 470 5.
1339 408 1624 467 JUANNIS
1659 410 2148 470 CIIRYSOSTOMI
2181 413 2504 471 AKCIIIEP.
2544 410 3096 470 CONSTANTINOP.

3751 414 3861 473 370

2279 534 2337 587 Ἀ
2373 531 2682 603 ὀφθαλμὸς
2711 532 2822 584 οὐκ
2864 525 3006 594 εἶδε,
3050 526 3145 582 καί
3178 521 3290 593 οὖς
3326 527 3437 581 οὐκ
3467 525 3722 596 ἤκουσε,
3759 529 3864 585 καὶ

2269 614 2368 668 ἐπί
2406 614 2659 683 καρδίαν
2681 610 2993 680 ἀνθρώπου
3017 613 3128 664 οὐκ
3165 609 3371 678 ἀνέϐη.
3403 611 3755 680 Εὑλοτήσαι
3784 626 3867 670 σε’

2273 695 2488 764 Κύριος
2517 695 2586 750 ἐκ
2613 691 2785 755 Σιὼν,
2815 692 2914 745 καί
2946 691 3096 757 ἴδοις
3129 690 3199 746 τὰ
3225 689 3416 760 ἀγαθὰ
3438 691 3856 762 Ἰερουσαλήμ.

2273 779 2521 850 Ἕτερος,
2541 776 2646 831 Kal
2669 775 2779 843 ὅρα
2797 775 2867 828 ἐν
2890 771 3133 843 ἀγαθοῖς
3161 772 3558 843 Ἰερουσαλήμ
3577 776 3625 826 κ.
3653 773 3851 843 ’Δγαθὰ

2271 863 2370 935 τὴν
2399 862 2555 915 πόλιν
2583 860 2755 928 λέγει,
2792 857 2885 910 τὸν
2925 855 3150 910 πλοῦτον
3171 897 3186 918 ,
3232 856 3330 928 τὴν
3373 857 3728 927 εὐπρέπειαν,
3763 859 3856 922 τὰς

2271 946 2448 1009 νίκας,
2485 945 2584 1005 τὰς
2623 940 2810 1012 τιμάς,
2855 938 2952 1008 τὴν
2983 939 3259 1011 εὐθηνίαν,
3289 939 3388 1012 τὴν
3417 938 3729 1010 εὐετηρίαν,
3761 938 3857 1010 τὴν

2271 1029 2594 1094 ἀσφάλειαν,
2623 1026 2724 1095 τὴν
2754 1025 2999 1094 εἰρήνην.

2342 1111 2406 1164 δ’.
2439 1109 2645 1177 Πάσμς
2670 1108 2773 1172 τὰς
2807 1106 3032 1175 ἡμέρας
3057 1101 3164 1170 τῆς
3190 1102 3336 1170 ζωῆς
3373 1121 3510 1158 σου·
3549 1104 3750 1165 Καλῶς
3791 1106 3858 1175 τῇ

2273 1193 2561 1265 προσθήκῃ
2586 1191 2698 1244 τῶν
2728 1189 2954 1260 ἡμερῶν
2992 1189 3277 1259 κέχρηται.
3308 1189 3419 1242 Kal
3451 1189 3560 1258 γάρ
3581 1189 3678 1242 καὶ⁵
3700 1187 3860 1244 τοῦτο

2276 1277 2511 1346 μάλιστα
2541 1277 2768 1345 σημεῖον
2798 1268 2866 1344 ἦν
2904 1271 2998 1325 τοῦ
3029 1271 3180 1341 παρά
3215 1269 3310 1323 τοῦ
3340 1271 3474 1323 Θεοῦ
3501 1272 3531 1311 h
3561 1273 3737 1326 ταῦτα
3779 1271 3856 1324 δί-

2271 1357 2482 1423 δοσθαι,
2509 1356 2730 1426 καὶτῆς
2779 1354 3034 1426 προνοίας
3071 1352 3236 1408 αὑτοῦ
3282 1352 3508 1421 δεῖγμα.
3553 1353 3612 1406 τὸ
3647 1352 3724 1425 μὴ
3755 1351 3860 1406 πά-

2275 1457 2427 1510 σχειν
2452 1457 2504 1494 τι
2555 1437 2915 1510 ἀνθρώπινον,
2957 1436 3094 1507 μηδὲ
3143 1437 3527 1506 μεταπίπτειν,
3563 1439 3658 1490 καὶ
3695 1452 3860 1506 μετα-

2274 1523 2436 1595 ϐολὴν
2468 1524 2783 1594 ὑπομένειν,
2815 1521 2954 1592 πλὴν
2996 1520 3179 1574 εἴποτε
3211 1519 3486 1588 ὀργισθεὶς
3517 1519 3656 1572 αύτά
3685 1519 3860 1572 διέκο-

2271 1606 2361 1676 ψε.
2395 1606 2507 1659 Kal
2529 1605 2680 1669 ἴδοις
2705 1604 2878 1669 υἱοὺς
2905 1601 3024 1665 τῶν
3056 1601 3205 1656 υἱῶν
3224 1619 3361 1656 σου.
3386 1603 3497 1656 Kal
3526 1601 3630 1672 μὴν
3652 1601 3856 1663 πολλοὶ,

2275 1689 2429 1759 φησί,
2455 1687 2779 1757 φοὸούμενοι
2799 1687 2890 1740 τὸν
2919 1685 3050 1738 Θεὸν
3073 1687 3129 1738 ὲν
3155 1685 3380 1755 ἀπαιδίᾳ
3407 1685 3730 1738 διετέλεσαν.
3747 1685 3859 1739 καὶ

2271 1771 2325 1824 τί
2366 1771 2556 1829 τοῦτο;
2590 1771 2662 1822 Οὐ
2705 1770 2814 1840 γὰρ
2847 1768 2934 1822 ἐπὶ
2989 1770 3101 1831 τοῖς
3142 1766 3406 1838 παροῦσιν
3446 1766 3854 1837 ἁπεδυσάμεθα,

2273 1853 2410 1906 ἀλλά
2438 1852 2866 1923 προηγουμένως
2909 1851 3010 1922 μὲν
3048 1850 3140 1903 ἐπὶ
3183 1849 3261 1918 τῷ
3298 1850 3552 1920 ἀρέσκειν
3584 1848 3661 1919 τῷ
3699 1848 3850 1920 Θεῷ’

2271 1937 2465 1990 ἔπειτα
2489 1937 2545 1990 δὲ
2581 1935 2673 1988 ἐπὶ
2720 1937 2841 1999 ταῖς
2878 1933 3199 2006 μελλούσαις
3227 1933 3427 1986 ἐλπίσι.
3460 1932 3571 1986 Kal
3606 1932 3728 1985 τότε
3757 1931 3856 2002 μὲν

2272 2019 2446 2072 ταῦτα
2465 2014 2535 2089 ἦν
2567 2018 2637 2071 τὰ
2664 2017 2904 2070 ἔπαθλα·
2938 2016 3033 2070 νῦν
3064 2017 3120 2070 δὲ
3146 2016 3374 2085 οὐρανὸς
3402 2016 3496 2068 καὶ
3517 2015 3585 2067 τά
3610 2016 3668 2068 ἐν
3693 2016 3857 2087 ούρα-

2273 2104 2386 2165 νοίς
2410 2094 2712 2169 ἀγαθά.Ἑί
2736 2101 2793 2154 δὲ
2826 2099 2902 2172 μὴ
2931 2100 3088 2170 ἔσχες
3113 2098 3327 2161 παῖδας,
3350 2098 3379 2149 6
3410 2096 3741 2168 φοϐούμενος
3764 2095 3857 2150 τὸν

2270 2187 2422 2253 Θεὸν,
2441 2188 2604 2240 πόθεν
2631 2183 2807 2250 οἶσθα,
2833 2190 2882 2241 εἰ
2915 2186 2988 2257 μὴ
3013 2186 3113 2255 τῆς
3139 2184 3444 2256 εὐπραγίας
3470 2181 3671 2253 ταύτης
3694 2181 3856 2253 ἔτερα

2275 2272 2496 2340 μείζονα
2519 2270 2719 2324 ἔδωκεν
2741 2289 2755 2337 ;
2779 2272 2854 2323 υύ
2881 2270 2989 2340 γὰρ
3010 2270 3090 2321 ἑνὶ
3111 2269 3298 2340 τρόπῳ
3328 2267 3533 2332 πάντας
3554 2267 3853 2338 εὐεργετεῖ,

2271 2353 2407 2408 ἀλλά
2425 2354 2719 2425 διαφόρως,
2740 2353 2994 2416 πλούσιος
3023 2351 3118 2406 ῶν.
3142 2352 3301 2405 Πόσοι
3324 2351 3515 2414 παῖδας
3539 2351 3854 2421 ἐσχηκότες,

2270 2439 2398 2499 τοὺς
2421 2437 2521 2490 ούκ
2549 2436 2780 2507 ἔχοντας
2805 2437 3184 2507 ὲμακάρισαν;
3211 2435 3366 2489 πόσοι
3397 2433 3625 2488 πλοῦτον
3653 2432 3857 2504 κτησά-

2275 2537 2445 2590 μενοι,
2471 2519 2580 2572 τῶν
2606 2525 2854 2591 πενήτων
2884 2517 3211 2589 ἀθλιώτερον
3236 2518 3571 2582 κατέλυσαν;
3597 2517 3753 2570 πόσοι
3772 2515 3857 2569 δό-

2273 2604 2369 2674 ξης
2411 2604 2820 2668 ἀπολαύσαντες
2845 2645 2858 2668 ,
2908 2604 3161 2673 καθάπερ
3211 2602 3456 2672 μαχαίρᾳ
3487 2599 3658 2670 ταύτῃ
3695 2615 3855 2669 περι·

2271 2688 2588 2757 επάρησαν,
2634 2687 2730 2740 καὶ
2761 2685 2828 2740 τὰ
2865 2687 3140 2755 ἀνήκεστα
3174 2683 3512 2749 πεπόνθασι;
3558 2682 3645 2752 Μὴ
3692 2681 3757 2752 δὴ
3789 2679 3855 2734 τὰ

2272 2769 2576 2840 πράγματα
2621 2768 2810 2840 ζήτει,
2849 2768 2983 2838 μηδὲ
3015 2767 3249 2820 ’ἀπαίτει
3286 2765 3377 2818 τὸν
3428 2765 3560 2818 Θεὸν
3602 2763 3854 2827 εὐθύνας,

2269 2852 2404 2906 ἀλλὰ
2454 2853 2632 2906 πάντα
2684 2852 2818 2923 φέρε
2853 2850 3117 2919 γενναίως
3145 2849 3240 2902 καὶ
3286 2847 3426 2919 μετά
3470 2845 3853 2918 εὐχαριστίας·

2274 2934 2474 3005 μᾶλλον
2500 2936 2557 2987 δὲ
2594 2934 2788 3004 μηδενὶ
2811 2934 2920 2986 τῶν
2948 2933 3235 3003 παρόντων
3264 2932 3605 3002 προσήλωσα
3625 2929 3724 2983 Διά
3748 2928 3856 3001 γάρ

2269 3017 2433 3071 τοῦτο
2477 3017 2735 3086 τοιαύτην
2784 3015 3113 3087 ὲκελεύσθης
3165 3013 3420 3085 εὔχεσθαι
3466 3014 3663 3084 εὐχὴν,
3704 3013 3764 3067 ὲν

2275 3101 2435 3170 μόνον
2475 3099 2532 3153 ἓν
2573 3100 2782 3170 αἰτημα
2815 3098 3073 3168 αἰσθητὸν
3103 3099 3292 3161 αἰτεῖς,
3341 3098 3436 3151 καὶ
3481 3095 3642 3148 πλέον
3681 3094 3853 3150 οὐδέν.

2273 3181 2423 3254 1564]
2451 3180 2609 3235 Ἀλλά
2634 3184 2726 3235 καὶ
2759 3181 2918 3235 τοῦτο
2945 3181 3022 3252 τῷ
3057 3181 3242 3252 μέτρῳ
3274 3180 3435 3234 πάλιν
3463 3179 3671 3248 γίνεται
3700 3195 3857 3233 πνευ-

2274 3265 2522 3336 ματικόν.
2549 3264 2631 3318 Τὰ
2669 3265 2766 3335 μὲν
2799 3263 3076 3336 γὰρ’άλλα
3110 3264 3287 3316 πάντα
3321 3265 3452 3335 περὶ
3489 3261 3734 3334 οὐρανῶν
3762 3261 3856 3315 καὶ

2269 3347 2368 3416 τῆς
2419 3346 2537 3397 ἐκεῖ
2581 3343 2892 3415 βασιλείας,
2934 3345 3030 3398 καὶ
3065 3343 3164 3414 τῆς
3207 3343 3468 3416 ἀκριὸοῦς
3500 3344 3516 3383 ί
3548 3343 3854 3406 πολιτείας,

2270 3429 2362 3482 καὶ
2385 3428 2487 3498 τῆς
2511 3429 2620 3484 τῶν
2655 3428 3074 3500 ἁμαρτημάτων
3096 3427 3412 3498 ἀπαλλαγῆς
3445 3429 3575 3498 ἡμῖν
3604 3427 3816 3498 εἴρηται
3837 3439 3852 3456 ⁸

2271 3513 2411 3584 ὑπὲρ
2431 3512 2488 3567 δὲ
2510 3512 2784 3584 αἰσθητῶν
2806 3513 2934 3582 μίαν
2953 3512 3100 3576 λέξιν
3119 3510 3453 3580 κελευόμεθα
3477 3511 3675 3578 λέγειν.
3689 3509 3856 3564 Ποίαν

2267 3594 2324 3648 δὲ
2367 3596 2608 3667 ταύτην;
2659 3596 2770 3650 Τὸν
2802 3595 2985 3664 ἄρτον
3027 3593 3198 3664 ἡμῶν
3236 3593 3346 3648 τὸν
3395 3594 3710 3648 ἐπιούσιον
3751 3592 3856 3658 δός

2269 3676 2415 3747 ἡμῖν
2444 3678 2852 3748 σήμερον,κώ
2879 3677 3042 3732 πλέον
3075 3677 3228 3730 οὐδέν
3253 3673 3298 3730 i.
3327 3676 3555 3748 Ἐπειδὴ
3581 3677 3691 3748 γάρ
3722 3673 3857 3747 πρὸς

2266 3741 2461 3831 ἑτέραν
2490 3741 2674 3814 λοιπὸν
2699 3741 3013 3831 καλούμεθα
3048 3761 3303 3832 πατρίδα,
3339 3760 3432 3813 καὶ
3461 3741 3604 3830 πρὸς
3633 3741 3857 3828 μείζονα

2274 3842 2690 3914 μετεταξάμεθα
2725 3843 2894 3915 ζωὴν,
2933 3843 3028 3897 καὶ
3069 3842 3169 3905 τὰς
3197 3843 3444 3912 αἰτήσεις
3486 3839 3855 3912 καταλλήλους

2270 3927 2455 3999 ἐκείνῃ
2485 3927 2566 3980 δεῖ
2614 3926 2918 3981 ποιεῖσθαιη
2958 3924 3129 3979 ταῦτα
3175 3925 3232 3978 δὲ
3269 3924 3370 3978 κᾶν
3408 3925 3672 3997 ἐπιρρέῃ,
3715 3923 3857 3995 μετά

2272 4009 2476 4078 πολλῆς
2503 4009 2604 4080 τῆς
2638 4009 2926 4081 ἀκριϐείας
2953 4007 3358 4080 διακρούεσθαι.

2342 4093 2566 4162 Εἰρήνη
2597 4093 2696 4147 ἐπὶ
2722 4093 2832 4147 τὸν
2875 4092 3144 4162 Ἰσραήλ.
3182 4091 3396 4156 Ἄλλος,
3427 4092 3534 4146 Kal
3578 4091 3669 4146 ῑὸε
3712 4092 3855 4161 τοὺς

2267 4176 2439 4242 υἱοὺς
2469 4174 2589 4230 τῶν
2633 4175 2782 4230 υίῶν
2810 4193 2950 4238 σου,
2991 4174 3242 4244 εἰρήνην
3285 4174 3382 4228 ἐπί
3426 4174 3561 4228 τὸνι
3585 4174 3852 4244 Ἰσραήλ.

2267 4259 2425 4312 Κατά
2455 4258 2634 4313 κοινοῦ
2673 4261 2706 4329 ή
2749 4260 2904 4330 εὐχή.
2946 4258 3117 4311 Τοῦτο
3149 4257 3260 4329 γὰρ
3293 4257 3527 4328 μάλιστα
3572 4257 3849 4324 ποθοῦσιν,

2269 4339 2372 4396 ἅτε
2398 4342 2592 4413 μακρῷ
2644 4341 3089 4412 τεταριχευμένοι
3132 4341 3371 4412 πολέμῳ.
3405 4342 3470 4394 Τί
3514 4340 3624 4412 γὰρ
3663 4341 3854 4411 δφελος

2271 4425 2454 4487 αὐτοῖς
2484 4424 2592 4480 τῶν
2625 4424 2821 4488 ἄλλων,
2848 4426 3072 4496 εἰρήνης
3097 4425 3198 4478 οὐκ
3229 4423 3429 4497 οῦσης;
3459 4426 3531 4479 Τὸ
3556 4425 3734 4480 τοίνυν
3760 4437 3854 4480 κε·

2272 4509 2495 4579 φάλαιω
2528 4508 2637 4562 τῶν
2690 4509 2911 4577 ἀγαθῶν
2940 4508 3048 4562 τῶν
3079 4509 3197 4562 τότε
3220 4550 3235 4573 ,
3285 4509 3380 4563 καὶ
3421 4509 3517 4580 τὴν
3551 4510 3851 4578 ἀσφάλειαν

2271 4593 2447 4645 αὐτῶν
2467 4591 2881 4660 ἐπαγγέλλεται,
2918 4591 3016 4663 τὴν
3045 4594 3288 4664 εἰρήνην,
3319 4593 3413 4646 xal
3438 4591 3644 4662 ταύτην
3671 4592 3850 4663 διηνε-

2270 4676 2340 4745 κῆ
2361 4691 2376 4704 ·
2404 4674 2551 4746 ὅπερ,
2571 4674 2804 4745 μάλιστα
2833 4677 2932 4745 τῆς
2960 4673 3054 4728 τοῦ
3103 4675 3239 4728 Θεοῦ
3268 4675 3524 4746 προνοίας
3577 4675 3759 4746 ἔργον,
3790 4677 3852 4732 τὸ

2269 4760 2361 4813 καὶ
2384 4758 2565 4812 δοῦναι
2622 4758 2714 4811 καὶ
2767 4757 2841 4829 μὴ
2867 4759 3086 4826 ἀφεῖναι
3119 4758 3417 4813 διαπεσεῖν.
3479 4759 3699 4831 Ἐπειδὴ
3743 4760 3846 4831 γὰρ

2269 4840 2405 4912 αὐτὴ
2425 4842 2533 4895 τῶν
2555 4840 2911 4911 ἀνθρωπίνων
2933 4841 2965 4910 ή
2999 4839 3160 4907 φύσις
3189 4842 3386 4913 ρευστή
3413 4841 3499 4904 τίς
3524 4842 3639 4894 ἐστι
3669 4844 3762 4895 καὶ
3786 4843 3844 4896 οὗ

2267 4923 2512 4994 διαρκὴς,
2533 4923 2750 4989 δεικνῦς
2777 4924 2859 4975 ὅτι
2889 4923 2987 4992 οὐχ
3007 4922 3193 4987 ἁπλῶς
3227 4924 3410 4988 αὐτοῖς
3443 4924 3620 4978 ἔπεισι
3654 4925 3844 4983 ταῦτα,

2268 5006 2380 5060 ἀλλ’
2407 5008 2515 5060 ἀπὸ
2556 5007 2656 5076 τῆς
2698 5005 2903 5059 ἄνωθεν
2935 5006 3124 5076 ῥοπῆς,
3148 5007 3243 5059 καὶ
3279 5007 3525 5071 νεύοντος
3551 5008 3645 5061 τοῦ
3691 5009 3839 5076 Θεοῦ,

2267 5089 2476 5156 Πάσας
2503 5090 2611 5156 τὰς
2648 5088 2874 5158 ἡμέρας
2905 5084 3047 5153 εἷπε,
3094 5091 3188 5143 καὶ
3216 5092 3439 5162 εἰρήνην
3481 5091 3839 5162 ἀπηγγείλατ(

2266 5174 2481 5245 διαρκῆ.
2512 5175 2622 5227 Kal
2644 5173 2835 5242 γέγονε
2855 5172 3032 5238 τοῦτο,
3063 5173 3123 5226 τὸ
3161 5173 3291 5242 γοῦν
3317 5177 3396 5236 εἰς
3417 5173 3508 5227 τὸν
3535 5175 3668 5228 Θεὸν
3691 5171 3839 5248 ἧκον.
3889 5216 3892 5217 ν

2266 5257 2330 5309 Εἰ
2362 5255 2418 5308 δὲ
2441 5256 2690 5326 διεκόπη,
2722 5255 2882 5310 πάλιν
2904 5256 3012 5310 ἀπὸ
3034 5257 3133 5328 τῆς
3187 5256 3411 5311 ἐκείνων
3463 5257 3727 5329 πονηρίας
3751 5259 3837 5327 7i-

2267 5355 2388 5408 γονε
2418 5339 2512 5392 καὶ
2543 5337 2720 5392 τοῦτο.
2773 5339 2978 5411 ’Ὠσπερ
3021 5339 3130 5412 γὰρ
3167 5339 3295 5393 ὅταν
3345 5339 3543 5411 ἀπειλῇ
3595 5340 3836 5403 κολάσεις

2328 5429 2626 5516 Inglc’ugus
2645 5445 2670 5478 a
2692 5431 2841 5480 Savil.
2867 5431 2918 5478 in
2937 5433 3158 5494 margine
3183 5431 3360 5480 allatus
3380 5431 3546 5494 adjicit
3569 5432 3650 5481 καὶ
3664 5433 3769 5482 τίνα
3785 5433 3846 5483 τὰ

2266 5491 2558 5554 ἀγαθά;εἰπέ
2579 5509 2674 5564 μοι.
3044 5491 3065 5494 ⁷
3327 5549 3351 5562 ⁸.
3440 5491 3452 5494 ⁷
3472 5552 3496 5563 η

2329 5553 2358 5626 1}
2376 5553 2457 5626 με
2477 5553 2629 5626 ξείνη.
2658 5560 2815 5626 τεςιε.
2844 5551 3021 5626 Μοςεξέ
3041 5554 3099 5626 τὸ
3119 5554 3357 5626 παρὰ-του
3377 5553 3516 5626 Θεοῦ.

2307 5613 2810 5692 ἰξενίξ.γβασιλείας,
2832 5617 3040 5679 περὶτῆς
3076 5613 3321 5679 ἀκριϐοῦς,
3345 5619 3399 5664 et
3433 5615 3580 5677 paulo
3600 5623 3714 5678 post
3732 5616 3846 5678 ἡμῖν

2268 5677 2805 5812 λῗῗῗὲἓντῖὲἷέῗῗρδέν
2822 5738 2966 5812 efren
2982 5737 3138 5812 βενε).
3163 5740 3218 5812 ιιι
3253 5739 3473 5812 θητείας
3496 5743 3552 5788 ιιι
3571 5737 3847 5812 variam»-

2273 5799 2501 5864 qliqnelp.
2530 5797 2652 5864 Ibid.
2678 5798 2777 5864 dqo
2801 5799 2940 5864 c_odd_,
2982 5801 3147 5864 λοιπὸν
3167 5797 3502 5864 ἀπελυσάμεθα
3521 5815 3663 5864 πατρ.
3704 5801 3845 5853 Alius

2279 5859 2610 5923 ὶπιδυσάμεθα,
2635 5867 2687 5909 ει
2709 5861 2779 5910 sic
2810 5859 2961 5911 Savil.
2985 5862 3036 5910 in
3060 5874 3212 5924 marg.
