4218 6436
268 410 369 468 8159

272 532 457 583 etincta
485 538 607 594 quia
634 520 917 579 accidunt:
947 519 1048 575 hoc
1070 527 1150 574 est
1170 518 1367 588 quippe
1394 514 1728 585 martyrium.
1750 513 1863 567 Non

272 617 414 671 enim
440 629 566 670 eum
594 613 684 684 qui
710 609 1012 668 sacriﬁcare
1035 607 1271 678 jubetur.
1302 622 1407 660 non
1432 604 1752 665 sacrificare,
1775 601 1869 657 sed

277 708 457 775 potius
480 702 729 758 dilaniari
765 709 821 755 et
857 698 1222 754 excarnificari
1243 712 1402 767 quam
1430 696 1529 750 hoc
1552 693 1746 758 facere,
1783 707 1877 746 so-

277 796 388 848 lum
418 793 546 849 facit
576 790 1045 864 martyriumzsed
1072 793 1231 845 etiam
1278 804 1401 844 cum
1449 788 1604 843 dolor
1648 785 1875 855 impellit

277 886 346 941 ad
390 883 892 955 blasphemandum,
924 883 1218 938 toleranter
1248 882 1425 950 potius
1454 879 1594 934 ferre
1636 878 1875 933 laborem

278 987 538 1042 statuere,
562 986 616 1031 et
637 976 769 1030 nihil
792 975 1127 1031 inhonestum
1147 975 1345 1039 dicere,
1373 983 1660 1045 martyrem
1686 971 1871 1028 efficit.

278 1070 383 1126 Job
423 1069 565 1123 enim
609 1084 715 1121 non
761 1068 878 1122 ideo
908 1066 1007 1121 fuit
1035 1076 1343 1130 coronatus,
1389 1064 1531 1135 quod
1572 1064 1875 1118 sacriticare

279 1164 458 1233 jussus
484 1174 593 1213 non
617 1157 1016 1222 sacriﬁcaverit,
1045 1157 1141 1212 sed
1170 1156 1312 1225 quod
1341 1156 1552 1211 dolores
1574 1164 1628 1209 et
1656 1155 1877 1208 calami-

282 1260 419 1307 tates
444 1251 566 1305 forti
590 1252 768 1305 animo
790 1264 1073 1320 perpessus
1093 1250 1182 1304 sit.
1207 1250 1507 1317 Quinetiam
1536 1248 1739 1303 Paulus
1747 1263 1875 1317 pro—

280 1354 468 1414 pterea
490 1344 661 1398 victor
682 1342 1017 1398 renuntiatus
1039 1352 1142 1410 est,
1165 1352 1384 1414 propter
1407 1340 1632 1412 ﬂagella,
1661 1352 1879 1411 propter

281 1434 621 1503 afﬂictioncs,
652 1445 871 1505 propter
897 1436 998 1491 alia
1024 1452 1142 1506 qum
1170 1436 1423 1491 sustinuit
1443 1450 1562 1490 eum
1584 1438 1877 1505 gratiarum

280 1541 515 1585 actione.
541 1530 595 1583 2.
626 1529 844 1584 Labores
859 1546 1099 1583 manuum
1114 1539 1315 1583 tuarum
1331 1529 1691 1597 manducabis;
1709 1534 1881 1585 beatus

272 1640 355 1685 es,
384 1632 431 1675 et
460 1621 581 1676 bene
605 1621 693 1675 tibi
722 1622 834 1675 erit.
863 1622 976 1690 Qua
1005 1620 1073 1676 de
1102 1635 1257 1676 causa
1282 1623 1437 1676 iterat
1465 1621 1879 1689 beatitudinem?

282 1714 550 1780 Quoniam
598 1719 744 1767 novit
786 1716 900 1782 ejus
948 1714 1383 1784 magnitudinem,
1439 1714 1499 1768 in
1547 1714 1625 1769 rei
1672 1715 1881 1770 visione

284 1805 695 1875 contemplanda
717 1805 951 1875 jucunde
979 1806 1312 1860 immoratur.
1343 1805 1410 1861 Et
1434 1806 1689 1877 quidnam
1724 1807 1876 1873 illud,

282 1897 461 1952 Bene?
486 1899 537 1953 3.
572 1895 715 1951 Uxor
738 1904 826 1949 tua
851 1896 979 1950 sicut
1002 1896 1116 1949 vitis
1145 1896 1413 1952 abundans
1439 1898 1492 1951 in
1521 1896 1761 1951 lateribus
1787 1896 1883 1950 do-

286 2005 401 2041 mus
421 1996 536 2042 tuas.
561 1988 730 2053 Alius,
754 1985 820 2041 In
838 1987 1195 2058 penetralibus.
1214 1989 1382 2055 Alius,
1402 1988 1469 2043 In
1491 1992 1763 2062 femoribus
1778 1990 1875 2064 (a).

289 2076 419 2131 Filii
448 2078 529 2141 tui
546 2079 672 2132 sicut
699 2080 909 2133 novella?
933 2079 1179 2133 olivarum
1205 2081 1257 2134 in
1287 2081 1502 2137 circuitu
1530 2100 1715 2138 mensa:
1752 2093 1874 2140 tua.

287 2170 343 2224 4.
373 2167 508 2224 Ecce
527 2170 599 2224 sic
619 2170 936 2223 benedicatur
965 2171 1114 2224 homo
1142 2171 1229 2242 qui
1253 2175 1391 2226 timet
1421 2172 1721 2229 Dominum.
1740 2174 1879 2242 Quid

290 2259 446 2323 dicis,
476 2260 691 2330 quaeso?
718 2246 939 2316 haec-est
965 2260 1275 2327 beatitudo,
1294 2261 1395 2321 hoc
1420 2262 1663 2315 lucrum?
1693 2264 1881 2321 dome-

289 2349 443 2405 stieae
473 2351 657 2420 cupiat,
691 2358 748 2406 et
774 2352 884 2405 suis
913 2350 1020 2417 frui
1040 2352 1338 2418 laboribus,
1363 2353 1647 2413 multitudo
1688 2354 1884 2411 libern-

292 2456 435 2508 rum,
479 2450 533 2496 et
570 2442 734 2496 uxor?
776 2441 892 2497 Non
926 2441 1026 2497 hoc
1066 2442 1300 2513 quidem,
1334 2443 1427 2498 sed
1458 2442 1562 2498 hoc
1587 2459 1655 2499 ex
1684 2446 1884 2501 redun-

291 2533 441 2588 danti
469 2532 695 2603 quadam
741 2533 892 2602 cepia
945 2534 1169 2588 accedit.
1224 2533 1448 2599 Quaerite
1491 2535 1658 2602 enim,
1690 2536 1883 2606 inquit,

291 2642 504 2697 regnum
531 2624 651 2692 Dei,
680 2636 727 2681 et
756 2635 935 2681 cratera
961 2626 1264 2697 adﬁcientur
1298 2628 1435 2682 vobis
1469 2626 1624 2697 (Luc.
1653 2628 1741 2682 i2.
1770 2630 1884 2701 51).

291 2717 553 2785 Quoniam
584 2733 713 2788 ergo
756 2718 1062 2789 loquebatur
1106 2715 1236 2774 cum
1275 2720 1338 2774 iis
1374 2721 1462 2791 qui
1505 2729 1659 2776 erant
1703 2721 1880 2776 adhuc

292 2807 691 2872 imbecilliores,
713 2816 979 2879 tamquam
1006 2809 1253 2878 parvulos
1275 2809 1476 2865 inducit
1494 2826 1561 2866 ex
1584 2812 1743 2867 rebus
1758 2828 1886 2867 scn-

292 2896 503 2953 silibus.
528 2895 711 2967 Neque
735 2912 862 2953 vero
885 2898 1117 2954 mireris.
1142 2899 1199 2954 Si
1225 2900 1367 2955 enim
1400 2900 1597 2955 Paulus
1627 2900 1729 2956 hoc
1759 2901 1887 2956 facit

294 2996 538 3057 tempore
567 2998 726 3043 tantm
755 2988 1130 3060 philosophiae,
1159 3006 1279 3046 cum
1303 2992 1382 3045 eis
1416 2994 1505 3063 qui
1536 2993 1713 3048 adhuc
1739 2993 1888 3049 humi

292 3080 609 3148 rcpebant‘,
640 3094 703 3135 cx
751 3081 834 3135 his
859 3081 1153 3149 disserens,
1202 3082 1372 3138 multo
1403 3085 1571 3155 magis
1603 3086 1883 3156 propheta.

295 3168 393 3225 Ubi
424 3185 550 3224 vero
581 3171 632 3224 id
661 3171 1222 3228 facitPaulusiMultis
1249 3176 1301 3229 in
1330 3175 1482 3230 locis.
1501 3177 1725 3245 Quando
1743 3180 1885 3234 enim

296 3262 363 3317 dc
392 3262 699 3334 virginitate
726 3264 965 3332 disserit,
991 3268 1119 3320 nihil
1148 3268 1278 3322 dicit
1301 3268 1369 3323 de
1394 3270 1474 3324 eis
1498 3286 1622 3341 quae
1645 3271 1747 3326 illis
1764 3282 1890 3327 sunt

295 3361 577 3420 eventum,
610 3355 703 3410 sed
747 3356 894 3425 ponit
920 3364 1126 3411 tantum
1160 3358 1532 3416 liberationem
1564 3376 1593 3413 a
1622 3363 1886 3419 molestiis

294 3444 624 3499 matrimonii
654 3446 732 3515 (1.
761 3443 879 3500 Car.
916 3447 965 3500 7.
993 3447 1121 3518 28):
1153 3458 1263 3504 tum
1293 3450 1453 3504 etiam
1480 3452 1693 3520 quando
1717 3453 1889 3525 loqui-

295 3542 381 3589 tur
400 3534 471 3589 de
496 3534 701 3591 honore
729 3536 779 3591 in
804 3547 1070 3608 parentes,
1102 3540 1292 3595 eodem
1332 3542 1491 3596 modo
1522 3560 1649 3599 usus
1678 3554 1780 3611 est,
1816 3546 1887 3601 ita

292 3624 514 3683 dicens:
541 3626 693 3694 Quod
719 3618 791 3682 est
817 3631 1037 3699 primum
1063 3633 1357 3686 inundatum
1385 3635 1439 3689 in
1474 3636 1889 3703 promissionibus

297 3714 516 3787 (Ephes.
561 3718 616 3773 6.
666 3716 743 3790 2).
778 3720 931 3787 Quod
959 3730 1041 3775 est
1074 3730 1253 3778 autem
1283 3724 1628 3785 mandatum?
1671 3725 1889 3783 Honora

291 3816 489 3875 patrem
514 3818 659 3861 tuum
688 3818 735 3862 et
765 3806 996 3877 matrem,
1020 3821 1067 3866 et
1096 3814 1196 3867 eris
1224 3814 1479 3886 longtevus
1505 3833 1658 3887 super
1678 3827 1885 3874 terram.

290 3898 594 3964 Quinetiam
635 3902 849 3971 quando
878 3903 1063 3958 scribit
1105 3905 1173 3959 de
1210 3908 1539 3964 ostendenda
1564 3911 1616 3964 in
1646 3912 1888 3973 inimicos

292 3989 653 4061 philosophia,
685 3994 880 4048 sensile
905 4010 1094 4049 rursus
1111 4000 1386 4065 prmmium
1406 4002 1653 4069 proponit
1670 4002 1887 4067 dicens;

293 4077 408 4134 Hoc
419 4081 554 4135 enim
567 4082 780 4152 faciens,
796 4084 1035 4140 carbones
1054 4087 1184 4158 ignis
1199 4104 1435 4159 coitgeres
1450 4107 1603 4162 super
1614 4103 1767 4165 caput
1780 4097 1888 4163 eius

292 4168 469 4240 (Rom.
491 4171 578 4226 12.
592 4173 697 4239 2ος
722 4172 912 4229 Matth.
937 4176 1023 4232 l9:
1055 4175 1166 4251 12).
1198 4178 1442 4236 Christus
1460 4192 1636 4237 autem
1656 4201 1759 4239 non
1779 4185 1884 4241 sic:

292 4276 464 4331 neque
490 4265 631 4319 enim
652 4280 772 4320 cum
790 4267 1065 4323 imbecillis
1082 4269 1343 4340 loquitur;
1381 4272 1475 4327 sed
1507 4274 1561 4328 in
1586 4275 1889 4345 virginitate

172 4409 185 4417 ,
289 4353 504 4423 quidem
538 4358 781 4426 proponit
807 4373 1049 4429 regnum,
1081 4360 1133 4415 in
1170 4362 1412 4417 amandis
1456 4372 1632 4420 autem
1660 4366 1891 4424 inimicis

288 4445 550 4513 promittit
571 4445 684 4502 fore
697 4448 787 4503 Dei
809 4450 1031 4523 similes,
1052 4462 1307 4521 quantum
1324 4467 1543 4523 possunt
1560 4456 1803 4515 homines
1812 4477 1890 4516 es

289 4549 349 4591 se
370 4536 461 4591 Dei
480 4537 682 4594 similes
699 4538 911 4610 (Matth.
934 4543 1091 4601 5.44.
1107 4545 1223 4614 45).
1247 4545 1709 4612 Quemadmodum
1728 4553 1888 4607 etiam

289 4628 342 4683 in
366 4628 564 4695 Veteri,
591 4631 677 4686 ubi
703 4632 1084 4689 inducebantur
1101 4650 1195 4705 per
1214 4639 1450 4705 sensilia,
1472 4641 1769 4699 videbimus
1796 4661 1888 4701 eos

289 4721 379 4791 qui
408 4722 582 4777 sciunt
609 4722 998 4794 philosophari,
1033 4727 1210 4782 induci
1240 4744 1267 4780 a
1296 4730 1606 4799 majoribus.
1634 4733 1688 4787 id
1711 4745 1887 4790 autem

291 4811 487 4866 Paulus
532 4814 839 4884 signiﬁcans
881 4817 1312 4875 dicebatanzta
1337 4822 1492 4890 ﬁdem
1520 4824 1744 4894 defuncti
1770 4838 1888 4881 sunt

290 4919 462 4959 omnes
490 4905 573 4961 isti
615 4924 716 4962 non
752 4911 973 4979 acceptis
1018 4914 1453 4980 promissionibus,
1486 4918 1574 4971 sed
1607 4920 1678 4972 eis
1706 4921 1888 4989 procul

290 4996 408 5049 visis
437 5004 485 5049 et
509 4998 745 5054 salutatis
769 5000 953 5072 (Hebr.
979 5003 1069 5057 11.
1099 5002 1206 5074 15).
1235 5004 1350 5059 Νοη
1378 5016 1461 5060 est
1486 5021 1615 5078 ergo
1640 5008 1756 5064 haec
1776 5012 1887 5065 sola

293 5103 501 5167 merces
529 5105 714 5145 eorum
742 5093 830 5161 qui
879 5093 1044 5149 Deum
1089 5096 1297 5163 timent,
1337 5095 1435 5151 frui
1467 5100 1629 5154 rebus
1667 5101 1799 5167 suis,
1833 5110 1889 5155 ut

276 5160 415 5234 Sunt
433 5194 568 5234 uxor
586 5189 643 5236 et
666 5160 843 5247 libari,
874 5183 1055 5255 reique
1079 5160 1387 5242 domestica:
1413 5160 1889 5258 prosperitaspsed

288 5270 405 5326 haec
430 5272 643 5342 quidem
673 5282 797 5331 sunt
822 5290 887 5330 ex
916 5277 1420 5346 superabundantia,
1444 5288 1499 5335 et
1518 5281 1684 5335 instar
1711 5282 1890 5351 cujus-

287 5361 411 5417 dam
430 5364 793 5423 additamenti:
811 5368 1072 5438 praecipua
1084 5378 1259 5425 autem
1278 5381 1419 5436 sunt,
1431 5373 1659 5443 primum
1672 5374 1886 5443 quidem

293 5453 395 5509 hoc
421 5455 615 5524 ipsum,
651 5457 816 5514 Deum
844 5460 1052 5529 timere,
1083 5461 1227 5530 quod
1254 5462 1305 5516 in
1336 5458 1515 5533 seipso
1539 5466 1777 5521 continet
1800 5482 1886 5521 re-

294 5546 753 5605 munerationem:
783 5548 977 5605 deinde
1018 5565 1210 5606 arcana
1257 5552 1366 5617 illa,
1402 5553 1528 5619 Qua:
1564 5554 1740 5612 oculus
1780 5573 1885 5611 non

292 5636 439 5705 uidit,
467 5654 555 5692 nee
581 5641 719 5694 auris
745 5642 958 5708 audivit,
991 5658 1083 5697 nec
1105 5644 1161 5699 in
1185 5660 1274 5699 cor
1300 5645 1520 5701 hominis
1546 5649 1883 5703 ascenderunt

358 5774 377 5843 ξ
411 5773 572 5843 earth,
592 5773 645 5827 in
661 5783 846 5831 terram
866 5778 1212 5843 despiciebant.

355 5833 430 5898 (ts)
464 5836 516 5886 Hi
538 5833 837 5901 intuta-etes
855 5833 1053 5906 quinam
1065 5843 1165 5892 sint
1186 5856 1382 5907 prorsus
1394 5844 1661 5908 ignoratur.
1684 5905 1689 5909 ἓ

1370 399 1729 459 Εχροδετιο
1767 399 1833 456 lN
1869 362 2192 456 PSH.in
2231 393 2488 456 cxxvu.

3490 394 3598 453 370

1987 515 2062 579 (1.
2090 514 2207 569 Cor.
2230 514 2284 568 ‘2.
2316 513 2395 586 9).
2421 513 2475 570 5.
2495 513 2773 568 Benedieat
2795 513 2883 568 tibi
2909 511 3158 568 Dominus
3185 530 3251 568 ea:
3272 513 3423 578 Sion,
3447 523 3494 567 et
3518 514 3597 568 vi-

1988 609 2110 662 deas
2154 609 2285 661 bona
2313 606 2621 661 Jerusalem.
2670 608 2841 674 Alius,
2875 606 2941 660 Et
2971 607 3082 661 uide
3110 608 3164 660 in
3193 608 3338 661 bonis
3378 605 3597 665 Jerusa-

1988 697 2085 752 lem
2104 698 2199 771 (a).
2226 699 2368 753 Bona
2396 698 2529 753 dicit
2549 699 2840 764 civitatem,
2864 698 3099 761 divitias,
3123 698 3399 763 decorem,
3428 697 3594 752 vieto-

1982 791 2111 855 rias,
2129 791 2385 859 honores,
2406 792 2839 862 prOsperitatem,
2857 791 3207 857 fertilitatem,
3222 790 3592 857 securitatem,

1984 896 2168 952 pacem
2180 919 2194 934 .

2053 974 2105 1028 4.
2146 972 2390 1027 Omnibus
2410 973 2585 1027 diebus
2606 975 2723 1027 vine
2748 984 2869 1028 tua.
2901 973 3135 1028 Pulchre
3161 973 3321 1029 etiam
3354 986 3481 1026 usus
3509 978 3592 1026 est

1983 1066 2291 1135 adjectionc
2320 1066 2549 1121 dierum.
2580 1067 2713 1122 Erat
2740 1062 2883 1122 enim
2912 1066 3014 1123 hoc
3034 1066 3244 1137 signum
3266 1065 3585 1129 maximum,

1992 1156 2131 1226 quod
2158 1157 2274 1211 hmo
2298 1172 2329 1210 a
2359 1158 2467 1233 [leo
2493 1156 2767 1222 darentur,
2799 1166 2853 1212 et
2880 1157 2997 1227 ejus
3045 1157 3393 1226 providentia:
3433 1171 3592 1226 argu-

1992 1258 2252 1311 mentum,
2280 1248 2423 1318 quod
2452 1247 2583 1303 nihil
2623 1248 2914 1302 humanum
2962 1258 3291 1316 paterentur,
3337 1260 3436 1302 nec
3463 1259 3591 1300 cor-

1988 1350 2228 1405 ruerent,
2260 1356 2359 1396 nec
2386 1341 2546 1395 ullam
2577 1340 2779 1395 ferrent
2808 1340 3181 1403 mutationem,
3230 1338 3331 1392 nisi
3374 1337 3591 1407 quando

1987 1434 2292 1502 indignatus
2321 1449 2383 1488 ea
2411 1433 2792 1487 intercidisset.
2820 1433 2872 1487 6.
2899 1432 2965 1487 Et
2991 1433 3163 1486 videas
3182 1432 3318 1499 ﬁlios
3340 1432 3585 1501 filiorum.

1985 1526 2146 1596 Atqui
2168 1527 2339 1592 multi,
2360 1525 2587 1595 inquies,
2614 1525 2783 1580 Deum
2804 1526 3074 1589 timentes,
3103 1524 3220 1579 sine
3247 1523 3430 1579 liberis
3446 1536 3591 1577 sem-

1988 1635 2087 1690 per
2116 1619 2285 1674 fuere.
2330 1619 2398 1673 Et
2437 1619 2563 1690 quid
2604 1619 2707 1673 hoc
2750 1618 2853 1674 sibi
2905 1616 3052 1671 vult?
3082 1616 3266 1686 Neque
3303 1616 3445 1671 enim
3490 1627 3591 1668 nos

1988 1721 2209 1781 propter
2234 1710 2516 1780 przesentia
2548 1711 2812 1775 exuimus,
2843 1708 2937 1764 sed
2986 1708 3253 1778 praecipue
3279 1705 3586 1777 quidemnt

1989 1803 2101 1856 Deo
2124 1800 2460 1871 placeamus;
2491 1799 2686 1855 deinde
2722 1801 2882 1854 etiam
2930 1810 3150 1869 propter
3194 1811 3319 1868 spes
3359 1797 3585 1851 futuras.

1988 1894 2164 1963 Atque
2196 1901 2321 1946 tunc
2350 1891 2566 1959 quidem
2609 1890 2726 1946 haec
2754 1900 2909 1945 erant
2939 1888 3189 1959 praemia;
3222 1901 3364 1943 nunc
3408 1898 3586 1942 autem

1986 1983 2199 2045 caelum.
2221 1994 2277 2037 et
2302 1982 2437 2037 bona
2461 1997 2584 2052 quae
2608 1990 2732 2036 sunt
2758 1982 2810 2035 in
2837 1981 3004 2036 culis.
3029 1979 3182 2049 Quod
3204 1981 3249 2035 si
3271 1994 3391 2035 cum
3422 1979 3588 2034 Deum

1988 2074 2229 2141 timeres,
2261 2088 2366 2127 non
2395 2072 2627 2139 habuisti
2654 2073 2812 2139 filios,
2844 2073 2933 2142 qui
2960 2072 3068 2126 scis
3094 2070 3351 2141 numquid
3380 2068 3592 2125 dederit

1991 2165 2094 2220 alia
2143 2170 2244 2219 hac
2288 2164 2538 2220 felicitate
2584 2164 2825 2233 majora?
2868 2162 3054 2233 Neque
3082 2162 3225 2219 cnim
3256 2175 3443 2218 omnes
3484 2174 3592 2214 uno

1989 2258 2153 2313 modo
2180 2257 2443 2314 beneficio
2467 2257 2650 2321 afﬁcit,
2681 2257 2776 2312 sed
2802 2257 2972 2325 varie,
2996 2271 3118 2312 cum
3147 2255 3223 2312 sit
3247 2255 3417 2313 dives.
3448 2253 3590 2320 Quot

1990 2349 2205 2403 fuerunt
2225 2349 2312 2417 qui
2334 2362 2455 2402 cum
2481 2346 2618 2411 filios
2636 2346 2918 2411 haberent,
2939 2346 3248 2417 iudicarunt
3266 2359 3362 2401 eos
3386 2344 3590 2413 felices,

1988 2439 2081 2509 qui
2109 2454 2217 2494 non
2247 2438 2542 2494 haberent?
2567 2447 2697 2508 quot
2720 2440 2807 2509 qui
2825 2437 3041 2494 divitias
3066 2437 3438 2508 possidebant,
3460 2452 3590 2509 pau—

1992 2531 2209 2600 peribus
2237 2530 2489 2586 miserius
2508 2545 2572 2586 ex
2599 2531 2697 2585 hac
2723 2530 2830 2585 vita
2858 2530 3175 2586 excessere?
3203 2539 3333 2600 quot
3356 2525 3448 2600 qui
3470 2528 3591 2599 gle-

1990 2623 2123 2676 riam
2170 2621 2485 2693 consequuti
2530 2620 2761 2691 fuerant,
2814 2634 2879 2677 ea
2926 2630 3195 2691 tamquam
3239 2634 3375 2676 ense
3411 2619 3591 2690 aliquo

1991 2712 2225 2768 confossi
2271 2722 2413 2777 sunt,
2463 2720 2520 2769 et
2553 2713 2867 2784 gravissima
2911 2711 3591 2784 qumque'sustinueruuti

1990 2803 2070 2859 Ne
2115 2819 2326 2874 quaeras
2376 2804 2469 2859 tibi
2513 2803 2757 2862 exhiberi
2802 2806 3033 2876 negotia,
3080 2820 3182 2861 nec
3205 2804 3376 2883 a‘Deo
3403 2819 3589 2859 eorum

1990 2912 2111 2967 qua:
2132 2896 2254 2952 facit
2279 2882 2539 2952 rationem
2569 2912 2850 2967 exposcas,
2881 2896 2975 2954 sed
3006 2896 3148 2953 feras
3175 2882 3354 2953 ornnia
3384 2896 3504 2952 forti
3521 2911 3587 2952 ac

1992 2982 2256 3058 generoso
2283 2987 2485 3052 animo,
2514 2996 2568 3043 et
2596 3005 2717 3044 cum
2745 2990 3037 3059 gratiarum
3061 2990 3299 3055 actione;
3332 2989 3440 3043 imo
3464 3003 3593 3043 vero

1994 3079 2127 3134 nulli
2174 3094 2354 3134 rerum
2394 3081 2739 3149 praesentium
2770 3082 3006 3145 animum
3040 3090 3188 3135 tuum
3218 3078 3424 3151 afﬂgas.
3456 3080 3593 3135 Pro-

1994 3158 2176 3240 pterea
2210 3170 2351 3224 enim
2382 3170 2541 3226 talem
2566 3171 2750 3240 jussus
2792 3185 2852 3226 es
2892 3171 3140 3227 emittere
3184 3173 3504 3236 orationem,
3537 3171 3589 3225 in

1993 3278 2096 3333 qua
2128 3278 2292 3317 unum
2334 3263 2504 3318 solum
2553 3265 2688 3333 petis
2731 3266 3055 3334 postulatum
3103 3266 3321 3331 sensile,
3363 3275 3419 3319 et
3456 3248 3589 3321 nihil

1993 3357 2243 3425 amplius.
2275 3355 2607 3425 Quamquam
2639 3355 2743 3411 hoc
2767 3372 2981 3428 quoque
3019 3373 3207 3414 rursus
3251 3372 3500 3414 mensura
3532 3360 3591 3414 fit

1994 3446 2252 3515 spiritale.
2284 3447 2401 3500 Alia
2427 3447 2571 3501 enim
2602 3448 2804 3513 Omnia,
2827 3448 2896 3503 de
2915 3450 3061 3503 caelis
3082 3458 3136 3503 et
3164 3449 3231 3504 de
3250 3464 3418 3520 regno
3440 3449 3586 3521 quod

1993 3538 2103 3593 illic
2131 3545 2233 3601 est,
2277 3536 2344 3592 de
2374 3536 2608 3607 perfecta
2656 3538 2778 3593 vita;
2820 3539 3174 3607 institutione,
3206 3547 3264 3595 et
3290 3541 3358 3596 de
3389 3541 3589 3596 libera.

1995 3629 2141 3683 tione
2167 3642 2197 3681 a
2228 3628 2458 3697 peccatis
2486 3628 2642 3683 nobis
2668 3627 2951 3684 dicuntur:
2980 3630 3048 3683 de
3077 3630 3364 3685 sensilibus
3408 3639 3589 3687 autem

1993 3735 2155 3775 unum
2180 3720 2436 3790 jubemur
2454 3721 2652 3778 dicere.
2670 3721 2933 3791 Quidnam
2953 3722 3120 3778 illud?
3149 3722 3342 3778 Panem
3363 3733 3589 3778 nostrum

1992 3809 2523 3881 supersubstantialem
2564 3811 2632 3865 da
2674 3813 2818 3867 nobis
2864 3813 3017 3868 hodie
3068 3812 3279 3884 (Matth.
3310 3813 3364 3869 6.
3400 3813 3510 3885 ll),
3537 3821 3594 3869 et

1995 3902 2124 3956 nihil
2156 3902 2320 3956 aliud.
2355 3902 2619 3971 Quoniam
2662 3904 2803 3958 enim
2849 3904 2916 3959 ad
2960 3904 3119 3959 aliam
3149 3904 3405 3974 deinceps
3433 3919 3593 3959 voca-

1959 4014 1961 4018 ‘
1995 4008 2119 4048 mur
2146 3994 2393 4063 patriam,
2421 4004 2475 4049 et
2500 3993 2565 4048 ad
2598 3994 2855 4063 majorem
2885 3995 3050 4048 vitam
3090 3995 3346 4065 adscripti
3375 3990 3585 4061 sumus,

1997 4094 2212 4157 Oportet
2251 4086 2411 4141 etiam
2446 4096 2624 4140 nostra
2655 4087 2916 4155 postulata
2943 4100 3066 4143 esse
3091 4087 3139 4142 ei
3166 4086 3540 4142 convenientia
3571 4102 3587 4141 :

2005 4178 2122 4233 haec
2150 4168 2328 4232 autem
2356 4175 2479 4232 licet
2506 4175 2750 4241 afﬂuant,
2781 4177 2947 4252 multa
2966 4192 3087 4233 cum
3118 4176 3311 4232 fiducia
3340 4177 3588 4247 rejieere.

2072 4271 2332 4326 Promissa
2379 4270 2471 4324 Dei
2521 4280 2573 4323 ut
2619 4270 3040 4339 impleantuh—
3068 4269 3181 4325 Pax
3210 4286 3362 4342 super
3400 4269 3587 4325 Israel.

1997 4364 2149 4418 Alius
2195 4363 2269 4431 (b)
2297 4404 2311 4428 ,
2348 4362 2412 4415 Et
2459 4362 2571 4417 uide
2598 4360 2733 4430 ﬁlios
2771 4361 2998 4428 ﬁliorum
3026 4370 3228 4418 tuorum
3250 4377 3472 4431 ,pacem
3499 4377 3592 4416 su-

1996 4474 2089 4527 per
2116 4454 2301 4510 Israel.
2350 4454 2475 4510 Haec
2517 4462 2601 4509 est
2643 4454 2817 4508 oratio
2861 4453 2930 4507 de.
2972 4453 3261 4509 eomm'uni.
3294 4454 3405 4509 Hoc
3446 4456 3588 4510 enim

1996 4550 2231 4603 maxime
2256 4548 2583 4611 desiderant,
2623 4546 2789 4615 utqui
2820 4546 2927 4601 sint
2954 4546 3116 4617 longo
3145 4546 3286 4602 bello
3316 4545 3499 4603 afﬂicti
3536 4558 3592 4603 et

1995 4640 2263 4695 exhausti.
2297 4637 2431 4705 Quid
2457 4636 2599 4692 enim
2625 4651 2721 4691 eos
2744 4636 2844 4691 alia
2868 4637 3080 4708 juvant,
3127 4637 3171 4693 si
3211 4652 3313 4707 pax
3354 4652 3462 4694 non
3487 4638 3588 4693 ad-

1996 4734 2100 4789 sit?
2122 4733 2274 4801 Quod
2302 4746 2431 4802 ergo
2457 4739 2542 4787 est
2568 4731 2855 4795 bonorum,
2885 4747 3006 4800 qum
3039 4740 3165 4787 tunc
3190 4739 3366 4799 erant,
3395 4732 3590 4802 praci-

1996 4843 2181 4898 puum,
2212 4840 2506 4895 eorumque
2532 4823 2894 4886 securitatem,
2917 4839 3111 4893 nempe
3134 4839 3342 4894 parem,
3374 4825 3595 4895 pollice-

1997 4932 2083 4975 tur
2108 4933 2335 4989 eamque
2365 4925 2707 4987 perpetuam;
2736 4914 2879 4987 quod
2924 4923 3011 4971 est
3051 4915 3287 4972 maxime
3313 4930 3450 4987 opus
3494 4916 3592 4973 Dei

1996 5009 2365 5082 providentiae,
2392 5008 2523 5063 dare
2546 5007 2771 5074 scilicet,
2798 5014 2853 5063 et
2878 5021 2984 5061 non
3006 5006 3183 5062 sinere
3205 5014 3263 5061 ut
3287 5005 3589 5075 intercidat.

1996 5103 2132 5172 Quia
2157 5100 2300 5157 enim
2324 5115 2502 5155 rerum
2526 5094 2883 5153 humanarum
2908 5106 3097 5154 natura
3116 5097 3260 5156 ﬂuxa
3280 5108 3383 5165 est,
3410 5108 3589 5158 etnon

1997 5206 2355 5263 permanens:
2380 5188 2671 5244 ostendens
2702 5189 2818 5244 haec
2842 5204 2951 5244 non
2975 5200 3180 5246 temere
3208 5188 3276 5247 ad
3305 5204 3402 5246 eos
3426 5189 3591 5248 dere-

1998 5286 2135 5350 nire,
2167 5282 2261 5337 sed
2287 5296 2316 5335 a
2343 5295 2578 5351 superno
2603 5280 2801 5335 auxilio
2826 5290 2878 5335 et
2901 5295 2932 5335 a
2965 5290 3093 5336 nutu
3121 5280 3306 5337 divino
3328 5282 3593 5353 procede-

1998 5390 2078 5440 re,
2100 5373 2257 5438 dixit,
2287 5369 2538 5426 Omnibus
2562 5369 2758 5437 diebus,
2789 5378 2845 5426 et
2865 5385 3051 5441 pacem
3077 5382 3484 5442 permanentem
3511 5382 3595 5430 est

1998 5465 2288 5536 pollicitus.
2331 5464 2505 5533 Atque
2552 5460 2657 5518 hoc
2691 5460 2911 5533 quidem
2960 5463 3160 5518 factum
3206 5472 3312 5530 est,
3352 5465 3495 5535 quod
3526 5466 3592 5521 ad

1998 5560 2166 5614 Deum
2196 5556 2408 5611 attinet.
2442 5555 2596 5623 Quod
2625 5556 2670 5609 si
2715 5554 2815 5612 fuit
2858 5556 3179 5627 interrupta,
3228 5556 3337 5614 hoc
3381 5571 3593 5630 quoque

1996 5652 2187 5709 accidit
2216 5666 2282 5706 ex
2308 5650 2518 5705 illorum
2550 5649 2912 5719 improbitate.
2952 5646 3419 5719 Quemadmodum
3444 5651 3593 5708 enim

2061 5784 2135 5907 (ag
2168 5784 2254 5833 Hic
2274 5782 2521 5844 interpres
2544 5783 2653 5845 quis
2672 5784 2737 5832 sit
2752 5784 3048 5845 ignoramus.

2063 5846 2114 5907 (υ
2170 5846 2253 5895 llic
2276 5845 2523 5907 interpres
2544 5845 2655 5907 quis
2670 5844 2735 5894 sit
2756 5843 2993 5895 nouatur.

2063 5843 2135 5908 (υ)
2170 5846 2253 5895 llic
2276 5845 2523 5911 interpres
2544 5843 2655 5907 quis
2670 5844 2735 5894 sit
2756 5843 2993 5895 tiesdtur.
