4218 6434
680 393 773 449 δτι
1420 389 1478 444 s.
1518 386 1794 444 iuuans
1828 344 2301 440 cunvsosront
2342 379 2657 435 ARClllEP.
2696 378 3232 437 CONSTANTl-NOP.

680 505 892 575 quando
913 502 1175 573 aliquibus
1195 500 1449 571 supplicia
1478 500 1730 563 minatur,
1759 497 1824 553 iis
1846 496 1933 567 qui
1964 511 2057 566 per
2077 496 2250 564 paui-

679 595 896 651 tentiam
941 595 1074 649 iram
1122 594 1431 658 discutiunt,
1481 591 1763 646 cohibetur
1804 588 2151 658 supplicium:
2182 587 2251 641 ita

678 690 838 744 etiam
861 689 906 743 si
930 689 1065 743 bona
1094 688 1384 757 promittat,
1416 686 1512 740 visi
1532 685 1709 740 autem
1735 682 1929 737 fuerint
1950 679 2145 747 indigni
2165 678 2253 747 qui

678 774 941 850 promis-
987 786 1136 833 erant
1165 776 1566 848 consequuturi,
1605 782 1882 830 revocatur
1911 770 2249 842 promissum.

677 869 830 936 Quod
861 867 927 921 ad
953 882 1075 923 eum
1103 881 1232 937 ergo
1254 876 1481 937 spectat,
1511 864 1760 920 omnibus
1800 862 1989 918 diebus
2023 867 2107 916 est
2131 871 2250 915 eam

675 961 1090 1031 potileitus:sua
1135 971 1310 1036 autem
1342 959 1675 1030 improbitate
1711 959 1908 1014 donum
1956 957 2255 1024 interrupe-

673 1062 819 1109 ruut.
845 1053 969 1109 Ilaec
992 1063 1169 1109 autem
1196 1052 1337 1120 dico,
1365 1060 1423 1107 ut
1447 1067 1619 1121 neque
1646 1066 1711 1106 eo
1736 1051 1971 1105 minante
1998 1047 2251 1117 despere-

672 1156 815 1211 mus,
862 1145 955 1200 sed
1003 1140 1311 1216 paenitentia
1360 1144 1492 1199 iram
1534 1142 1896 1212 repellamus:
1930 1154 2030 1196 nec
2067 1154 2252 1194 rursus

673 1237 813 1290 bona
841 1237 1180 1304 promittente
1205 1245 1591 1303 torpescamus,
1621 1233 1714 1289 sed
1739 1232 1935 1298 studio,
1964 1239 2020 1286 et
2062 1230 2113 1285 in
2146 1230 2249 1283 vita

673 1327 994 1383 instituenda
1024 1327 1313 1397 diligentia,
1344 1329 1602 1397 promissa
1633 1325 1697 1379 ad
1717 1340 1851 1394 opus
1876 1337 2246 1395 provocemus.

671 1418 786 1476 Nisi
810 1419 955 1475 enim
1001 1418 1070 1474 ita
1103 1419 1377 1483 faciamus,
1406 1434 1512 1473 non
1540 1416 1733 1473 sufﬁcit
1760 1416 1827 1472 ad
1856 1414 2251 1472 conservandos

671 1523 771 1563 nos
798 1509 911 1564 sola
942 1509 1244 1580 promissio.
1283 1507 1418 1564 Nam
1447 1507 1597 1564 Judze
1626 1522 1837 1579 quoque
1879 1506 2139 1577 pollicitus
2169 1513 2252 1560 est

670 1615 792 1656 eum
819 1615 938 1656 €838
964 1615 1234 1656 sessurum
1262 1614 1425 1669 super
1463 1598 1710 1653 thronum
1741 1612 1862 1654 cum
1893 1594 2140 1652 undecim
2170 1594 2251 1648 di-

604 1720 629 1741 ι-
669 1694 918 1764 scipulia:
952 1709 1050 1750 nec
1095 1701 1271 1749 tamen
1317 1692 1485 1757 sedit;
1516 1692 1570 1746 in
1599 1705 1758 1745 causa
1799 1699 1975 1743 autem
2021 1686 2251 1741 nonfuit

671 1782 763 1839 ille
802 1786 890 1853 qui
920 1783 1182 1854 promisit,
1214 1782 1307 1837 sed
1348 1782 1392 1836 is
1422 1782 1510 1852 qui
1539 1780 1802 1849 promisso
1827 1777 2077 1848 indignus
2106 1768 2249 1830 visus

669 1882 771 1927 est.
805 1871 870 1927 Et
894 1886 993 1927 nos
1021 1888 1150 1944 ergo
1178 1888 1303 1927 cum
1324 1872 1611 1926 habeamus
1638 1869 1787 1940 regni
1819 1868 2157 1938 promissum,
2182 1882 2249 1921 ne

668 1966 836 2021 simus
854 1964 1027 2036 ignavi
1054 1980 1116 2020 ac
1136 1963 1362 2029 desides,
1389 1963 1481 2039 sed
1502 1972 1681 2017 nostra
1705 1974 1916 2031 quoque
1941 1957 2245 2020 efferamus,

668 2040 1014 2128 ut'pouimus
1037 2057 1174 2113 bona
1204 2067 1401 2112 {eterna
1428 2053 1703 2125 consequi,
1726 2053 1892 2123 gratia
1917 2060 1971 2105 et
2005 2050 2246 2119 benigni.

669 2156 779 2204 tate
807 2148 1017 2204 Domini
1047 2149 1212 2205 nostri
1246 2149 1371 2205 Jesu
1400 2147 1615 2214 Christi,
1654 2145 1742 2202 cui
1768 2142 1938 2215 gloria
1978 2152 2034 2199 et
2075 2142 2246 2212 impe-

669 2242 807 2297 rium
826 2242 879 2297 in
908 2242 1100 2298 saecula
1125 2242 1466 2299 saeculorum.
1492 2243 1681 2294 Amen.

1092 2372 1159 2427 IN
1185 2370 1508 2429 PSALMUM
1536 2367 1817 2426 CXXVIII.

672 2465 721 2519 I.
776 2464 926 2533 δορα
964 2472 1375 2535 apugnareruut
1417 2479 1495 2516 me
1542 2478 1575 2514 a
1612 2462 1876 2531 iuventute
1923 2473 2073 2522 mea,
2112 2456 2249 2509 dicat

739 2573 875 2611 nunc
913 2556 1095 2611 Israel.
1129 2556 1183 2610 2.
1210 2556 1360 2626 Stepe
1380 2562 1789 2626 expugnaverunt
1816 2568 1895 2605 me
1939 2568 1970 2603 a
1988 2551 2248 2618 jtwentute

741 2661 852 2702 mea
886 2664 906 2702 :
935 2649 1115 2702 etenim
1160 2663 1262 2702 non
1300 2656 1567 2716 potuerunt
1590 2646 1735 2699 mihi.
1790 2643 1942 2697 Alius
1986 2643 2247 2709 interpres

741 2737 891 2803 dicit,
919 2735 994 2811 (a)
1018 2739 1124 2792 Sed
1148 2754 1248 2792 non
1278 2745 1547 2806 potuerunt
1575 2734 1719 2788 mihi.

748 2827 845 2882 llic
882 2842 1092 2897 quoque
1134 2826 1379 2882 Psalmus
1420 2825 1657 2881 coharret
1700 2823 2044 2895 prmeedenti.
2104 2822 2247 2889 Quo.

675 2918 815 2973 niam
856 2918 996 2972 enim
1027 2917 1510 2987 interrumpebatur
1533 2915 1836 2981 aediﬁcatio,
1869 2929 1967 2971 nec
1996 2929 2130 2985 opus
2154 2916 2248 2968 de-

673 3009 966 3065 ducebatur
994 3011 1060 3063 ad
1091 3009 1247 3064 linem
1273 3050 1288 3074 ,
1320 3024 1414 3063 eos
1442 3009 1494 3062 in
1539 3009 1729 3062 bonam
1757 3021 1915 3077 spem
1955 3006 2244 3069 adducens,

673 3117 743 3157 ne
789 3101 1154 3171 desperarent,
1195 3116 1259 3156 ex
1309 3099 1783 3170 praeteritis-jubet
1821 3114 1914 3155 eos
1946 3098 2014 3153 de
2058 3098 2247 3152 futuris

674 3208 794 3249 esse
844 3193 984 3247 bono
1022 3193 1234 3258 animo,
1289 3201 1344 3246 et
1366 3190 1527 3265 docet
1554 3204 1648 3246 eos
1692 3189 1806 3243 hate
1839 3188 1998 3243 verba
2041 3187 2242 3241 dicere.

671 3281 925 3350 Quaenam
951 3281 1035 3336 illa
1054 3281 1079 3330 ?
1104 3279 1236 3337 Cum
1258 3294 1401 3350 sape
1426 3294 1518 3335 eos
1544 3279 1882 3345 invasissent,
1915 3292 2245 3347 nequaquam

672 3380 960 3442 potuerunt
986 3386 1260 3441 superare,
1289 3385 1389 3426 nec
1414 3371 1673 3441 integram
1699 3369 1976 3424 victoriam
2000 3376 2246 3436 reporta-

673 3473 816 3520 runt.
848 3463 918 3519 Et
941 3472 1119 3520 tamen
1154 3463 1415 3534 captivos,
1452 3462 1643 3534 inquit,
1670 3470 1949 3529 ceperunt,
1983 3461 2115 3516 etin
2140 3466 2248 3515 ter-

673 3569 788 3609 ram
834 3553 1061 3609 alienam
1086 3553 1478 3619 traduxerunt,
1506 3561 1561 3607 et
1596 3552 1762 3606 multa
1808 3552 1949 3608 bella
1980 3551 2241 3607 vicerunt.

673 3645 741 3699 Et
764 3653 890 3700 tunc
914 3645 1131 3715 quidem
1170 3646 1398 3700 maxime
1424 3659 1529 3699 non
1558 3659 1627 3699 ex
1659 3643 1870 3712 propria
1900 3643 2117 3707 virtute,
2146 3643 2242 3698 sed

671 3752 739 3792 ex
778 3735 1080 3792 ludarorum
1108 3746 1328 3806 peccato
1365 3743 1703 3807 superarunt.
1731 3735 2062 3805 Quamquam
2111 3735 2247 3790 alio-

676 3829 762 3897 qui
792 3844 888 3884 nec
911 3829 977 3883 ad
1008 3829 1167 3883 ﬁnem
1208 3843 1373 3897 usque
1409 3841 1752 3896 permansere
1781 3827 2030 3881 victores.
2062 3825 2247 3895 Neque

676 3913 825 3977 enini
852 3929 1140 3990 potuerunt
1175 3936 1341 3990 genus
1366 3919 1586 3973 omnino
1610 3917 1811 3999 delere,
1867 3917 1952 3972 vel
1981 3917 2245 3972 civitatem

674 4014 895 4068 omnino
941 4022 1205 4075 evertere,
1253 4022 1343 4066 aut
1380 4018 1590 4080 gentem
1617 4007 1851 4063 funditus
1878 4007 2122 4078 perdere,
2153 4008 2246 4063 sed

670 4121 794 4161 cum
818 4106 1104 4175 paulisper,
1126 4104 1237 4158 Deo
1260 4102 1605 4166 concedente,
1631 4101 1900 4167 vicissent,
1924 4115 2109 4156 rursus
2126 4101 2242 4155 vin-

670 4198 947 4253 cebantur.
976 4194 1253 4263 Quomodo
1281 4203 1457 4249 autem
1488 4192 1874 4247 vincebantur?
1901 4192 1981 4246 Ad
2011 4192 2242 4261 priorem

675 4288 979 4345 felicitatem
1023 4286 1222 4342 Judmis
1272 4285 1684 4341 revertentibus.
1733 4283 1886 4351 Quod
1927 4284 2137 4352 quidem
2166 4285 2244 4339 si-

673 4379 933 4450 gniﬁcans
971 4378 1106 4432 alius
1132 4378 1395 4444 interpres
1414 4376 1573 4439 dixit,
1621 4374 1726 4430 Sed
1750 4389 1851 4427 non
1876 4375 2245 4441 prmaluerunt

670 4484 821 4538 super
839 4485 936 4522 me.
962 4468 1015 4523 5.
1031 4468 1203 4537 Supra
1218 4466 1423 4520 dorsum
1446 4480 1609 4518 meum
1632 4464 1996 4533 fabricauemnt
2018 4472 2248 4531 peccato-

670 4578 767 4627 res,
786 4558 1521 4629 prolongaceruntiniquitatem
1544 4572 1705 4610 suam.
1724 4555 1858 4623 Quid
1876 4554 1977 4609 hoc
2002 4556 2117 4609 est?
2132 4554 2245 4610 Non

675 4662 896 4714 temere,
942 4650 1131 4719 inquit,
1160 4659 1214 4704 et
1260 4650 1475 4702 fortuito
1501 4647 1900 4710 insidiabantur,
1945 4646 2037 4701 sed
2081 4647 2245 4701 multa

673 4743 1028 4798 moliebantur
1083 4749 1138 4795 et
1181 4739 1642 4805 machinabantur,
1687 4737 1839 4793 dolos
1892 4746 2158 4791 struentes
2194 4746 2247 4792 et

673 4835 969 4891 clanculum
1021 4832 1349 4887 invadentes.
1406 4830 1534 4885 Illud
1580 4831 1719 4885 enim
1745 4871 1760 4894 ,
1819 4828 1992 4899 Supra
2035 4828 2242 4883 dorsum

670 4944 869 4995 meum,
900 4926 982 4982 vel
1015 4925 1248 4981 fraudem
1286 4933 1341 4979 et
1381 4924 1735 4980 exulceratam
1784 4921 2034 4976 malitiam
2082 4920 2246 4990 signi-

671 5018 814 5083 ticet,
847 5016 931 5071 vel
972 5017 1078 5071 vim
1107 5024 1163 5070 et
1185 5014 1518 5069 violentiam.
1568 5012 1679 5069 Hoc
1701 5019 1804 5076 est,
1841 5012 2090 5081 ‘Aggressi
2122 5021 2247 5065 sunt

670 5124 845 5166 meam
874 5109 1166 5179 potentiam
1201 5106 1557 5173 confringere.
1606 5103 1757 5158 Alius
1798 5111 1973 5157 autem
2012 5116 2110 5171 pro
2152 5116 2240 5169 eo,

669 5200 1080 5264 Fabricaoerunt,
1136 5198 1304 5263 dixit,
1346 5195 1624 5249 Aracerunt
1675 5191 1788 5264 (lt),
1834 5203 1893 5248 nt
1938 5192 2245 5248 ostenderet

668 5294 816 5361 ipsos
844 5292 898 5345 in
926 5289 1175 5359 parandis
1192 5288 1338 5358 justo
1382 5286 1586 5341 insidiis
1613 5300 1829 5352 operam
1859 5298 2080 5353 ponere.
2106 5283 2239 5338 Pro-

657 5385 995 5455 .longasa-unt
1039 5381 1346 5448 iniquitatem
1395 5394 1556 5433 suam
1608 5374 1746 5443 Quid
1786 5383 1869 5431 est
1906 5375 2046 5445 quod
2075 5376 2245 5431 dicit?

664 5473 913 5530 Ostendit
937 5488 1033 5530 eos
1053 5486 1158 5528 non
1180 5470 1351 5526 solum
1374 5484 1493 5525 eum
1516 5482 1711 5539 magno
1739 5466 1938 5537 impetu
1962 5468 2239 5534 invasisse,

669 5566 765 5623 sed
793 5568 956 5623 etiam
978 5581 1101 5623 cum
1132 5578 1320 5635 magna
1352 5559 1765 5633 perseverantia,
1801 5568 1859 5614 ut
1883 5560 1972 5631 qui
2014 5559 2239 5614 multum

733 5678 805 5797 (αξ
832 5679 948 5790 ages
967 5677 1034 5751 sit
1053 5678 1132 5727 hic
1154 5677 1397 5749 interpres
1409 5672 1671 5724 nesdmus.
1792 5733 1805 5747 ο
2057 5734 2067 5744 _

733 5741 782 5797 (b
963 5746 1319 5797 mterpretatto,
1359 5742 1631 5796 araoertott,
1671 5740 1749 5785 est
1786 5741 1925 5797 Juxta
1947 5732 2067 5796 Aqui

680 5732 1319 5852 Téghﬁgﬁrpremno,
1359 5742 1631 5796 aranei-iw,
1671 5740 1749 5785 est
1786 5733 1925 5797 juxta
1947 5732 2165 5796 Aquilam
2190 5740 2241 5782 ct

2362 492 2618 563 temporis
2639 506 2703 548 ea
2731 492 2785 548 in
2803 503 3253 552 reconsumerent
3267 534 3283 558 ,
3306 506 3359 550 et
3379 495 3615 551 insidiari
3641 511 3795 552 suum
3809 506 3948 569 Opus

2358 601 2480 643 esse
2498 586 2778 653 ducerent,
2820 587 2874 642 in
2905 602 3078 658 eoque
3104 588 3316 643 assidue
3356 588 3725 656 persisterent.
3754 587 3860 647 Sed
3889 590 3949 652 id

2358 677 2489 732 nihil
2515 679 2593 733 eis
2618 678 2835 748 proluit,
2859 694 2963 734 non
2982 680 3179 735 nostris
3202 679 3424 747 viribus,
3444 680 3535 735 sed
3564 680 3656 736 Dei
3684 684 3945 753 potentia,

2356 771 2621 826 coercitis.
2648 770 2905 839 Quocirca
2926 772 3215 828 ostendens
3234 788 3357 829 eum
3387 774 3475 839 qui
3505 775 3660 845 erigit
3681 782 3946 845 tropautl

2357 870 2411 916 et
2432 863 2569 930 parit
2593 861 2892 931 victoriam,
2915 862 3187 933 subiunxit
3227 882 3243 919 :
3273 865 3328 920 4.
3350 863 3599 919 Dominus
3615 865 3790 936 justus
3812 881 3939 921 cols-

2356 952 2479 1007 cidit
2518 953 2731 1009 ceruices
2772 963 3108 1023 peccatorum.
3140 954 3291 1011 Alius
3318 966 3495 1011 autem
3523 971 3645 1027 pro,
3692 954 3933 1024 Cervices.

2356 1042 2508 1109 dixit,
2545 1042 2732 1112 Funes,
2760 1046 2837 1115 (a)
2859 1045 3163 1116 signiﬁcans
3189 1046 3429 1111 insidias,
3459 1048 3711 1112 insultas,
3733 1046 3940 1103 machi—

2357 1134 2618 1190 nationes.
2650 1134 2815 1190 Recte
2845 1146 3024 1191 autem
3040 1135 3198 1204 dixit,
3221 1152 3350 1203 non,
3372 1137 3640 1202 Dissolvit,
3662 1136 3779 1204 sed,
3802 1136 3945 1193 Con-

2356 1225 2477 1277 cidit
2502 1240 2522 1278 :
2551 1232 2611 1279 ut
2634 1225 2804 1295 magis
2822 1225 3136 1282 ostenderet
3153 1241 3278 1283 eum
3304 1226 3355 1282 id
3379 1225 3591 1292 fecisse,
3621 1227 3940 1285 reddentem

2355 1330 2541 1371 eorum
2572 1317 2791 1373 consilia
2820 1318 3031 1387 penitus
3074 1317 3303 1373 inutilia.
3346 1319 3475 1374 Cum
3508 1319 3652 1374 enim
3682 1319 3945 1389 inciperet

2355 1421 2543 1462 rursus
2569 1408 2808 1464 construi
2834 1408 3042 1475 civitas,
3062 1409 3214 1463 multi
3240 1408 3473 1479 undique
3496 1410 3819 1465 invadebant
3840 1411 3931 1465 in—

2356 1497 2492 1551 vidia
2523 1499 2925 1555 extabeseentes
2959 1517 2973 1552 :
3012 1514 3112 1555 nec
3141 1499 3192 1554 id
3233 1501 3403 1555 semel
3442 1509 3669 1568 tantum,
3709 1511 3801 1556 aut
3828 1501 3937 1567 bis,

2356 1585 2447 1639 sed
2477 1601 2845 1655 saepenumero
2892 1587 3153 1644 fecerunt.
3184 1589 3298 1643 Hoc
3329 1589 3499 1659 ipsum
3544 1590 3706 1645 etiam
3758 1593 3940 1646 evenit

2356 1675 2409 1729 in
2441 1676 2700 1732 Ecclesia.
2727 1676 2859 1733 Cum
2907 1678 3051 1734 enim
3096 1679 3354 1750 inciperet
3376 1680 3580 1747 enasci,
3605 1695 3791 1736 omnes
3814 1697 3939 1737 eam

2354 1767 2565 1820 assidue
2593 1766 2953 1822 invadebant:
2987 1769 3041 1822 in
3077 1769 3335 1839 principio
3360 1771 3575 1840 quidem
3617 1787 3791 1842 rcges,
3843 1787 3941 1842 po-

2356 1857 2488 1927 puli,
2521 1865 2573 1911 et
2598 1858 2807 1928 tyranni
2834 1876 2846 1911 :
2872 1868 3055 1929 postea
3075 1871 3251 1916 autem
3279 1861 3486 1916 insidia:
3511 1862 3881 1918 haereticorum
3919 1883 3937 1918 :

2354 1957 2409 2000 ct
2438 1947 2725 2002 maximum
2750 1990 2765 2012 ,
2807 1951 3011 2005 varium
3059 1950 3441 2021 multiplexque
3478 1952 3675 2008 bellum
3704 1952 3941 2024 undique

2353 2039 2711 2094 suscitabatur
2742 2058 2755 2094 :
2794 2040 2890 2096 sed
2921 2051 3095 2097 tamen
3126 2057 3229 2096 non
3265 2044 3542 2114 prmvaluit
3584 2044 3717 2099 :sed
3757 2044 3939 2115 proﬂi-

2353 2130 2458 2199 gati
2487 2138 2610 2185 sunt
2627 2129 2825 2197 hostes,
2858 2133 3017 2187 ﬂoret
3034 2143 3211 2189 autem
3230 2134 3489 2189 Ecclesia.
3517 2134 3572 2189 5.
3599 2132 3941 2206 Confundet!-

2354 2232 2436 2275 tur
2463 2230 2510 2275 et
2537 2231 2887 2278 convertantur
2912 2233 3187 2279 retrorsum
3225 2242 3396 2289 omnes
3430 2228 3519 2297 qui
3542 2227 3755 2281 oderunt
3783 2227 3936 2283 Sion.
3966 2208 3971 2215 U

2355 2315 2505 2371 Alius
2524 2358 2538 2380 ,
2584 2315 2949 2371 Suboertantur
2992 2327 3261 2373 retrorsum
3289 2319 3380 2391 (ι).
3409 2319 3464 2375 6.
3496 2319 3647 2374 Fiant
3684 2322 3812 2375 sicut
3839 2324 3939 2393 far-

2355 2422 2477 2459 num
2528 2415 2791 2472 tectorum,
2834 2410 2970 2478 quod
3021 2410 3315 2479 priusquam
3353 2412 3616 2477 evellatur,
3673 2414 3869 2467 exaruit
3918 2427 3941 2467 :

2354 2496 2406 2549 7.
2434 2497 2497 2551 de
2519 2514 2616 2567 quo
2641 2515 2743 2552 non
2765 2499 2991 2569 implevit
3020 2516 3227 2554 manum
3256 2518 3402 2556 suam
3429 2501 3513 2574 qui
3544 2504 3701 2555 metit.
3741 2503 3889 2556 Alius
3908 2542 3929 2569 ,

2355 2584 2598 2657 Pugnum
2622 2604 2796 2642 suum.
2824 2588 2893 2643 Et
2917 2590 3086 2644 sinunt
3122 2607 3267 2645 suum
3288 2593 3373 2661 qui
3408 2592 3695 2660 manipulos
3718 2593 3934 2663 colligit.

2352 2678 2404 2732 8.
2430 2679 2496 2733 Et
2524 2696 2623 2733 non
2652 2680 2889 2735 dixerunt
2914 2684 3000 2753 qui
3020 2684 3359 2754 prteteribant,
3384 2682 3680 2738 Benedictio
3725 2683 3936 2739 Domini

2352 2789 2503 2841 super
2576 2787 2683 2827 vos.
2734 2771 3092 2828 Bcnedian'ntus
3142 2775 3278 2830 vobis
3323 2776 3378 2828 in
3442 2775 3645 2829 nomine
3702 2774 3931 2829 Domini.

2354 2861 2795 2916 Adhortationem
2848 2864 3152 2932 precatione
3201 2863 3489 2929 concludit,
3537 2879 3603 2920 ex
3634 2866 3939 2922 narratione

2356 2953 2765 3021 prmtcritorum,
2795 2964 2851 3009 et
2887 2968 2953 3008 ex
2982 2954 3224 3008 oratione
3252 2954 3547 3008 auditorem
3578 2954 3645 3009 ad
3674 2954 3938 3011 conﬁten-

2354 3041 2480 3096 dum
2505 3043 2798 3108 adducens,
2843 3052 2899 3099 et
2931 3044 3179 3112 injustam
3210 3045 3336 3099 belli
3384 3058 3599 3099 causam
3625 3045 3935 3101 ostendens.

2355 3134 2432 3189 Ex
2463 3135 2657 3191 invidia
2678 3137 2822 3192 enim
2866 3146 2921 3192 et
2957 3137 3083 3192 odio
3110 3137 3307 3193 bellum
3348 3152 3675 3208 suscepere:
3708 3149 3764 3196 et
3814 3141 3939 3215 ideo

2352 3230 2482 3285 dicit
2513 3248 2526 3283 :
2557 3228 2869 3284 Erubescant
2909 3240 2955 3285 et
2981 3241 3331 3285 conuertantur
3354 3241 3626 3287 retrorsum
3654 3236 3824 3289 omnes
3848 3234 3940 3305 qui

2354 3320 2568 3375 oderunt
2597 3319 2747 3376 Sion.
2776 3319 2893 3375 Non
2924 3319 3121 3387 solum,
3152 3321 3344 3392 inquit,
3372 3323 3674 3386 vincantur,
3699 3323 3795 3379 sed
3820 3331 3937 3383 lur-

2354 3415 2493 3484 piter
2530 3422 2586 3470 et
2624 3414 2869 3471 ridicule.
2903 3414 3107 3469 Deinde
3147 3429 3276 3469 cum
3320 3414 3565 3481 dixisset,
3599 3413 3758 3469 Fiant
3807 3416 3938 3470 sicut

2354 3509 2542 3579 fanum
2563 3514 2824 3572 tectorum,
2853 3507 3088 3576 persistit
3115 3506 3169 3560 in
3188 3505 3552 3573 similitudine,
3569 3521 3675 3561 non
3698 3520 3794 3562 eos
3815 3515 3933 3561 tan-

2354 3607 2465 3651 tum
2485 3595 2631 3652 freno
2651 3611 2989 3665 comparans,
3024 3596 3120 3652 scd
3164 3595 3309 3652 [ωηο
3333 3595 3474 3667 quod
3500 3605 3587 3651 est
3623 3610 3785 3666 supra
3833 3596 3933 3651 do-

2352 3701 2491 3742 mos.
2524 3686 2854 3756 Quamquam
2882 3686 3026 3740 enim
3072 3684 3125 3740 id
3172 3700 3385 3755 quoque
3413 3684 3555 3756 quod
3603 3696 3687 3741 est
3721 3687 3774 3740 in
3803 3701 3935 3757 agro

2354 3777 2559 3849 pingui,
2607 3776 2856 3833 celeriter
2908 3774 3135 3842 difﬂuit;
3196 3776 3386 3831 volens
3430 3786 3608 3832 tamen
3651 3778 3938 3834 ostendere

2353 3886 2513 3941 quam
2559 3878 2742 3927 essent
2777 3870 2914 3925 viles
2955 3868 3269 3936 adversarii,
3316 3883 3414 3925 eos
3461 3880 3737 3940 comparat
3792 3868 3939 3927 faeno

2354 3960 2498 4033 quod
2522 3970 2606 4016 est
2631 3974 2796 4031 super
2838 3959 3030 4016 domos
3061 3978 3075 4015 :
3107 3969 3165 4015 ut
3208 3961 3457 4031 utrinque
3486 3962 3735 4017 ostendat
3775 3961 3933 4031 quam

2354 4052 2461 4108 sint
2489 4051 2708 4123 fragiles
2735 4062 2791 4106 et
2844 4051 3052 4118 caduci,
3082 4067 3274 4122 nempe
3298 4061 3353 4106 et
3389 4068 3457 4106 ex
3487 4050 3615 4107 faeni
3645 4060 3853 4118 natura,
3879 4061 3936 4107 et

2354 4126 2420 4198 ex
2448 4154 2638 4198 natura
2686 4142 2811 4197 loci.
2844 4142 3020 4210 Tales,
3048 4143 3241 4213 inquit.
3270 4150 3396 4197 sunt
3425 4144 3651 4198 insultus
3678 4143 3932 4200 adversa-

2354 4234 2578 4301 riorum,
2607 4234 2699 4303 qui
2723 4248 2828 4287 non
2856 4233 3053 4289 habent
3079 4233 3337 4297 radicem,
3363 4248 3462 4290 nec
3485 4232 3886 4290 fundamentum
3917 4253 3931 4290 :

2353 4326 2445 4396 qui
2470 4326 2852 4395 aliquantisper
2875 4324 3092 4395 quidem
3115 4324 3363 4380 videntur
3383 4323 3595 4390 ﬂorere,
3625 4334 3806 4394 postea
3839 4341 3935 4380 au—

2357 4425 2463 4470 tem
2492 4415 2768 4483 deﬁciunt,
2792 4424 2847 4471 et
2874 4431 2941 4471 ex
2977 4417 3169 4486 seipsis
3216 4417 3486 4472 excidunt.
3520 4416 3665 4475 Talis
3689 4425 3776 4472 est
3812 4432 3935 4486 pro-

2355 4510 2583 4578 speritas
2603 4524 2788 4564 eorum
2815 4509 2905 4579 qui
2941 4508 3126 4565 vivunt
3155 4510 3208 4564 in
3238 4509 3465 4575 scelere,
3491 4510 3609 4570 talis
3630 4509 3934 4577 iucunditas

2354 4614 2533 4653 rerum
2561 4599 2718 4669 hujus
2744 4600 2903 4654 vitae:
2930 4601 3089 4654 simul
3112 4601 3254 4655 enim
3284 4608 3340 4654 et
3372 4600 3609 4655 cernitur
3633 4610 3689 4657 et
3728 4600 3931 4665 interit,

2356 4700 2413 4745 ut
2436 4706 2556 4761 quas
2580 4706 2681 4747 nec
2709 4691 2901 4746 habeat
2921 4691 3324 4747 fundamentum
3346 4691 3584 4761 aliquod,
3613 4706 3714 4747 nec
3744 4700 3932 4762 poten-

2354 4782 2501 4836 tiam.
2534 4782 2604 4837 Et
2649 4782 2773 4837 ideo
2800 4798 2905 4836 non
2935 4791 3019 4838 est
3066 4784 3144 4839 eis
3188 4783 3521 4838 adhibendus
3553 4785 3786 4847 animus,
3835 4784 3930 4838 sed

2352 4873 2739 4929 considerando
2779 4888 2937 4943 quam
2977 4874 3085 4928 sint
3121 4871 3287 4927 ﬂuxae
3322 4882 3379 4927 et
3424 4871 3638 4927 caducae
3662 4913 3677 4935 ,
3725 4872 3936 4929 deside-

2356 4968 2537 5023 randa:
2565 4976 2691 5023 sunt
2724 4982 2812 5022 res
2848 4974 3084 5032 aeternae,
3128 4966 3477 5031 immortales,
3522 4964 3841 5031 immobiles,
3880 4976 3936 5021 et

2353 5061 2405 5117 in
2429 5076 2563 5133 quas
2587 5060 2733 5116 nulla
2758 5059 2902 5115 cadit
2930 5058 3157 5114 mutatio
3191 5076 3204 5112 :
3229 5072 3361 5128 quas
3388 5057 3549 5113 detur
3577 5056 3734 5112 nobis
3756 5058 3933 5113 omni-

2351 5155 2452 5211 bus
2480 5154 2757 5225 consequi,
2813 5153 2981 5223 gratia
3033 5161 3087 5207 et
3125 5151 3451 5222 benignitate
3503 5150 3711 5206 Domini
3764 5142 3932 5206 nostl'i

2352 5248 2479 5305 Jesu
2505 5247 2726 5313 Christi,
2756 5261 2878 5302 cum
2909 5260 3016 5316 quo
3044 5245 3188 5301 Patri
3223 5246 3389 5317 gloria
3419 5243 3580 5300 simul
3602 5259 3725 5300 cum
3746 5254 3934 5300 uncto

2352 5341 2572 5414 Spiritu,
2604 5341 2657 5396 in
2688 5340 2882 5395 seacula
2910 5339 3249 5395 saeculorum.
3275 5338 3467 5397 Amen.

2350 5495 2628 5608 “ligurium
2648 5488 3298 5556 interpretatiu,ftaaes,est
3330 5485 3707 5553 juxtaAquilam
3735 5491 3937 5551 etSym-

2413 5594 2659 5680 ξῖδῗιῖὶιε
2680 5627 2829 5679 quem
2850 5613 2914 5661 sit
2943 5612 3040 5680 illa_
3069 5610 3750 5680 ipterpretathignoramuu
3772 5609 3935 5659 nesci.

2349 5672 2675 5744 mtis'quoque
2692 5672 2834 5739 juxta
2855 5686 3005 5737 quem
3026 5672 3148 5725 infra
3172 5672 3366 5723 versum
3388 5672 3725 5735 sit,’pugmon.
