4154 6428
101 416 206 475 δτι

544 524 615 580 IN
664 516 986 579 νδΑωυιι
1031 510 1269 571 CXXIX.

102 670 149 724 Ι.
182 666 256 723 De
274 663 558 738 profundis
580 655 797 713 clamavi
810 651 881 707 ad
894 661 961 718 te,
987 647 1201 704 Domine
1215 663 1234 701 :
1256 643 1488 709 Domine,
1515 637 1702 695 exaudi

706 759 877 800 νοοεπι
920 756 1102 796 meam.

168 890 218 944 Ι.
254 883 607 956 Profunditas
632 892 859 950 precum.
886 902 960 916 —
980 868 1121 940 Quid
1146 874 1251 930 est,
1277 863 1358 920 De
1390 860 1657 956 profundis
1673 858 1700 914 7
1736 906 1751 915 .

112 982 216 1035 Non
258 950 403 1031 dixit
442 968 807 1032 solummodo,
839 966 916 1022 Ex
941 977 1058 1026 ore,
1106 971 1283 1027 neque
1338 950 1696 1015 solummodo,

107 1070 176 1124 Ex
201 1067 424 1137 lingua;
456 1076 582 1116 nam
609 1066 826 1114 errante
861 1053 1023 1108 etiam
1067 1057 1246 1104 mente
1270 1044 1430 1101 verba
1458 1041 1697 1097 fundun-

104 1172 219 1222 tur;
242 1153 383 1217 sed,
414 1151 500 1207 Ex
541 1149 709 1205 corde
738 1140 1173 1216 proluudissimo,
1203 1150 1325 1192 cum
1355 1148 1550 1205 magno
1579 1140 1696 1186 stu-
1720 1146 1721 1149 ‘

102 1249 207 1307 tio.
240 1255 301 1302 et
337 1256 537 1312 magna
562 1236 727 1295 animi
773 1233 1065 1295 alacritate,
1092 1244 1159 1285 ex
1201 1224 1557 1297 ipsismentis
1604 1237 1699 1312 pe-

104 1311 616 1393 nemlibumi'l‘ales
642 1334 768 1384 sunt
801 1323 947 1382 enim
991 1321 1154 1377 animi
1199 1332 1386 1374 eorum
1429 1315 1519 1386 qui
1562 1311 1700 1367 affli—

102 1435 294 1497 guntur
327 1442 345 1480 :
387 1421 701 1476 universum
746 1430 843 1470 cor
882 1425 1063 1468 secum
1110 1413 1482 1469 commovent,
1530 1405 1697 1485 Deum

104 1495 423 1573 invocantes
450 1526 577 1567 cum
606 1521 797 1579 magna
821 1502 1234 1574 componetione
1263 1515 1277 1551 :
1308 1506 1364 1552 et
1390 1496 1512 1551 ideo
1535 1495 1696 1550 etiam

104 1607 416 1665 audiuntur.
440 1600 603 1656 Tales
626 1599 771 1653 enim
798 1608 986 1667 preces
1012 1592 1257 1661 magnam
1278 1586 1477 1643 habent
1506 1593 1696 1656 poten-

108 1698 251 1762 tiam,
280 1705 344 1748 ut
372 1706 500 1763 quzc
539 1701 713 1759 neque
758 1684 1157 1747 subvertantur,
1185 1692 1356 1748 neque
1382 1675 1698 1741 concutian-

105 1797 207 1850 tnr,
236 1785 342 1840 etsi
370 1795 470 1837 eas
494 1777 740 1834 diabolus
767 1786 965 1845 magno
1000 1771 1203 1842 impetu
1231 1767 1463 1824 invadat.
1493 1766 1687 1835 Quem-

106 1874 394 1931 admodum
450 1869 599 1925 enim
645 1865 807 1922 arbor
856 1861 1063 1928 valida,
1111 1867 1168 1916 et
1212 1874 1333 1931 qua:
1377 1858 1431 1913 in
1476 1856 1696 1913 multam

105 1962 525 2035 Maduateni
552 1967 710 2012 terra:
737 1953 847 2025 agit
874 1951 1101 2016 radices,
1151 1949 1374 2020 ejusque
1419 1947 1571 2005 sinus
1597 1946 1695 2001 de-

106 2054 281 2119 vincit,
310 2050 496 2106 cuivis
514 2054 795 2103 ventorum
816 2041 1034 2113 impctui
1056 2040 1291 2103 resistit;
1322 2054 1443 2109 qua:
1466 2040 1518 2092 in
1540 2047 1698 2097 terra:

106 2153 281 2203 autem
313 2153 535 2196 summa
585 2134 983 2207 superficiesita
1010 2142 1111 2198 est,
1161 2131 1206 2185 si
1248 2129 1502 2198 qualibet
1538 2142 1697 2198 parva

105 2248 230 2289 ειη
248 2229 585 2293 incubuerit,
613 2224 982 2288 labefactatur,
1029 2230 1085 2278 et
1127 2219 1386 2277 radicitus
1413 2218 1594 2274 evulsa
1614 2218 1699 2289 ja-

106 2334 190 2381 cet
228 2322 385 2379 humi
414 2339 431 2375 :
464 2320 538 2374 ita
586 2318 745 2373 etiam
792 2328 980 2386 preces
1008 2326 1126 2384 qua:
1154 2310 1223 2367 ab
1269 2310 1378 2365 imo
1404 2308 1700 2366 ascendunt

106 2424 160 2469 et
183 2420 420 2485 egerunt
446 2408 663 2465 radices
689 2407 745 2462 in
771 2403 1055 2477 profundo,
1078 2400 1291 2459 etiamsi
1330 2398 1698 2455 innumerabi—

109 2505 184 2561 lm’
204 2503 463 2561 venerint
487 2499 842 2571 cogitationes
863 2538 880 2566 ,
908 2494 1122 2551 etiamsi
1151 2495 1406 2549 instructa
1456 2499 1562 2547 tota
1588 2489 1703 2545 dia-

110 2594 214 2650 buli
237 2595 413 2659 scies,
442 2591 615 2647 ﬁrma:
644 2596 861 2644 manent
888 2595 943 2644 et
978 2584 1219 2653 stabiles,
1241 2593 1294 2639 et
1311 2582 1529 2638 minime
1549 2595 1701 2637 ever-

114 2695 291 2740 tuntur
318 2701 336 2739 :
360 2697 488 2754 qua:
514 2690 694 2737 autem
717 2694 784 2735 ex
812 2693 906 2733 ore
929 2685 985 2732 et
1008 2674 1159 2731 labiis
1179 2673 1496 2745 procedunt,
1520 2679 1699 2727 etnon

112 2776 178 2832 ab
224 2777 342 2832 imo
383 2772 712 2838 ascendunt,
771 2785 840 2825 ne
881 2776 1105 2840 possunt
1146 2764 1359 2836 quidem
1409 2762 1478 2819 ad
1536 2763 1701 2818 Deum

114 2867 425 2931 ascendere,
459 2872 683 2936 propter
708 2862 827 2933 ejus
852 2861 943 2933 qui
972 2858 1182 2915 accedit
1216 2856 1537 2913 socordiam.
1566 2854 1701 2910 Eum

113 2960 253 3015 enim
301 2958 399 3030 qui
443 2956 569 3012 talis
609 2964 715 3021 est,
755 2953 871 3009 sive
900 2951 1062 3008 fuerit
1101 2949 1293 3020 aliquis
1338 2948 1613 3017 strepitus,
1658 2945 1705 3000 is

115 3053 285 3125 ipsum
310 3049 608 3113 everterit;
635 3048 749 3103 sive
778 3044 1049 3109 tumultus,
1092 3042 1162 3098 ab
1200 3040 1442 3096 oratione
1466 3038 1704 3093 abduxe-

116 3146 183 3201 rit
207 3162 229 3200 :
274 3155 332 3200 et
371 3156 437 3197 os
473 3140 692 3212 quidem
737 3146 973 3199 resonat,
1005 3149 1102 3190 cor
1142 3140 1373 3188 verocst
1422 3131 1601 3195 inane,
1648 3136 1707 3183 et

115 3235 225 3291 sola
251 3250 316 3291 ac
341 3235 560 3289 deserta
603 3230 875 3302 cogitatio.
907 3230 978 3284 At
1006 3228 1174 3283 sancti
1202 3241 1309 3281 non
1336 3224 1417 3280 sic
1442 3222 1691 3289 orabant,

115 3326 206 3381 sed
233 3340 360 3380 enm
383 3334 536 3378 tanto
563 3320 741 3377 studio
760 3335 823 3376 ac
844 3318 1204 3383 vehementia,
1230 3324 1291 3371 ut
1324 3317 1487 3376 etiam
1535 3324 1703 3370 totum

117 3429 314 3486 corpus
356 3409 937 3469 intlecterent..Beatus
965 3409 1145 3479 itaque
1184 3406 1365 3466 Helias
1407 3420 1570 3462 orans
1597 3406 1707 3477 pri-

118 3522 262 3563 mum
300 3506 524 3577 quidem
550 3502 800 3575 qusivit
823 3500 1164 3559 solitudinem
1198 3497 1431 3555 :deinde
1454 3512 1575 3553 cum
1611 3512 1709 3568 po.

117 3599 313 3655 suisset
357 3604 522 3666 caput
549 3597 692 3651 inter
726 3609 937 3666 genua,
967 3601 1027 3649 et
1067 3592 1303 3667 seipsum
1342 3607 1463 3647 cum
1513 3604 1709 3660 magno

117 3690 313 3745 ardore
333 3687 690 3754 incenderet,
718 3686 791 3741 ita
824 3684 1077 3742 fundebat
1118 3697 1304 3754 preces
1329 3682 1423 3754 (5.
1454 3682 1581 3754 Reg.
1614 3683 1702 3738 18.

118 3782 186 3837 ις
202 3781 247 3853 ).
267 3781 325 3840 Si
358 3781 437 3837 vis
477 3788 653 3834 autem
698 3792 821 3833 eum
849 3776 1010 3833 etiam
1035 3774 1219 3832 videre
1246 3782 1450 3833 rectum
1476 3782 1705 3828 stantem

121 3870 171 3925 in
198 3870 470 3931 ovatione,
499 3868 620 3923 vide
643 3883 767 3923 eum
794 3880 978 3921 rursus
1000 3876 1278 3929 extensum
1307 3878 1474 3934 usque
1510 3863 1576 3918 ad
1603 3879 1706 3918 cae-

123 3962 321 4031 lnm,ct
351 3964 422 4015 ita
450 3970 731 4017 extensum
755 3968 811 4014 ut
837 3960 996 4015 etiam
1024 3958 1200 4029 ignem
1233 3971 1266 4011 ο
1291 3955 1429 4027 cmlo
1454 3955 1710 4026 dejicerct

122 4050 283 4120 (Isid.
324 4068 376 4106 v.
407 4048 643 4121 36-38).
674 4050 748 4104 Ita
794 4048 956 4105 etiam
984 4046 1201 4119 quando
1243 4046 1406 4100 voluit
1447 4048 1711 4109 suscitare

125 4141 288 4197 illium
317 4141 494 4196 vidua:
516 4181 533 4207 ,
570 4156 694 4195 cum
720 4148 888 4196 totum
931 4137 1560 4211 seipsumzexpandisset,
1588 4153 1706 4193 eam

123 4239 286 4294 edidit
316 4239 773 4295 resurrectionem
794 4280 811 4308 ,
858 4253 968 4293 non
1002 4237 1204 4294 fractus
1228 4277 1245 4304 ,
1274 4252 1446 4308 neque
1474 4236 1708 4292 oscitans

122 4332 259 4389 sicut
292 4346 416 4398 nos,
458 4331 553 4387 sed
582 4332 745 4385 animi
790 4332 845 4386 in
887 4331 1092 4397 orando
1132 4330 1408 4397 alacritate
1460 4328 1707 4385 incensus

125 4424 214 4491 (5.
248 4425 380 4495 Reg.
411 4425 502 4480 i'l.
547 4422 732 4479 19.3%
749 4425 792 4495 ).
835 4422 973 4492 Quid
1011 4433 1190 4487 autem
1233 4422 1356 4479 dico
1397 4422 1601 4487 Heliam
1652 4432 1710 4480 et

124 4526 332 4572 tam
361 4515 483 4571 illos
497 4515 523 4569 2

190 4605 439 4661 Huiieres
482 4604 716 4675 quedam
748 4619 868 4658 eam
903 4604 1141 4678 Motis
1183 4605 1439 4676 precando
1467 4645 1483 4670 ,
1534 4611 1709 4674 optata

126 4699 427 4767 inpetrant;
463 4694 598 4750 Ister
621 4711 711 4751 seu
738 4694 1005 4750 Danubius
1051 4710 1189 4765 sepe
1227 4694 1390 4767 glacie
1415 4693 1705 4765 concrescit.

124 4814 189 4830 —-
215 4787 338 4843 Vidi
362 4800 512 4856 sape
536 4787 788 4842 mulieres
811 4794 1033 4856 propter
1052 4785 1227 4840 virum
1276 4785 1708 4855 peregrinantem

125 4887 175 4932 ct
193 4879 454 4933 infantem
504 4886 854 4947 aagrotantem
881 4876 953 4932 ita
981 4876 1049 4931 de
1072 4876 1350 4947 profundis
1374 4885 1589 4941 orantes
1607 4917 1623 4941 ,
1654 4884 1711 4935 et

129 4975 298 5023 usus
324 4967 507 5024 fontes
525 4967 880 5038 lacrymarum
904 4967 1231 5035 amittentes,
1263 4977 1321 5023 ut
1350 4968 1566 5023 tandem
1593 4967 1707 5027 voti

128 5058 205 5114 sli
229 5067 421 5114 essent
450 5064 754 5127 compotes.
796 5057 851 5113 Si
879 5066 1059 5113 autem
1104 5058 1357 5114 mulieres
1398 5058 1468 5114 ita
1495 5057 1707 5113 inﬂam-

128 5162 343 5205 mantur
372 5148 425 5203 in
466 5146 804 5203 orationibus
836 5161 935 5217 pro
962 5147 1079 5202 viro
1115 5157 1171 5203 et
1212 5147 1433 5214 infante,
1462 5163 1710 5222 quaenam

128 5241 245 5295 viro
270 5239 425 5293 venia
469 5227 704 5302 dabitur,
749 5237 841 5309 qui
885 5237 1062 5293 anima
1102 5247 1277 5293 morte
1304 5237 1493 5293 aﬂecta
1534 5238 1711 5295 mollis

130 5338 204 5385 ut
223 5338 284 5385 et
309 5327 626 5398 languidus?
652 5327 791 5383 Hinc
822 5328 999 5397 itaque
1045 5325 1122 5391 tit,
1159 5337 1217 5381 ut
1251 5341 1373 5397 cum
1412 5341 1556 5397 saepe
1584 5341 1710 5383 ore-

132 5433 267 5485 mus,
294 5432 483 5475 rursus
511 5419 704 5474 inanes
729 5426 1083 5472 revertamur.
1103 5416 1239 5473 Audi
1257 5417 1529 5488 quomodo
1549 5418 1706 5473 Anna

133 5510 316 5567 orabat
343 5509 415 5566 de
467 5508 744 5580 profundis
763 5548 781 5576 ,
806 5508 1104 5577 cujusmodi
1136 5507 1309 5564 fontes
1354 5508 1709 5580 lacrymarum

131 5604 432 5671 aduehat,
474 5600 749 5673 quomodo
799 5615 894 5670 per
942 5600 1236 5658 orationem
1280 5601 1609 5663 ,evehebatur
1652 5601 1710 5657 in

132 5694 348 5753 ε-ωιω.
372 5692 450 5767 (ι.
482 5694 613 5767 Reg.
658 5692 713 5747 t.
759 5692 845 5749 t0.
882 5690 993 5763 il).
1029 5692 1130 5761 Qui
1166 5695 1310 5754 enim
1340 5695 1412 5751 ita
1438 5706 1707 5765 precatur,

137 5785 284 5844 sthtn
326 5797 617 5859 antequam
646 5790 1011 5854 consequatur
1030 5780 1176 5854 quod
1197 5788 1463 5857 postulat.
1486 5802 1553 5845 ex
1582 5804 1707 5846 ora-

1215 389 1576 451 sxrosrno
1615 386 1681 444 ιη
1722 382 2047 442 Pastum
2084 383 2326 453 cxxm.

3289 378 3392 433 δτι

1806 501 1952 560 tione
1976 514 2166 568 magna
2195 498 2334 554 bona
2362 496 2609 569 percipit,
2630 509 2822 552 omnes
2848 493 3009 550 animi
3037 490 3390 564 perturbatio-

1803 606 1901 646 nes
1946 590 2265 660 reprimens,
2317 588 2451 643 iram
2494 584 2728 652 sedans,
2779 583 3031 639 invidiam
3073 580 3391 653 expellens,

1801 680 2143 751 cupiditatem
2172 678 2514 747 exstinguens
2534 716 2551 745 ,
2594 690 2772 731 rerum
2802 673 2869 728 ad
2914 675 3078 728 vitam
3112 672 3393 743 pertinen-

1805 773 1937 828 tium
1980 784 2220 828 amorem
2257 769 2557 824 diminucns
2601 775 2658 822 et
2700 766 3013 827 exsiccans,
3050 763 3288 819 animum
3337 763 3393 819 in

1802 875 1998 932 magna
2042 858 2423 931 tranquillitate
2465 856 2817 919 constituens.
2849 855 2903 910 in
2936 854 3108 927 ipsum
3160 853 3394 923 denique

1801 952 1996 1010 czelum
2043 949 2365 1007 ascendens.
2392 946 2856 1022 Quemadmodum
2886 946 3032 1001 enim
3079 944 3257 1016 pluvia
3288 943 3394 1003 du-

1801 1060 1918 1101 ram
1948 1052 2148 1103 terram
2174 1082 2191 1108 ,
2218 1041 2272 1095 in
2302 1054 2465 1111 quam
2495 1038 2716 1103 decidit,
2748 1036 2832 1092 vel
2877 1036 3011 1107 ignis
3037 1035 3240 1091 ferrum
3265 1034 3394 1091 mol-

1801 1137 1863 1192 lit
1893 1155 1907 1190 :
1939 1136 2011 1191 ita
2038 1134 2183 1190 vitiis
2208 1125 2518 1189 induratum
2542 1132 2781 1186 animum
2822 1129 2946 1185 talis
2983 1128 3161 1185 oratio
3187 1136 3244 1184 et
3270 1127 3394 1198 igne

1802 1224 2194 1290 vehementius,
2220 1233 2277 1282 ct
2302 1224 2584 1295 plusquam
2613 1222 2789 1293 pluvia
2812 1221 2984 1277 mollit
3012 1227 3069 1275 et
3094 1219 3391 1276 bnmectat.

1800 1315 1897 1372 Est
1923 1314 2068 1371 enim
2095 1314 2274 1373 anima
2297 1324 2486 1371 tenera
2516 1322 2571 1368 ct
2609 1311 2676 1366 ad
2710 1310 3015 1381 fingendum
3046 1309 3221 1376 facilis
3253 1327 3268 1366 :
3296 1309 3390 1367 sed

1800 1405 1941 1477 quod
1980 1404 2101 1460 lstri
2133 1415 2286 1475 aqua:
2336 1418 2480 1473 saepe
2522 1402 2724 1469 evenit,
2774 1409 2832 1456 ut
2854 1400 3026 1472 glacie
3052 1413 3390 1466 concrescat,

1800 1498 1852 1553 id
1879 1499 2042 1553 etiam
2085 1510 2282 1551 nosme
2302 1496 2498 1553 accidit
2530 1495 2744 1559 animm,
2798 1502 2861 1566 ut
2899 1508 2931 1549 a
2975 1503 3201 1565 peccato
3226 1502 3283 1548 et
3299 1503 3392 1555 so-

1799 1589 1980 1644 cordia
2030 1588 2340 1664 indurescat
2389 1596 2444 1643 et
2480 1586 2794 1657 lapidescat.
2836 1585 3028 1655 Magno
3068 1600 3198 1656 ergo
3237 1584 3392 1640 nobis

1798 1681 1979 1736 calore
2002 1694 2139 1750 opus
2159 1687 2261 1744 est,
2289 1685 2349 1734 ut
2373 1677 2517 1749 quod
2542 1677 2733 1732 durum
2756 1685 2839 1731 est
2858 1674 3123 1732 emolliat.
3150 1675 3265 1737 Hoc
3293 1689 3393 1731 au-

1800 1778 1910 1827 tem
1955 1771 2187 1826 maxime
2227 1769 2392 1826 efilcit
2427 1769 2619 1826 oratio.
2666 1768 2893 1836 Quando
2920 1783 3050 1840 ergo
3090 1768 3388 1824 orationem

1799 1860 2127 1944 aggrederis,
2157 1875 2226 1917 ne
2256 1860 2359 1917 hoc
2386 1859 2561 1915 solum
2589 1874 2801 1932 qtueras
2830 1868 2889 1913 ut
2912 1857 3056 1930 quod
3086 1858 3223 1929 petis
3240 1859 3382 1917 secs-

1800 1953 1960 2025 pias:
1991 1952 2087 2011 sed
2116 1952 2279 2010 etiam
2320 1961 2379 2008 ut
2425 1952 2477 2006 in
2510 1952 2624 2022 ipsa
2667 1952 2913 2007 oratione
2964 1951 3197 2006 animam
3244 1958 3389 2010 tuam

1800 2045 2077 2101 meliorem
2102 2043 2325 2100 efiicias.
2355 2042 2487 2098 Nam
2516 2041 2620 2099 hoc
2638 2056 2851 2115 quoque
2873 2050 2956 2098 est
2982 2057 3176 2096 munus
3195 2040 3392 2104 oratio-

1800 2134 1905 2191 nis.
1924 2134 2025 2204 Qui
2056 2135 2125 2190 ita
2156 2142 2293 2201 orat,
2320 2134 2378 2189 tit
2408 2134 2473 2190 iis
2499 2148 2619 2205 qua:
2648 2133 2713 2188 ad
2741 2132 2882 2190 hanc
2908 2133 3071 2187 vitam
3092 2133 3385 2204 pertinent.

1800 2227 2063 2299 superior,
2081 2237 2261 2283 mente
2279 2225 2572 2293 extollitur,
2588 2226 2765 2282 levem
2790 2224 2965 2280 reddit
2982 2224 3385 2295 cogitationem.

1801 2320 1947 2377 nulla
1998 2320 2400 2391 perturbatione
2445 2319 2610 2375 animi
2651 2317 2957 2389 impeditur.
3006 2316 3085 2371 De
3123 2317 3394 2389 proftth

1800 2411 2015 2473 clamavi
2051 2410 2122 2466 ad
2146 2421 2228 2478 te,
2255 2407 2493 2465 Domine.
2526 2409 2640 2465 Duo
2686 2409 2774 2465 hic
2798 2408 2973 2480 ponit,
3004 2416 3062 2463 et
3108 2405 3262 2473 illud,
3312 2405 3393 2463 Ds

1801 2501 2095 2572 profundis,
2125 2509 2181 2559 et
2202 2500 2326 2566 hoc.
2346 2501 2668 2557 clamavisse
2698 2518 2713 2555 :
2743 2500 3041 2555 clamorem
3070 2514 3178 2554 non
3209 2498 3394 2553 dicens

1803 2600 1989 2648 tonum
2018 2592 2183 2659 vocis,
2214 2589 2312 2654 sed
2350 2591 2692 2649 affectionem
2734 2590 2920 2653 animi.
2948 2583 3183 2656 Domine,
3208 2589 3394 2645 exaudi

1803 2699 1974 2739 vocem
2023 2700 2207 2740 meam.
2240 2682 2377 2739 Hinc
2415 2683 2523 2739 duo
2550 2682 2827 2748 discimus,
2866 2695 3061 2752 nempe
3090 2694 3191 2736 nos
3217 2694 3248 2737 a
3284 2680 3396 2736 Deo

1814 2775 2062 2831 absolute
2090 2774 2383 2845 impetrare
2404 2789 2510 2836 non
2529 2788 2712 2845 posse,
2731 2773 2833 2827 nisi
2860 2780 3043 2827 nostra
3064 2786 3277 2843 quoque
3302 2768 3398 2827 ad-

1806 2866 2049 2927 fuerint:
2079 2868 2331 2940 quocirca
2364 2866 2510 2939 prius
2549 2866 2699 2933 dicit,
2739 2864 2820 2920 De
2846 2865 3119 2938 profundis
3153 2862 3393 2931 clamavi,

1807 2970 1861 3018 et
1887 2968 2036 3028 tunc,
2063 2957 2275 3016 Exaudi
2303 2958 2546 3026 ;deinde
2571 2958 2870 3018 orationem
2899 2956 3187 3021 intonsam,
3232 2952 3394 3010 vehe-

1806 3062 2066 3117 mentem,
2095 3058 2152 3110 et
2179 3050 2392 3121 plenam
2422 3049 2675 3121 lacrymis
2703 3046 3154 3118 compunctionis,
3174 3058 3397 3116 magnas
3512 3074 3523 3083 -

1808 3143 2009 3201 habere
2039 3141 2182 3204 vires
2221 3139 2333 3195 Deo
2359 3138 2735 3211 persuadendi,
2786 3148 2847 3194 ut
2885 3137 2949 3193 iis
2976 3151 3099 3207 quae
3146 3136 3398 3193 dicuntur

1807 3240 2026 3297 annuat.
2053 3232 2344 3303 Tamquam
2372 3230 2518 3286 enim
2544 3243 2795 3300 magnum
2824 3235 2879 3282 et
2914 3226 3228 3299 praeclarum
3268 3226 3396 3296 quid

1808 3322 2046 3389 fecisset,
2094 3329 2153 3382 et
2203 3330 2387 3390 partes
2429 3331 2575 3374 suas.
2611 3317 2906 3387 implesset,
2964 3316 3034 3372 ita
3082 3316 3394 3387 subjunxit:

1809 3412 2046 3481 Domine,
2067 3410 2255 3466 exaudi
2276 3425 2444 3465 vocem
2464 3410 2647 3465 meant.
2669 3409 2726 3467 2.
2751 3406 2905 3464 Fiant
2929 3424 3077 3464 aures
3103 3418 3207 3463 tute
3229 3408 3393 3469 inten-

1807 3504 1981 3559 dentes
2021 3502 2076 3558 in
2114 3516 2282 3558 vocent
2335 3501 2705 3573 deprecationis
2742 3516 2892 3555 utea.
2938 3500 3110 3556 Aures
3135 3499 3268 3556 dicit
3305 3516 3401 3556 au-

1806 3596 1987 3653 diendi
2012 3595 2311 3669 facultatem
2338 3613 2353 3650 :
2379 3604 2434 3651 et
2456 3609 2645 3653 rursus
2666 3609 2854 3652 vocem
2896 3610 3003 3651 non
3036 3595 3397 3652 intensionom

1782 3731 1786 3737 .
1812 3689 2056 3760 spiritus,
2086 3702 2188 3745 nec
2213 3687 2504 3745 clamorem
2547 3688 2875 3759 signiﬁcans,
2904 3688 3000 3743 sed
3031 3689 3296 3744 intensam
3322 3688 3398 3742 af-

1809 3781 2117 3846 fectionem,
2158 3779 2214 3835 ὅ.
2243 3778 2305 3835 Si
2332 3779 2621 3849 iniquitates
2647 3779 3004 3847 observaveris,
3026 3777 3264 3846 Domine,
3292 3778 3399 3834 Do-

1809 3872 1964 3940 utine,
1989 3871 2102 3942 quis
2129 3870 2431 3926 sustinebit?
2456 3868 2535 3925 Ne
2561 3870 2681 3940 quis
2707 3871 2849 3927 enim
2876 3870 3038 3939 dicat,
3060 3870 3188 3926 Sum
3212 3884 3401 3941 pecca-

1812 3974 1933 4033 tor,
1962 3974 2017 4021 et
2059 3963 2248 4035 plenus
2298 3963 2454 4022 malis
2500 3962 2999 4031 innumerabilibus,
3045 3978 3154 4019 non
3180 3977 3400 4039 possum

1790 4058 2091 4124 accedere,
2145 4072 2322 4123 orare,
2366 4066 2423 4116 et
2464 4054 2633 4117 Deum
2689 4056 2963 4121 invocare,
3010 4054 3151 4111 hanc
3202 4054 3403 4109 tollens

1812 4148 2239 4216 excusationem,
2265 4146 2327 4204 Si
2353 4146 2644 4215 iniquitates
2681 4146 3040 4213 observaveris,
3070 4147 3262 4218 inquit,
3290 4146 3402 4205 Do-

1812 4241 1965 4306 mine,
1995 4239 2230 4306 Domine,
2416 4238 2716 4306 sustinebit.’
2739 4236 2873 4303 Nam
2923 4238 3073 4309 illud,
3111 4237 3258 4307 Quis,
3311 4240 3399 4293 hic

1811 4331 1990 4391 nullus
2010 4338 2115 4388 est.
2145 4331 2327 4403 Neque
2350 4330 2494 4391 enim
2530 4327 2645 4385 ﬁeri
2672 4337 2868 4399 potest,
2898 4337 2956 4383 ut
2978 4329 3024 4385 si
3070 4345 3249 4389 rerum
3277 4342 3309 4385 s
3340 4345 3407 4398 ne

1809 4432 2082 4496 gestarum
2108 4436 2319 4481 summo
2344 4422 2466 4491 jure
2490 4421 2561 4478 ab
2603 4419 2710 4477 ullo
2737 4418 2981 4489 exigatur
3028 4424 3187 4490 ratio,
3233 4421 3403 4492 possit

1811 4529 2064 4585 umquam
2098 4512 2527 4579 misericordiam
2559 4522 2615 4579 et
2641 4514 2979 4576 clementiam
3005 4514 3280 4585 consequi.

1878 4607 1935 4667 2.
1968 4606 2095 4671 Haec
2112 4616 2292 4669 autem
2321 4605 2571 4674 dicimus,
2597 4622 2705 4662 non
2734 4608 3075 4678 impellentes
3093 4606 3305 4671 animos
3338 4610 3393 4663 in

1812 4696 2134 4768 socordiam,
2156 4696 2252 4761 sed
2273 4710 2369 4761 eos
2389 4697 2755 4765 consolantes,
2779 4697 2869 4769 qui
2894 4696 3095 4754 caditat
3124 4697 3176 4754 in
3201 4698 3394 4768 despc-

1812 4790 2098 4851 ratioucm.
2149 4786 2276 4860 Quis
2312 4788 2445 4852 enim
2488 4788 2787 4859 gloriabitur
2830 4804 2887 4843 se
2926 4788 3174 4844 mundum
3220 4788 3403 4854 habere

1813 4894 1923 4947 cor,
1952 4888 2041 4933 aut
2070 4879 2182 4949 quis
2206 4879 2516 4949 conﬁdant
2542 4879 2671 4938 dicet
2709 4896 2763 4937 ss
2802 4896 3109 4952 «separant
3132 4897 3166 4937 ο
3185 4882 3403 4952 peccatis

1814 4968 1997 5043 (Prov.
2026 4969 2117 5039 20,
2147 4969 2241 5040 9)?
2283 4970 2351 5028 Et
2372 4970 2499 5040 quid
2529 4972 2649 5027 dico
2665 4970 2843 5037 alios?
2866 4971 2999 5027 Nam
3027 4972 3239 5038 etiamsi
3263 4972 3404 5039 Pau-

1813 5062 1921 5118 lum
1949 5064 2004 5117 in
2036 5062 2270 5127 medium
2298 5062 2608 5130 adduxere,
2634 5073 2688 5131 et
2713 5079 2902 5118 eorum
2931 5080 3052 5135 quae
3082 5063 3207 5121 fecit
3234 5064 3403 5132 ratio—

1818 5168 1943 5209 nem
1969 5168 2183 5209 summo
2206 5154 2325 5223 jure
2353 5168 2610 5224 exegero,
2655 5169 2726 5217 ne
2751 5155 2946 5226 poterit
2974 5154 3190 5226 quidem
3236 5155 3402 5225 sueti.

1814 5259 1964 5299 nere.
1994 5241 2133 5313 Quid
2159 5242 2304 5298 enim
2330 5244 2527 5319 poterit
2553 5242 2777 5299 dicere?
2822 5244 3115 5314 Prophetas
3144 5244 3291 5315 legit,
3341 5252 3401 5298 ut

1818 5338 1908 5407 qui
1934 5337 2068 5408 legis
2102 5336 2287 5406 patria:
2313 5345 2461 5391 esset
2480 5335 2714 5407 diligens
2738 5336 3019 5392 aemulator
3049 5354 3064 5391 :
3091 5336 3242 5416 signa
3270 5334 3402 5409 vidit

1815 5441 1935 5496 quin
1988 5426 2210 5491 ﬂebant,
2248 5435 2305 5482 et
2350 5436 2527 5482 tamen
2576 5426 2828 5483 manebat
2875 5435 3231 5497 persequutor
3258 5443 3274 5479 :
3305 5442 3406 5483 nec

1815 5519 1963 5587 prius
2000 5516 2205 5573 destitit
2227 5532 2387 5588 quam
2409 5517 2777 5575 admirabilem
2814 5517 2961 5573 illam
2998 5518 3257 5575 visionem
3285 5533 3405 5576 sus—

1813 5609 1998 5681 cepit,
2047 5618 2104 5671 at
2147 5623 2335 5671 vocem
2376 5608 2579 5665 audivit
2633 5609 2972 5671 terribilcmz
3020 5621 3179 5673 alios
3220 5619 3403 5673 eum!)

1813 5701 2013 5757 mansit
2054 5699 2234 5779 omnia
2285 5714 2483 5771 susque
2515 5698 2691 5777 deque
2737 5702 3071 5771 permiscens
3093 5710 3151 5757 et
3174 5699 3404 5756 condono

1814 5790 1965 5847 dens.
1992 5789 2101 5846 illis
2127 5799 2304 5849 tamen
2325 5784 2573 5848 omnibus
2602 5791 2977 5865 pratermissis
3002 5791 3143 5849 Deus
3166 5800 3221 5849 st
3246 5806 3403 5850 voca-
