4218 6430
767 401 883 460 878

766 523 871 586 vit,
898 530 948 576 et
969 533 1152 587 magna
1175 516 1339 586 gratia
1366 515 1579 583 dignum
1608 513 1833 568 censuit.
1866 510 2001 579 Quid
2031 524 2159 565 vero
2187 523 2347 578 cory-

770 614 984 680 pitmum
1004 609 1156 669 illum
1176 606 1385 661 Petrum
1406 606 1431 658 ἲ
1455 619 1559 659 non
1588 614 1703 678 post
1721 599 2120 657 innumerabilia
2140 598 2286 667 signa
2298 604 2352 651 et

777 700 1061 766 miracula,
1103 708 1407 768 tantamque
1461 696 1878 751 admonitionem
1922 701 1977 749 et
2023 688 2350 745 exhortatio-

776 807 918 858 nem,
936 790 1109 861 arguit
1126 789 1177 844 in
1208 787 1572 860 gravissimum
1592 788 1739 841 illum
1767 786 1967 855 lapsum
1985 780 2275 839 cecidisse?
2292 778 2352 835 ll-

777 884 864 936 lnd
892 893 1066 937 tamen
1095 879 1452 950 pmtermisit,
1482 888 1537 935 et
1563 878 1924 947 apostolorum
1960 890 2081 931 eum
2121 872 2350 943 primum

775 973 1066 1027 constituit.
1101 972 1163 1025 Et
1203 970 1322 1025 ideo
1343 971 1475 1024 dixit
1498 988 1512 1023 :
1539 970 1738 1034 Simon,
1772 968 1972 1030 Simon,
1996 982 2105 1019 ecce
2123 962 2353 1033 expetivit

779 1077 984 1120 satanas
1009 1053 1236 1119 'cribrnre
1259 1073 1305 1118 te
1326 1074 1577 1134 tamquam
1609 1062 1827 1115 triticum
1856 1075 1875 1115 :
1904 1076 1996 1131 ego
2021 1068 2186 1111 autem
2216 1054 2355 1109 oraui

775 1174 867 1227 pro
887 1167 957 1220 te,
980 1173 1042 1211 ne
1061 1155 1264 1225 deficiat
1279 1155 1404 1223 ﬁdes
1426 1163 1511 1207 tua
1532 1152 1683 1221 (Luc.
1703 1151 1793 1206 22.
1810 1152 1895 1207 51.
1917 1150 2027 1220 32).
2048 1149 2214 1204 Porro
2234 1155 2355 1215 post

776 1250 1107 1319 unoquoque
1125 1247 1168 1300 si
1190 1260 1293 1299 non
1311 1259 1428 1300 cum
1446 1243 1803 1299 misericordia
1821 1252 1874 1297 et
1886 1239 2163 1295 clementia
2179 1239 2356 1292 veniat

773 1336 840 1391 ad
863 1336 1231 1406 judicandum,
1261 1336 1355 1391 sed
1368 1332 2175 1401 rationemsummojurcexigat,
2200 1330 2355 1399 plane

779 1428 1011 1483 inveniet
1056 1442 1245 1481 omnes
1281 1441 1406 1481 reos
1443 1435 1499 1481 et
1526 1426 1804 1481 obnoxios.
1860 1423 2118 1491 Quocirca
2150 1422 2343 1476 Paulus

780 1533 995 1589 quoque
1018 1517 1225 1573 dicebat
1255 1534 1268 1571 :
1313 1514 1465 1571 Nihil
1489 1515 1613 1570 milii
1636 1515 1866 1570 conscius
1889 1530 2022 1570 sunt.
2055 1512 2143 1566 sed
2168 1528 2270 1565 non
2300 1512 2353 1564 in

775 1614 876 1664 ‘ItOC
892 1610 1202 1679 justiﬁcatus
1229 1624 1338 1662 sunt
1366 1606 1383 1676 (
1412 1608 1461 1661 Ι.
1490 1606 1607 1662 Cor.
1630 1607 1684 1661 4.
1736 1604 1813 1677 4).
1840 1604 1898 1659 Si
1936 1604 2218 1674 iniquitates
2267 1601 2356 1655 ob—

773 1703 1080 1767 semiper-is,
1128 1701 1375 1767 Domine,
1414 1699 1647 1754 Domine.
1681 1696 1948 1768 Repetitio
1996 1705 2079 1751 cst
2124 1710 2229 1749 non
2280 1704 2357 1748 te-

770 1810 943 1857 mere.
976 1808 1075 1849 nec
1103 1794 1199 1847 abs
1246 1808 1324 1857 re,
1356 1791 1452 1846 sed
1477 1790 1791 1845 admirantis
1836 1796 1890 1843 et
1925 1787 2188 1855 stupentis
2222 1785 2353 1840 insi-

773 1900 932 1955 gnem
959 1886 1074 1955 ejus
1106 1883 1467 1949 clementiam,
1499 1890 1550 1937 et
1590 1880 1852 1935 infinitam
1904 1878 2260 1947 tnajestatem.
2301 1884 2355 1929 et

776 1985 981 2028 vastum
1037 1973 1256 2043 pelagus
1302 1972 1417 2041 ejus
1446 1972 1698 2026 bonitatis
1731 1970 1827 2041 (a).
1883 1969 2007 2037 Quis
2051 1966 2356 2022 sustinebit?

774 2054 888 2119 Non
910 2064 1060 2127 dixit,
1091 2064 1221 2132 Quis
1246 2061 1501 2133 effugiet?
1544 2061 1658 2127 sed,
1699 2061 1825 2128 Quit
1866 2058 2353 2128 sustinebit1’sigui-

776 2161 938 2212 ticans
964 2156 1104 2225 quod
1140 2156 1239 2209 nec
1269 2164 1413 2208 stare
1441 2152 1656 2221 quidem
1700 2151 1911 2220 poterit.
1955 2150 2009 2204 4.
2055 2149 2189 2215 Quia
2215 2146 2367 2217 apud
2420 2132 2423 2133 ν

775 2258 822 2299 ιι·
848 2246 1135 2317 propitiatio
1159 2256 1247 2299 est.
1268 2244 1405 2311 Quid
1430 2252 1531 2308 est,
1555 2242 1703 2313 Apud
1731 2252 1777 2295 te
1799 2242 2087 2312 propitiatio
2108 2251 2179 2295 cst
2198 2241 2222 2294 .’
2239 2240 2352 2297 Non

777 2342 827 2393 itt
876 2339 1092 2403 nostris,
1141 2337 1334 2407 inquit,
1367 2344 1513 2390 recte
1543 2334 1732 2397 factis,
1766 2333 1860 2390 sed
1885 2334 1937 2387 in
1984 2344 2071 2387 tua
2117 2333 2353 2387 bonitate

776 2429 899 2483 licet
949 2427 1181 2498 effugere
1206 2425 1547 2496 supplicium.
1578 2423 1648 2480 Ut
1680 2424 1939 2494 judicium
1969 2424 2110 2477 enim
2138 2424 2351 2493 eﬂ'ugia-

776 2535 914 2585 tuus,
964 2519 1015 2572 iu
1049 2528 1137 2572 tua
1182 2516 1465 2571 clementia
1497 2516 1658 2569 situm
1700 2524 1801 2570 est.
1829 2513 1980 2582 Quod
2026 2515 2070 2569 si
2100 2529 2216 2568 eam
2246 2529 2353 2569 non

775 2610 1030 2664 fuerimus
1054 2608 1347 2679 wequuti,
1381 2616 1559 2663 nostra
1592 2621 1699 2662 non
1745 2605 2014 2663 sufficiunt
2050 2607 2117 2661 ad
2149 2622 2247 2662 nos
2285 2608 2353 2661 ab

775 2701 849 2752 ira
884 2700 1050 2754 futura
1069 2700 1388 2768 eripiendos.
2248 2709 2252 2713 '

847 2794 899 2845 5.
940 2792 1051 2847 lloc
1093 2794 1252 2846 etiam
1285 2807 1377 2861 per
1410 2789 1717 2861 prophetam
1764 2790 2067 2860 significans
2094 2788 2304 2845 dicebat
2333 2807 2347 2843 :

779 2881 889 2954 Ego
913 2898 1025 2937 sum
1063 2882 1148 2949 qui
1194 2882 1333 2936 deleo
1374 2881 1658 2951 iniquitates
1693 2890 1806 2936 tuas
1836 2880 2124 2952 (IsaiJS.
2148 2880 2271 2953 25).
2295 2880 2350 2937 Id

772 2978 883 3039 est,
917 2973 1027 3028 lloc
1053 2981 1131 3027 est
1167 2986 1367 3033 meum,
1409 2985 1541 3027 meat
1567 2970 1839 3036 bonitatis,
1874 2984 2007 3026 mea:
2031 2970 2348 3025 elementi-.e.

774 3065 902 3119 Nam
950 3080 1068 3135 qua:
1097 3072 1185 3118 tua
1210 3070 1354 3129 sunt,
1386 3076 1489 3117 non
1529 3060 1799 3116 sufﬁciunt
1850 3075 2099 3131 umquam
2128 3071 2185 3115 ut
2210 3068 2263 3115 te
2290 3061 2357 3116 li-

775 3158 961 3211 herent
1013 3169 1041 3207 a
1092 3153 1368 3223 supplicio,
1421 3151 1523 3207 nisi
1560 3166 1676 3208 mea
1703 3151 1918 3208 accedat
1956 3148 2257 3207 clementia.
2288 3138 2355 3205 Et

777 3259 977 3308 rursus,
1011 3243 1122 3314 Ego
1142 3258 1226 3298 vos
1239 3244 1475 3299 sustineo.
1510 3239 1730 3311 Propter
1757 3257 1936 3307 nomen
1971 3246 2109 3294 tuum
2130 3238 2353 3295 sustinui

776 3348 855 3403 te,
910 3336 1142 3391 Domine.
1200 3335 1450 3391 Sustinuit
1494 3334 1665 3388 anima
1712 3349 1822 3387 mea
1858 3333 1911 3387 in
1954 3331 2156 3387 uerbum
2211 3340 2352 3386 tuum

784 3427 953 3497 (lsai.
984 3427 1074 3482 46.
1120 3426 1215 3495 4).
1271 3424 1328 3480 5.
1375 3423 1608 3494 Speravit
1635 3423 1805 3477 anima
1851 3439 1964 3477 mea
2012 3424 2065 3477 in
2109 3422 2348 3477 Domino.

776 3518 942 3585 Alius,
987 3516 1205 3587 Propter
1245 3516 1403 3587 legem
1445 3524 1605 3572 tuam.
1637 3514 1785 3569 Alius
1828 3528 2031 3581 rursus,
2063 3510 2129 3568 Ut
2165 3529 2353 3583 cogno-

763 3620 942 3664 scatur
979 3606 1177 3662 uerbum
1214 3616 1356 3660 tuum
1398 3602 1495 3676 (b).
1540 3603 1692 3673 Quod
1717 3613 1891 3659 autem
1918 3603 2062 3669 dicit,
2092 3612 2175 3659 est
2201 3603 2348 3673 ejus-

776 3702 937 3757 modi.
997 3701 1218 3771 Propter
1255 3698 1611 3763 clementiam,
1661 3706 1877 3767 propter
1924 3712 2115 3751 nomen
2158 3704 2304 3751 tuum
2332 3740 2346 3764 ,

774 3801 989 3862 propter
1031 3791 1200 3862 legem
1232 3797 1375 3843 tuam
1406 3787 1703 3858 exspectavi
1742 3786 1965 3840 salutem
1992 3804 2005 3840 :
2030 3801 2151 3840 nam
2204 3786 2249 3841 si
2283 3786 2347 3840 ad

779 3897 892 3936 mea
915 3882 1287 3952 respexissent,
1300 3878 1415 3949 jam
1437 3878 1561 3933 olim
1578 3877 1964 3947 desperassent,
1986 3876 2113 3932 olim
2134 3893 2349 3932 omnem

779 3956 1360 4038 fiduciam‘abjecissem
1390 3986 1402 4021 :
1426 3982 1567 4023 nunc
1585 3957 1763 4022 autem
1788 3967 1955 4038 legem
1992 3976 2133 4021 tuam
2155 3977 2207 4021 et
2230 3983 2350 4022 ver-

777 4062 902 4115 bum
933 4071 1077 4115 tuum
1093 4059 1393 4123 attendens,
1413 4060 1605 4113 bonam
1626 4072 1773 4128 spem
1790 4058 2050 4127 concipio.
2071 4057 2349 4126 Quodnam

778 4150 996 4205 verbum
1011 4150 1036 4202 ι
1058 4148 1287 4205 Verbum
1315 4150 1644 4225 clementiae;
1667 4148 1779 4219 ipse
1801 4148 1945 4204 enim
1967 4150 2156 4218 estqui
2181 4150 2310 4204 dicit
2332 4167 2345 4201 :

781 4240 1038 4309 Quantum
1056 4240 1209 4295 distat
1234 4238 1410 4295 ctelum
1431 4255 1463 4292 a
1492 4248 1655 4305 terra,
1683 4247 1876 4293 tantum
1912 4238 2100 4293 distant
2140 4241 2352 4294 consilia

776 4347 887 4384 mea
938 4346 970 4383 a
1006 4331 1214 4383 consilio
1238 4339 1427 4395 vestro,
1456 4331 1505 4382 et
1527 4330 1620 4382 aiat
1660 4343 1786 4383 mete
1808 4344 1839 4380 a
1862 4328 1954 4383 siis
1981 4329 2154 4382 uestris
2180 4327 2347 4398 (leui.

773 4420 867 4477 59.
896 4418 989 4489 9).
1016 4418 1084 4472 Et
1110 4432 1292 4473 rursus
1320 4435 1335 4471 :
1365 4416 1653 4472 Secundum
1673 4418 1984 4470 altitudinem
2011 4418 2122 4471 caeli
2159 4434 2190 4471 a
2216 4428 2349 4471 terra

768 4511 1093 4582 conﬁrmabit
1114 4508 1359 4563 Dominus
1377 4507 1769 4562 misericordiam
1788 4523 1931 4562 suane
1952 4523 2105 4576 super
2123 4509 2350 4563 timentes

767 4604 941 4671 ipsum
985 4598 1167 4673 ('Psal.
1216 4598 1336 4653 102.
1367 4598 1493 4669 ll).
1522 4596 1589 4651 Et
1613 4612 1795 4651 rursus
1837 4613 1852 4649 :
1898 4596 2154 4661 Quantum
2200 4598 2351 4653 distat

768 4694 943 4747 oriens
980 4691 1043 4744 ab
1098 4706 1300 4755 occasu,
1343 4688 1519 4760 procul
1563 4689 1769 4742 remouit
1816 4704 1848 4741 a
1878 4688 2021 4742 nobis
2064 4690 2349 4759 iniquitates

772 4791 971 4835 nostras
1002 4777 1173 4852 (Ibid.
1207 4796 1255 4834 ν.
1289 4778 1356 4833 l2
1375 4777 1561 4851 ).‘lloc
1587 4786 1670 4834 est
1690 4820 1705 4845 ,
1732 4777 1845 4832 Non
1874 4793 1967 4834 eos
1995 4786 2198 4832 tantum
2229 4795 2345 4834 ser-

778 4872 893 4925 vavi
919 4870 1007 4940 qui
1031 4885 1090 4925 se
1118 4879 1260 4925 recte
1283 4877 1581 4940 gesserunt,
1609 4869 1703 4924 sed
1727 4870 1937 4938 peperci
1968 4868 2127 4923 etiam
2160 4884 2347 4937 pecca-

778 4961 1000 5025 toribus,
1044 4970 1099 5015 et
1148 4958 1286 5014 inter
1333 4958 1522 5014 delicta
1570 4969 1655 5011 tua
1691 4959 2037 5028 patrocinium
2063 4974 2262 5023 meum,
2295 4968 2349 5013 et

776 5066 934 5121 quam
964 5053 1037 5107 tui
1065 5065 1244 5107 curam
1272 5065 1422 5121 gero,
1474 5051 1701 5105 ostendi.
1732 5051 1878 5105 Alius
1921 5052 2109 5121 inquit,
2172 5050 2240 5105 Ut
2278 5053 2348 5107 sis

773 5138 1390 5210 terribilis(c),easpectavi
1413 5140 1705 5196 Dominum.
1728 5141 2001 5197 Terribil’s
2024 5145 2109 5198 cui
2126 5144 2147 5197 ἲ
2165 5143 2347 5198 inimi-

864 5280 913 5336 a)
944 5276 1071 5336 Vox,
1094 5274 1327 5336 bonitatis,
1347 5275 1490 5328 deest
1512 5276 1560 5325 in
1578 5276 1737 5334 avi!"
1760 5276 1905 5326 male.

864 5293 891 5328 τι
944 5280 1071 5336 Vox,
1094 5280 1327 5336 bonitatis,
1347 5280 1490 5328 deest
1512 5280 1560 5325 in
1578 5280 1737 5334 avi!"
1760 5280 1905 5326 male.

838 5280 913 5403 ibi
941 5346 1022 5388 Hae
1045 5339 1467 5403 interpretationes
1488 5337 1668 5403 quietae
1692 5346 1746 5387 et
1764 5347 1921 5388 sexu:
1952 5338 2215 5403 Editioztum
2236 5351 2348 5403 esse

775 5396 1017 5467 uidentur.
1040 5407 1153 5467 liam
1177 5396 1239 5467 in
1261 5396 1741 5467 uexatum—Aquileia,
1776 5400 2031 5467 symmaclti
2053 5406 2113 5467 et
2133 5400 2349 5467 't‘lteod‘o-~

776 5462 924 5534 tionis
941 5460 1178 5523 lectiones
1196 5458 1434 5511 habentur
1461 5461 1523 5507 ab
1554 5458 1629 5509 bis
1653 5458 1878 5509 diversw.
1906 5460 2025 5509 Vide
2048 5464 2097 5509 ia
2120 5460 2349 5522 itexaplis

838 5593 1389 5673 ultimarum":
1408 5593 1476 5645 δίε
1495 5593 2008 5673 ιετνίρίιίηενβεδτξιοξρ
2023 5600 2165 5673 ηπ·

776 5652 953 5723 Aquila
974 5662 1027 5705 et
1045 5652 1339 5723 Theodotio,
1366 5658 1521 5721 ἔνεμεν
1562 5656 1648 5705 τοῦ
1672 5658 1840 5723 φρὅυ,
1877 5657 1935 5707 ob
1978 5652 2353 5723 ntelum.'3ym-

776 5716 1005 5775 machus,
1046 5717 1111 5787 E_v.
1156 5734 1202 5766 τ.
1244 5716 1885 5783 νόμου,’ρνοριενίε9εηι,
1929 5732 1985 5769 ac
2027 5724 2068 5771 sl
2116 5716 2345 5787 legisset,

772 5792 915 5853 ΠὯΤΙ
1130 5815 1223 5849 Lxx
1248 5778 1313 5850 ινζ
1338 5818 1382 5851 τ.
1408 5778 1655 5865 δνεμάτος,
1679 5778 1877 5866 propter
1902 5796 2093 5855 nomen.

1491 399 1547 453 S.
1588 395 1863 451 JUANNIS
1890 388 2365 451 (ZHIlYSOSTOSII
2406 390 2717 446 ARCllIl-Ll'.
2759 384 3293 444 (ZUNSTANTINOP.

3950 389 4062 442 376

2464 509 2561 569 (:ls,
2596 504 3007 568 insidiatotibns,
3038 505 3098 558 iis
3127 506 3213 574 qui
3260 503 3385 557 mihi
3417 504 3603 557 infensi
3630 514 3771 556 sunt.
3806 503 3944 571 Quid
3974 516 4063 555 est

2460 608 2667 661 rursus,
2694 591 2918 665 Propter
2964 610 3143 647 nomen
3181 594 3368 649 tuum?
3406 592 3677 661 Quamvis,
3730 593 3921 663 inquit,
3954 608 4063 663 ego

2457 688 2557 741 sim
2584 697 2853 757 peccator,
2886 696 2939 742 et
2970 687 3158 755 plenus
3187 688 3341 741 malis
3371 687 3866 751 innumerabilibus,
3914 689 4063 741 scie-

2460 778 2579 832 bam
2611 789 2808 844 tamen,
2836 794 2906 833 ne
2930 793 3125 833 nomen
3176 791 3324 832 tuum
3385 778 3775 849 profanaretur,
3832 778 3948 833 fore
3996 790 4063 832 ιιι

2458 885 2557 925 nos
2586 879 2869 940 pereuntes
2893 870 3112 925 minime
3138 870 3465 938 despiceres.
3498 870 3647 938 Quod
3675 871 3789 940 ipse
3836 886 4061 941 quoque

2458 959 2592 1014 dixit
2618 960 2673 1013 in
2702 960 3023 1015 Ezechiele:
3060 958 3179 1013 Non
3222 970 3432 1029 propter
3487 976 3573 1014 eos
3621 977 3712 1031 ego
3758 961 3914 1031 facio,
3964 960 4058 1014 sed

2460 1060 2665 1118 propter
2718 1066 2901 1105 nomen
2937 1067 3121 1115 meum,
3154 1061 3208 1103 ut
3256 1067 3357 1104 non
3398 1052 3692 1121 profanetur
3722 1052 3854 1105 inter
3882 1062 4061 1123 gentes

2464 1138 2689 1211 (Ezech.
2720 1142 2809 1196 36.
2840 1140 2910 1195 22
2936 1142 2977 1213 ).
3020 1142 3132 1196 lloc
3182 1151 3285 1207 est,
3327 1143 3433 1198 Nos
3463 1144 3675 1211 quidem
3706 1160 3810 1198 non
3863 1160 4059 1199 sumus

2459 1230 2601 1300 digni
2646 1232 2734 1300 qui
2787 1246 3083 1297 servemur,
3114 1248 3287 1302 neque
3331 1250 3396 1287 ex
3450 1234 3608 1289 rebus
3647 1248 3675 1286 a
3708 1234 3862 1289 nobis
3886 1237 4061 1304 gestis

2461 1323 2566 1376 ulla
2596 1323 2731 1377 bona
2762 1338 2856 1393 spe
2882 1325 3145 1394 ducimur,
3169 1326 3263 1381 sed
3299 1337 3673 1396 exspectamus
3694 1325 3806 1382 fore
3836 1338 3892 1381 ut
3916 1344 4056 1383 cuu-

2460 1431 2736 1473 servemur
2780 1425 2993 1488 propter
3023 1434 3217 1475 nomen
3256 1430 3425 1484 tuum,
3450 1434 3618 1489 caque
3667 1420 3818 1474 nobis
3866 1420 4057 1475 relicta

2460 1518 2540 1562 est
2585 1524 2708 1577 spes
2753 1511 2956 1566 salutis.
2989 1510 3172 1576 Alius,
3210 1510 3423 1581 Pr0pter
3463 1522 3646 1564 metum
3683 1513 3899 1565 sustinui
3940 1504 4055 1566 Do-

2459 1600 2671 1653 minum.
2698 1602 2869 1668 Alius,
2906 1601 3123 1671 Propter
3147 1602 3304 1672 legem
3338 1604 3552 1657 sustinui
3591 1603 3883 1657 Dominum.
3919 1604 4054 1659 Sus-

2460 1690 2605 1743 tinuit
2661 1692 2832 1751 am‘nta
2886 1709 2996 1746 mea
3042 1694 3095 1747 in
3154 1695 3300 1748 verba
3354 1704 3458 1747 tuo.
3501 1695 3681 1757 Altus,
3725 1692 4055 1764 Exspectuuit

2459 1782 2629 1833 anima
2652 1798 2758 1835 mea
2779 1782 2979 1836 verbum
3004 1786 3113 1847 eius
3142 1784 3236 1857 (tt).
3260 1786 3427 1848 Alius,
3460 1786 3710 1841 Sustinuit
3726 1788 3896 1841 anima
3914 1803 4053 1849 mea.

2460 1880 2504 1923 et
2528 1871 2724 1925 verbum
2753 1874 2861 1941 ejus
2886 1877 3184 1943 exspectaui.
3207 1876 3317 1931 Hoc
3334 1886 3437 1943 est,
3465 1876 3538 1931 Ex
3562 1878 3836 1947 promissis
3863 1888 3917 1933 ει
3940 1878 4050 1933 ιη.

2460 1964 2741 2031 quentibus
2780 1965 3247 2033 pollicitationibus
3272 1969 3339 2023 de
3368 1970 3691 2039 benignitate
3719 1970 3834 2038 ejus
3860 1980 3917 2025 et
3936 1971 4053 2025 cic-

2460 2058 2658 2111 ntcntia
2686 2069 2949 2126 sumptam
2977 2074 3181 2113 sacram
3212 2060 3371 2115 habui
3412 2076 3683 2127 ancoram,
3703 2077 3800 2116 nec
3825 2062 3893 2117 de
3924 2078 4047 2117 mea

2460 2146 2629 2201 salute
2650 2162 2798 2217 Spem
2838 2150 3031 2217 abjeci.
3060 2152 3112 2205 6.
3144 2153 3188 2203 Α
3217 2152 3447 2205 custodia
3473 2155 3719 2206 matutina
3770 2170 3929 2223 usque
3981 2156 4051 2207 ad

2460 2248 2652 2290 noctem
2672 2249 2835 2308 speret
2859 2238 3023 2296 Israel
3043 2244 3093 2295 in
3127 2240 3363 2296 Domino.
3395 2242 3524 2297 Tota
3557 2245 3683 2311 vita,
3715 2245 3918 2313 inquit,
3948 2244 4050 2298 huc

2459 2338 2558 2393 est,
2588 2330 2742 2383 Omni
2766 2331 2853 2386 die
2879 2348 2943 2386 ac
2990 2342 3165 2389 nocte.
3203 2333 3340 2387 Nihil
3393 2345 3474 2389 est
3526 2336 3667 2389 enim
3715 2336 3781 2389 ad
3822 2338 4049 2391 salutent

2462 2414 2833 2486 prxstaltilius,
2876 2436 3033 2491 quam
3066 2435 3321 2492 perpetuo
3351 2424 3497 2479 illum
3542 2426 3831 2493 respicere,
3881 2435 3937 2480 et
3981 2428 4051 2481 ab

2461 2510 2546 2563 illa
2596 2526 2693 2579 spe
2724 2512 2975 2581 pendere,
3030 2514 3148 2569 licet
3198 2516 3473 2571 innumera
3514 2517 3774 2582 accidant,
3803 2533 3922 2587 qua:
3950 2533 4051 2572 nos

2459 2601 2730 2669 impellant
2756 2603 2805 2655 in
2832 2604 3275 2673 desperationem.
3308 2606 3402 2660 llic
3426 2618 3507 2661 est
3539 2624 3720 2662 murus
3747 2608 4009 2664 infractus
4030 2650 4047 2674 ,

2459 2694 2649 2748 invicta
2677 2696 2929 2762 munitio,
2976 2697 3134 2751 turris
3174 2698 3617 2768 inexpugnabilis.
3665 2699 3775 2754 Etsi
3802 2714 3931 2771 ergo
3963 2716 4052 2754 res

2457 2785 2723 2839 minentur
2756 2798 2995 2853 mortem,
3028 2788 3339 2857 periculum,
3380 2799 3435 2843 et
3464 2790 3757 2855 interitum,
3811 2807 3875 2846 ne
3904 2791 4049 2846 deei-

2456 2884 2566 2930 Stas
2610 2892 2827 2945 sperare
2878 2879 2929 2931 in
2973 2878 3177 2945 Deum,
3208 2888 3257 2932 et
3289 2890 3604 2947 exspectare
3640 2880 3758 2950 ejus
3793 2881 4047 2935 salutem.

2456 2964 2645 3019 Omnia
2678 2976 2801 3021 sunt
2831 2966 2901 3021 illi
2938 2966 3104 3021 facilia
3134 2977 3189 3022 et
3224 2969 3492 3037 expedita,
3550 2981 3603 3025 et
3654 2971 3736 3025 vel
3778 2972 3827 3025 in
3885 2971 4052 3025 rebus

2459 3056 2787 3113 difﬁcillimis
2834 3069 2889 3113 et
2941 3044 3359 3128 impeditissimis
3403 3062 3603 3115 cxitutu
3662 3062 3912 3116 inveniet.
3968 3060 4051 3117 Ne

2458 3158 2705 3219 exspecta
2735 3165 2864 3219 ergo
2893 3149 3007 3207 fore
3031 3159 3085 3206 ut
3112 3152 3285 3206 solum
3311 3152 3403 3207 tibi
3426 3153 3565 3207 adsit
3585 3153 3856 3217 auxilium,
3882 3154 3929 3209 si
3957 3170 4052 3209 res

2456 3242 2705 3296 secunda:
2733 3240 2950 3297 afﬂuant
2970 3260 2984 3296 :
3006 3243 3099 3298 sed
3132 3253 3255 3299 tunc
3280 3244 3529 3308 maxime,
3554 3244 3763 3315 quando
3790 3254 3915 3299 sunt
3940 3245 4046 3299 ﬂu-

2457 3340 2574 3387 ctus
2619 3333 2858 3398 maximi,
2911 3340 2968 3388 et
3005 3333 3296 3389 vehemens
3340 3343 3645 3404 tempestas,
3669 3347 3720 3389 et
3742 3341 4048 3390 extremum

2457 3424 2699 3478 imminet
2727 3424 3038 3494 periculum.
3066 3424 3215 3479 Tunc
3255 3424 3397 3480 enim
3435 3426 3665 3480 maxime
3695 3426 3833 3481 Deus
3882 3440 4039 3480 suam

2456 3514 2691 3570 ostendit
2728 3515 3036 3586 potentiam.
3064 3514 3177 3570 Hoc
3202 3524 3285 3570 est
3311 3529 3438 3585 ergo
3463 3515 3603 3586 quod
3626 3515 3754 3571 dicit
3781 3535 3793 3571 :
3818 3517 4048 3586 Oportet

2458 3606 2511 3659 in
2537 3605 2700 3661 Deum
2728 3616 2983 3676 perpetuo
2998 3620 3234 3675 sperare,
3264 3614 3376 3660 toto
3399 3605 3516 3659 vita:
3539 3615 3795 3676 tempore.
3824 3607 3875 3661 7.
3906 3606 4046 3674 Quia

2454 3696 2595 3764 apud
2643 3693 2917 3750 Dominum
2971 3696 3313 3765 misericordia
3331 3735 3347 3761 ,
3397 3707 3444 3751 et
3484 3697 3685 3767 copiosa
3732 3698 3874 3766 apud
3927 3714 4044 3751 εκιιι

2454 3787 2749 3855 redemptio.
2772 3787 2825 3842 8.
2854 3784 2923 3839 Et
2948 3786 3055 3854 ipse
3078 3786 3285 3839 redimet
3308 3784 3479 3841 Israel
3503 3786 3567 3839 ab
3590 3786 3818 3839 omnibus
3846 3787 4036 3856 iniqui-

2457 3876 2641 3929 tatibus
2684 3874 2815 3947 ejus.
2846 3876 2981 3943 Quid
3011 3885 3127 3942 est,
3178 3875 3331 3946 Apud
3358 3874 3630 3930 Dominum
3651 3879 3997 3932 misericordia
4016 3878 4042 3917 ⁹

2457 3964 2597 4020 Fons
2624 3975 2677 4020 et
2719 3966 3016 4029 thesaurus,
3063 3964 3253 4036 inquit,
3284 3966 3389 4020 illic
3416 3974 3498 4021 est
3524 3966 3822 4021 clementia:
3846 3982 4038 4038 perpe-

2456 4066 2546 4111 tuo
2595 4058 2906 4113 scaturiens.
2938 4057 3039 4113 Ubi
3063 4068 3237 4112 autem
3265 4068 3348 4113 est
3393 4057 3773 4125 misericordia,
3809 4060 3916 4115 illic
3952 4071 4039 4116 est

2453 4153 2612 4205 etiam
2638 4151 2933 4219 redemptio
2958 4170 2972 4205 :
2995 4164 3094 4205 nec
3120 4150 3292 4205 solum
3322 4151 3634 4221 redemptio,
3665 4168 3847 4208 verum
3873 4155 4032 4209 etiam

2456 4242 2618 4296 multa
2644 4256 2707 4295 ac
2738 4243 2973 4310 copiosa,
3017 4249 3072 4295 et
3114 4241 3430 4295 immensum
3472 4243 3689 4314 pelagus
3710 4245 4030 4301 clementiae.

2457 4331 2568 4385 Etsi
2597 4345 2724 4400 ergo
2752 4344 2935 4385 sumus
2959 4345 2987 4383 a
3027 4332 3259 4399 peccatis
3299 4330 3515 4400 proditi.
3540 4348 3646 4388 non
3669 4342 3878 4403 oportet
3905 4350 4034 4390 con-

2452 4422 2630 4476 cidere
2656 4462 2668 4485 ,
2708 4435 2806 4476 nec
2842 4421 3145 4489 desperare.
3176 4419 3274 4477 Ubi
3305 4423 3446 4475 enim
3478 4433 3560 4478 est
3586 4423 3947 4479 misericordia
3976 4437 4031 4481 et

2452 4513 2754 4579 clementia,
2791 4528 2895 4568 non
2938 4514 3221 4581 exiguntur
3265 4522 3372 4567 tam
3406 4522 3667 4568 accuratae
3714 4514 4027 4571 delictorum

2454 4601 2703 4678 rationes,
2728 4603 2909 4673 judice
2937 4599 3153 4675 propter
3178 4620 3423 4676 magnam
3475 4605 3890 4662 misericordiam
3910 4649 3925 4671 .
3976 4623 4030 4666 et

2454 4696 2761 4749 tnultam'ad
2791 4696 3125 4751 clementiam
3167 4697 3594 4765 propensionem,
3618 4699 3778 4752 multa
3810 4711 4030 4767 praeter-

2452 4794 2715 4841 currente.
2750 4785 3059 4855 llujusmodi
3091 4787 3231 4838 enim
3273 4795 3354 4839 est
3380 4785 3540 4851 Deus,
3578 4803 3771 4857 nempe
3793 4790 3861 4842 ad
3892 4793 4028 4845 assi-

2452 4878 2552 4932 due
2577 4878 2937 4932 miserendum
2959 4889 3009 4931 et
3032 4872 3409 4945 ignoscendum
3440 4893 3731 4947 propensus
3751 4892 3800 4933 et
3829 4883 4026 4949 proeli.-

2451 4970 2553 5023 vis.
2584 4968 2646 5023 Et
2675 4971 2782 5038 ipse
2800 4969 3004 5021 redimet
3029 4966 3197 5022 Israel
3219 4969 3279 5021 ab
3295 4968 3522 5023 omnibus
3539 4970 3878 5040 iniquitatibus
3898 4976 4025 5044 ejus.

2452 5061 2507 5116 Si
2536 5076 2663 5132 ergo
2689 5064 2758 5115 ita
2788 5070 2872 5115 est
2918 5060 3109 5129 ubique
3135 5060 3321 5115 diffusa
3354 5062 3467 5129 ejus
3494 5062 3791 5117 clementia:
3820 5068 4026 5135 magni-

2453 5153 2597 5219 ludo,
2624 5155 2826 5209 clarum
2843 5164 2926 5208 est
2945 5167 3064 5207 eum
3086 5167 3203 5207 esse
3226 5155 3474 5223 populum
3498 5167 3651 5207 suum
3670 5163 4024 5223 servaturum,

2450 5255 2502 5299 et
2518 5245 2860 5299 liberaturum
2878 5258 2979 5295 uon
2997 5243 3163 5296 solum
3176 5258 3206 5296 a
3218 5243 3499 5311 supplicio,
3519 5244 3611 5297 sed
3628 5243 3785 5297 etiam
3800 5260 3828 5298 a
3849 5259 4030 5313 pecea-

2452 5337 2537 5390 tis.
2558 5336 2683 5391 Haec
2702 5350 2829 5403 ergo
2843 5348 2961 5387 cum
2979 5336 3226 5396 sciamus,
3252 5348 3659 5403 perseveremus
3678 5345 3958 5404 precantes
3977 5350 4031 5397 et

2451 5435 2663 5481 orantes
2692 5443 2705 5479 ε
2733 5435 2785 5480 ει
2824 5438 3106 5494 numquam
3134 5422 3475 5486 desistatnus,
3503 5423 3615 5478 sive
3638 5426 3935 5494 acceperim
3948 5444 4025 5489 us,

2474 5611 2478 5613 ‘
2513 5602 2587 5665 (η)
2620 5603 2701 5665 ttle
2726 5602 2972 5663 interpres
2994 5609 3069 5650 est
3093 5600 3217 5650 forte
3238 5600 3559 5664 Symmachus.
3584 5601 3721 5661 cujus
3744 5608 3908 5665 tamen
3948 5616 4029 5651 no-

2449 5663 2574 5713 men
2601 5664 2660 5712 ad
2685 5663 2810 5713 hunc
2831 5674 3023 5711 versum
3063 5663 3295 5724 nusquam
3320 5671 3631 5711 memoratur.
3656 5671 3876 5724 sequens
3894 5663 4029 5721 juxta

2449 5738 2596 5785 quem
2617 5736 2810 5785 versum
2829 5730 2920 5778 est.
2937 5724 3151 5774 sustinuit
3169 5721 3332 5773 animo
3355 5736 3479 5784 mea,
3494 5731 3573 5775 est
3594 5721 3781 5785 Aquila,
3798 5730 3850 5771 ut
3869 5725 4038 5772 videns

2454 5784 2502 5834 in
2526 5792 2672 5849 Ilcxaj
2691 5784 2751 5834 lis
2775 5787 2966 5834 nostris.
