4218 6424
794 369 902 422 577

785 487 878 539 καὶ
902 484 994 537 τὸν
1016 480 1207 553 καιρὸν
1237 481 1480 556 ἀκριϐῶς
1504 478 1642 540 οἶδεν
1661 485 1843 551 αὐτός.
1882 486 2149 557 Μένωμεν
2177 485 2356 540 τοίνυν

786 571 1142 634 ίκετεύοντες,
1198 570 1663 641 παρακαλοῦντες,
1700 571 2026 643 θαρροῦντες
2070 572 2233 626 αὐτοῦ
2279 570 2360 641 τῷ

784 658 925 714 ἐλέει
952 666 1045 711 καὶ
1071 658 1138 727 τῇ
1169 656 1565 729 φιλανθρωπίᾳ,
1596 660 1691 712 καὶ
1726 658 1994 731 μηδέποτε
2023 660 2121 731 τὴν
2150 659 2360 713 ἐαυτῶν

783 745 1251 817 ἀπογινώσκωμεν
1312 746 1604 818 σωτηρίαν,
1658 747 1794 801 ἀλλά
1826 749 1897 802 τὰ
1954 748 2085 820 παρ’
2152 746 2358 801 ἐαυτῶν

786 835 1163 906 είσφέρωμεν,
1197 836 1291 901 καὶ
1336 836 1553 900 πάντως
1594 836 1782 905 ῑψεται
1818 836 1886 890 τά
1936 838 2066 907 παρ’
2101 835 2309 889 ἐκείνου
2340 873 2355 899 ,

787 924 975 994 ἐπειδὴ
1003 925 1207 993 ἄφατον
1227 924 1357 996 παρ’
1377 924 1525 995 αὐτῷ
1553 924 1613 977 16
1635 925 1781 988 ἔλεος
1803 924 1898 978 καὶ
1924 925 2149 993 ἄπειρος
2177 927 2211 994 ή
2243 922 2361 991 φιλ·-

786 1012 1104 1079 ανθρωπία’
1134 1007 1202 1083 ἦς
1235 1010 1443 1079 γένοιτο
1476 1013 1685 1075 πάντας
1733 1014 1883 1084 ἡμᾶς
1927 1012 2224 1081 ἐπιτυχεῖν,
2259 1009 2359 1079 χά-

790 1114 899 1169 ριτι
926 1098 1017 1150 καὶ
1041 1097 1419 1169 φιλανθρωπίᾳ
1448 1097 1541 1150 τοῦ
1574 1098 1781 1169 Κυρίου
1804 1096 1960 1169 ήμῶν
2011 1096 2183 1166 Ἰησοῦ
2223 1097 2360 1167 Χρι-

788 1184 936 1250 στοῦ,
967 1185 1084 1257 μεθ’
1113 1182 1175 1240 οῦ
1201 1185 1278 1256 τῷ
1308 1187 1481 1255 Πατρὶ
1513 1188 1546 1255 ἡ
1585 1185 1711 1251 δόξα
1766 1186 1882 1256 ἄμα
1915 1184 1989 1255 τῷ
2025 1185 2165 1256 ἁγίῳ
2192 1183 2362 1237 Πνεύ-

790 1290 944 1343 ματι,
972 1274 1051 1337 είς
1087 1275 1211 1337 τοὺς
1238 1272 1442 1336 αίῶνας
1464 1272 1571 1325 τῶν
1608 1271 1839 1326 αἰώνων.
1881 1272 2073 1344 ’Δμήν.

1192 1420 1299 1473 ΕΙΣ
1328 1421 1465 1474 ΤΟΝ
1492 1422 1597 1474 ΡΛ¹
1621 1420 1944 1481 ΨᾹΛΜΟΝ.

788 1518 984 1588 Κύριε,
1013 1521 1126 1589 οὐχ
1162 1518 1371 1588 ὑψώθη
1415 1520 1454 1587 ἠ
1485 1519 1699 1588 καρδία
1719 1537 1859 1589 μου,
1891 1518 2033 1573 οὐδὲ
2060 1518 2363 1589 ἐμετεωρί-

858 1606 1096 1671 σθησαν
1148 1606 1200 1659 oi
1229 1603 1524 1672 ὀφθαλμοί
1559 1621 1695 1670 μου.
1748 1602 1959 1665 ⁸Ἄλλος·
2022 1602 2175 1657 Οὐδὲ
2206 1600 2365 1672 ὑψώ-

859 1690 1076 1754 θησαν.
1124 1686 1274 1740 Οὐδὲ
1312 1686 1644 1754 ἐπορεύθην
1684 1685 1755 1738 ἐν
1777 1684 2083 1754 μεγάλοις,
2127 1684 2269 1738 οὐδὲ
2293 1686 2365 1739 ἐν

860 1768 1214 1837 θαυμασίοις
1233 1769 1383 1836 ὑπὲρ
1406 1767 1527 1838 ἐμέ.
1548 1768 1756 1833 Ἀλλος,
1785 1769 2362 1837 Ἐνμεγαλωσύναις.

862 1850 1073 1914 ⁸Ἄλλος,
1110 1852 1700 1920 Ἐνμεγηλειότησιν,
1720 1849 1862 1904 οὐδὲ
1878 1850 2365 1919 ὑπερϐάλλουσιν

859 1932 1013 1999 ὑπὲρ
1035 1931 1159 2002 ἐμέ.

862 2043 929 2102 τί
952 2049 1147 2115 τοῦτο;
1190 2049 1250 2102 ὐ
1280 2049 1509 2116 Παῦλος,
1545 2051 1639 2103 καὶ
1661 2050 1907 2122 ἀνάγκης
1931 2049 2118 2122 οῦσης,
2155 2050 2215 2103 16
2243 2051 2369 2105 ἐαυ-

793 2136 884 2189 τδν
930 2135 1296 2207 ἐγκωμιάζειν
1337 2137 1647 2207 ἀφροσύνην
1689 2136 1839 2207 φησί’
1874 2136 1953 2191 616
1980 2139 2078 2191 καὶ
2121 2140 2365 2208 ἐπήγαγε

794 2223 986 2291 λέγων·
1064 2224 1294 2293 Γέγονα
1345 2224 1547 2292 ἄφρων
1596 2224 1996 2292 καυχώμενος·
2061 2224 2232 2292 ὑμεῖς
2288 2241 2365 2293 με

794 2309 1198 2379 ἠναγκάσατε.
1234 2311 1359 2373 Πῶς
1398 2305 1490 2364 οὖν
1518 2309 1675 2363 τοῦτο
1713 2310 1977 2382 ἠγνόησεν
2017 2310 2047 2363 ό
2080 2308 2368 2382 Προφήτης

797 2398 893 2451 καὶ
928 2400 1192 2469 καυχᾶται
1218 2397 1313 2453 νῦν
1350 2399 1450 2451 οὐκ
1483 2397 1574 2450 ἐπὶ
1599 2397 1713 2463 δύο,
1745 2399 1841 2463 καὶ
1878 2397 2066 2470 τριῶν,
2092 2399 2187 2452 καὶ
2213 2397 2366 2464 δέκα,

796 2486 912 2540 ἀλλ’
945 2485 1037 2538 ἐπὶ
1073 2485 1173 2556 τῆς
1212 2484 1537 2556 οἰκουμένης
1571 2484 1810 2555 ἀπάσης,
1842 2487 1936 2539 καὶ
1974 2487 2236 2555 καυχᾶται
2280 2484 2371 2539 λέ-

798 2588 933 2641 γων,
964 2569 1232 2635 Ταπεινός
1260 2573 1375 2643 είμι
1422 2572 1515 2625 καὶ
1556 2570 1796 2643 μέτριος,
1826 2571 1922 2625 καὶ
1952 2572 2206 2635 ταπεινὸς
2249 2572 2369 2626 καθ’

802 2661 1127 2732 ὑπερϐολὴν,
1158 2661 1253 2713 καὶ
1274 2658 1512 2725 άπλοῦς;
1543 2660 1713 2714 Τοῦτο
1734 2659 1841 2731 γάρ
1867 2661 1983 2714 ἐστι
2003 2660 2083 2725 16,
2120 2660 2213 2726 Ὠς
2233 2662 2374 2715 ἀπο-

802 2746 1348 2819 τετιιιακτισμένον
1391 2748 1489 2802 ἐπὶ
1539 2749 1657 2816 τὴν
1695 2747 1921 2818 μητέρα
1971 2749 2178 2805 αὐτοῦ.
2217 2749 2374 2813 Τίνος

799 2830 896 2890 οὖν
924 2835 1109 2889 ῑνεκεν
1133 2834 1293 2888 τοῦτο
1312 2838 1488 2901 ποιεῖ;
1521 2836 1643 2890 Ὀτι
1667 2836 1729 2889 06
1761 2834 2033 2905 πανταχοῦ
2057 2835 2120 2888 16
2146 2836 2376 2906 πρᾶγμα

804 2921 1128 2987 κεκώλυται,
1156 2923 1272 2977 ἀλλ’
1289 2923 1436 2979 ἐστιν
1467 2926 1599 2977 ὅπου
1632 2925 1725 2977 καὶ
1756 2924 2048 2991 ἀναγκαῖόν
2080 2925 2217 2985 ἐστι,
2243 2923 2377 2993 μᾶλ-

803 3009 894 3064 λον
918 3009 976 3063 δέ
1008 3010 1154 3063 ιστιν
1185 3010 1319 3064 ὅπου
1346 3011 1408 3063 οὐ
1432 3009 1791 3081 καυχώμενοι,
1824 3010 1959 3065 ἀλλὰ
1994 3010 2069 3081 μὴ
2092 3010 2378 3081 καυχώμεο

804 3111 907 3159 νοι,
962 3095 1191 3167 ἄφρονες
1239 3096 1519 3165 γινόμεθα.
1548 3096 1640 3149 Διὸ
1678 3097 1771 3150 καὶ
1812 3098 1841 3150 6
1880 3097 2089 3160 Παῦλος
2118 3096 2285 3165 λέγει’
2322 3097 2376 3149 Ὀ

806 3180 1207 3253 καυχώμενος,
1247 3183 1317 3237 ἐν
1347 3180 1547 3250 Κυρίῳ
1576 3181 1916 3252 καυχάσθω.
1946 3184 2057 3237 Καὶ
2092 3182 2199 3254 γὰρ
2226 3186 2256 3237 6
2284 3183 2378 3237 ἐπὶ

806 3269 883 3341 τῷ
909 3270 1125 3341 σταυρῷ
1162 3270 1236 3341 μὴ
1261 3271 1612 3340 καυχώμενος
1636 3272 1852 3324 πάντων
1876 3271 2021 3324 ἐστὶν
2046 3271 2379 3341 ἀφρονέστα-

806 3372 899 3419 τος
946 3357 1041 3409 καὶ
1070 3356 1548 3427 παρανομώτατοςθ
1580 3357 1610 3409 6
1651 3354 1801 3428 [372]
1835 3358 1927 3409 ἐπὶ
1970 3360 2035 3427 τῇ
2079 3357 2259 3411 πίστει
2304 3359 2379 3429 μὴ

812 3442 1161 3514 καυχώμενος
1191 3445 1407 3498 πάντων
1437 3444 1588 3497 ἐστὶν
1612 3442 1955 3509 ἀθλιώτερος·
1984 3445 2013 3497 6
2044 3443 2135 3496 ἐπὶ
2170 3444 2380 3508 τούτοις

814 3528 889 3604 μὴ
910 3528 1259 3601 καυχώμενος
1283 3529 1377 3583 καὶ
1404 3527 1911 3603 παρρησιαζόμενος
1938 3530 2217 3584 ἀπολεῖται
2240 3532 2379 3585 πάν-

808 3634 937 3680 τως.
965 3617 1063 3670 Διά
1089 3615 1245 3669 τοῦτο
1269 3612 1488 3687 θαρρῶν
1511 3618 1540 3670 6
1555 3612 1883 3678 ’Δπόστολος
1899 3612 2102 3683 ἔλεγεν⁸
2130 3618 2285 3687 Ἐμοὶ
2311 3618 2381 3671 δὲ

807 3702 893 3774 μὴ
932 3703 1162 3773 γένοιτο
1194 3700 1553 3773 καυχᾶσθαι,
1586 3702 1638 3757 εί
1674 3699 1761 3769 μὴ
1791 3702 1862 3755 ἐν
1890 3700 1971 3766 τῷ
2002 3702 2243 3771 σταυρῷ
2273 3703 2380 3758 τοῦ

812 3791 1032 3859 Κυρίου
1057 3788 1225 3860 ἡμῶν
1252 3789 1457 3859 Ἰησοῦ
1478 3788 1755 3859 Χριστοῦ.
1786 3789 1895 3843 Kal
1915 3789 2096 3843 πάλιν
2123 3790 2219 3859 Μὴ
2240 3808 2384 3845 καυ-

816 3877 1021 3947 χάσθω
1054 3881 1086 3932 d
1126 3878 1421 3944 πλούσιος
1455 3878 1527 3932 ἐν
1552 3875 1630 3943 τῷ
1668 3877 1907 3946 πλρύτῳ
1938 3877 2146 3940 αὐτοῦ,
2169 3877 2322 3947 μηδέ
2350 3881 2384 3933 ό

815 3963 1011 4033 σοφὸς
1035 3965 1106 4017 ἐν
1136 3963 1212 4031 τῇ
1248 3966 1433 4033 σοφίᾳ
1464 3964 1671 4029 αὐτοῦ,
1695 3964 1832 4018 ἀλλ’
1858 3964 1930 4018 ἐν
1948 3965 2135 4029 τούτῳ
2161 3963 2386 4033 καυχά-

816 4054 965 4115 σθω,
1005 4051 1076 4105 ἐν
1109 4049 1188 4116 τῷ
1213 4050 1450 4105 συνιεῖν
1473 4061 1493 4082 ⁸
1519 4051 1617 4106 καί
1648 4050 1965 4119 γινώσκειν
2001 4049 2109 4104 τὸν
2145 4052 2381 4118 Κύριον.

822 4137 943 4201 Ιῐῶς
962 4138 1018 4192 δέ
1039 4138 1208 4192 κακὸν
1227 4139 1287 4191 16
1310 4138 1609 4209 καυχᾶσθαι
1628 4156 1643 4205 ;
1660 4139 1783 4192 Ἐὰν
1804 4139 1878 4202 ὠς
1896 4141 1925 4193 6
1942 4140 2235 4209 Φαρισαῖος
2256 4138 2386 4192 αὐτὸ

819 4224 1082 4295 ποιῶμεν.
1119 4225 1230 4277 Kal
1258 4225 1347 4279 διὰ
1378 4226 1449 4291 τί,
1486 4226 1669 4296 φησιν,
1696 4227 1725 4278 6
1747 4225 1957 4289 Παῦλος
1983 4222 2125 4289 εἷπε,
2157 4226 2387 4294 Γεγονα

818 4313 1024 4382 ἄφρων
1066 4310 1468 4379 καυχώμενος*
1510 4313 1681 4382 ὑμεῖς
1706 4329 1783 4381 με
1820 4312 2238 4382 rima-mitrata;
2267 4313 2386 4367 ’Ότι

822 4401 890 4451 τά
915 4398 1313 4469 κατορθώματα
1338 4398 1503 4453 αὑτοῦ
1539 4398 1774 4468 διηγεῖτο
1798 4399 1868 4452 τά
1899 4401 1989 4453 ἐπὶ
2019 4398 2114 4452 τοῦ
2150 4399 2264 4470 βίου
2295 4400 2388 4453 καὶ

822 4487 922 4556 τῆς
948 4485 1240 4549 πολιτείας,
1270 4485 1413 4555 άπερ
1442 4486 1542 4539 οὐκ
1576 4486 1682 4540 ἔδει
1708 4487 1999 4557 προφέρειν
2033 4486 2276 4557 ἀνάγκης
2312 4488 2387 4558 μὴ

822 4573 1006 4645 οθσης.
1042 4573 1296 4645 ’Δλλαχοῦ
1336 4574 1392 4627 δέ
1434 4591 1619 4646 φησιν·
1662 4576 1797 4629 Ἐὰν
1839 4575 1937 4630 καὶ
1973 4576 2209 4643 θελήσω
2246 4594 2389 4630 καυ-

826 4658 1149 4729 χήσασθαι,
1180 4662 1291 4715 οὐκ
1326 4661 1537 4730 ἔσομαι
1562 4661 1782 4731 ἄφρων·
1818 4662 2105 4730 ἀλήθειαν
2128 4663 2237 4733 γὰρ
2257 4662 2388 4732 ἐρῶ.

828 4750 988 4801 Ὥστε
1026 4750 1056 4803 6
1092 4747 1171 4802 τάι
1184 4747 1359 4820 ἀληθῆ
1381 4749 1572 4817 λέγων,
1602 4749 1696 4803 τοῦ
1724 4750 1916 4823 καιροῦ
1950 4751 2258 4815 καλοῦντος,
2292 4752 2390 4805 οὐκ

825 4838 983 4892 εστιν,
1002 4834 1208 4907 ἄφρων.
1238 4836 1353 4890 υύκ
1378 4836 1487 4907 ἄρα
1520 4836 1639 4891 οὺδὶ
1674 4839 1702 4891 6
1727 4837 2015 4910 Προφήτης
2042 4840 2231 4908 ἄφρων
2260 4857 2393 4892 καυ-

826 4922 1088 4993 χώμενοςο
1135 4924 1231 4977 καὶ
1258 4922 1366 4996 γὰρ
1394 4923 1565 4995 ἀληθῆ
1592 4924 1795 4993 ἔλεγεν.
1836 4925 1993 4979 Ἀλλά
2036 4926 2120 4990 τίς
2163 4928 2196 4997 ή
2227 4926 2391 4990 αἰτία,

822 5012 891 5065 δι’
919 5011 987 5084 ήν
1015 5013 1096 5076 είς
1124 5012 1282 5067 τοῦτο
1318 5015 1597 5084 κατήγαγε
1624 5014 1715 5068 τὸν
1743 5014 1932 5084 λόγονς
1965 5016 2127 5069 Ὥστε
2174 5016 2393 5071 παιδεῦ-

827 5120 917 5155 σαι
944 5102 1070 5167 τοὺς
1103 5102 1375 5173 ἀκροατὰς
1402 5104 1476 5175 μὴ
1502 5102 1641 5175 μετά
1671 5104 1768 5176 τὴν
1795 5105 2113 5176 ἀπαλλαγὴν
2140 5105 2247 5158 τῶν
2292 5124 2394 5159 κα-

827 5190 936 5243 κῶν
978 5191 1058 5255 cl;
1087 5190 1343 5245 ἀπόνοιαν
1388 5189 1720 5257 ἐπανελθεῖν,
1766 5192 1899 5263 μηδὲ
1937 5191 2395 5264 ἐλευθερωθέντας

826 5276 918 5330 τοῦ
949 5275 1149 5347 δεσμοῦ
1178 5278 1576 5350 ἀποσκιρτῆσαι
1601 5278 1784 5342 πάλιν,
1815 5280 1909 5332 xal
1934 5280 2013 5343 είς
2033 5281 2277 5351 ἀνάγκην
2306 5282 2396 5351 ἐμ-

830 5366 1014 5418 πεσεῖν
1049 5364 1241 5435 ἐτέρας
1280 5366 1667 5435 αἰχμαλωσίας.
1702 5366 1805 5419 Διά
1918 5365 2076 5421 τοῦτο
2116 5368 2174 5420 ἐν
2212 5367 2290 5438 τῷ
2324 5369 2393 5423 τά

830 5451 1003 5504 οἰκεῖα
1030 5444 1329 5519 διηγεῖσθαι
1360 5451 1563 5521 διορθοῖ
1590 5452 1682 5506 τὸν
1704 5454 1998 5525 ἀκροατήν*
2025 5454 2116 5508 καὶ
2135 5455 2197 5508 ού
2223 5455 2391 5525 λέγει,

833 5538 1172 5609 ὃτιΎᾴὼθην
1212 5539 1332 5609 μὲν,
1375 5538 1637 5610 κατέσχον
1678 5539 1733 5593 δέ
1773 5540 1867 5593 τοῦ
1899 5539 2126 5606 πάθους,
2154 5542 2289 5597 ἀλλά
2314 5544 2394 5610 τί;
2480 5535 3261 5610 Ἐθείιιοωίὲθίεῖῐέίθφοξίῐξδιῖῖ
3283 5546 3350 5610 μὴ
3367 5535 3787 5610 έταπείνοφρόνφίν

1504 367 1563 425 8.
1600 368 1889 427 JOANNIS
1926 367 2421 427 CHRYSOSTOIII
2452 367 2777 431 ARCIIIEP.
2810 366 3359 430 CONSTANTINOP.

2464 503 2567 555 μου
2600 490 2701 559 τῆς
2737 488 2915 560 ψυχῆς
2946 491 2979 560 ή
3022 485 3276 559 πονηρία.
3302 476 3431 539 Οῒον
3453 481 3563 551 γάρ
3591 496 3674 543 τις
3719 478 3881 552 λιμὴν
3908 479 4027 534 ἀκί-

2462 590 2659 643 μαντος
2686 565 2753 645 ἦν
2777 579 2809 647 ή
2833 575 3060 639 διάνοια,
3094 575 3155 627 οὐ
3189 570 3453 643 δεχομένη
3480 569 3549 622 τὰ
3577 567 3799 637 κύματα
3831 564 3924 619 τοῦ
3951 584 4037 620 νο-

2462 662 2719 731 σήματος,
2750 662 2780 715 δ
2810 662 3023 716 πάντων
3044 661 3213 714 αίῖιον
3232 657 3339 711 τῶν
3367 655 3575 716 κακῶν,
3600 653 3695 707 καὶ
3717 649 3843 725 ῥίζα
3867 668 4038 725 παρα-

2459 750 2651 821 νομίας
2685 750 2941 821 ἐσχάτης.
2972 749 3037 803 Τί
3079 750 3229 802 ἐστιν
3256 745 3285 799 6
3313 746 3484 813 λέγει,
3508 744 3703 811 Κύριε,
3734 743 3848 809 οὐχ
3883 740 4029 809 ῠψώ

2461 838 2535 903 θη
2568 838 2608 904 ἠ
2635 836 2848 905 καρδία
2866 853 3008 905 μου,
3030 834 3176 891 οὐδὲ
3199 832 3720 903 ἐμετεωρίσθησαν
3742 831 3795 882 οι
3818 828 4041 897 ὀφθαλ-

2456 925 2565 993 μοί
2600 941 2718 994 μου
2734 940 2755 989 ;
2809 924 2924 977 Οὐκ
2978 924 3283 986 ἀνέσπασα,
3336 920 3489 991 φησὶ,
3535 917 3634 982 τάς
3683 915 3877 987 ὀφρῦς.
3921 914 4043 968 ούδι

2461 1012 2706 1065 ἀνέτεινα
2731 1012 2821 1067 τὸν
2842 1013 3065 1083 αὐχένα.
3102 1012 3234 1085 Ἀπὸ
3256 1011 3365 1081 γὰρ
3385 1009 3485 1079 τῆς
3510 1006 3720 1061 ἔνδοθεν
3745 1004 3929 1075 πηγῆς
3949 1002 4044 1057 τοῦ

2463 1099 2666 1162 πάθους
2696 1099 3029 1171 ὑπερϐλύζον
3067 1100 3129 1153 16
3170 1099 3383 1169 νόσημα
3422 1097 3515 1149 καὶ
3552 1095 3613 1148 16
3643 1092 3803 1161 σῶμα
3843 1108 4047 1162 συσχη-

2466 1187 2681 1255 ματίζει
2714 1186 2850 1259 πρὸς
2881 1186 2981 1258 τὴν
3012 1186 3224 1239 ἔνδοθεν
3263 1184 3591 1254 φλεγμονὴν.
3624 1179 3778 1233 Οὑδὲ
3796 1180 4047 1246 ἐπορεύ-

2462 1276 2578 1340 θην
2594 1274 2664 1327 ἐν
2682 1274 2990 1344 μεγάλοις,
3012 1273 3154 1329 οὐδὲ
3173 1274 3245 1327 ἐν
3263 1271 3619 1339 θαυμασίοις
3645 1266 3796 1336 ὑπὲρ
3815 1264 3942 1335 ἐμέ.
3980 1266 4049 1318 Τι

2463 1362 2631 1427 ἐστιν,
2684 1362 2780 1414 Ἑν
2795 1358 3119 1431 μεγάλοις;
3153 1362 3278 1422 Τοῖς
3306 1358 3632 1429 ὑπερόγκοις
3662 1353 3911 1424 ἀνδράσι,
3933 1353 4053 1415 τοῖς

2464 1446 2772 1512 πλουτοῦσι,
2826 1450 2937 1511 τοῖς
2986 1448 3233 1512 ἀλαζόσι,
3284 1448 3395 1508 τοῖς
3445 1442 3834 1514 ὑπερηφάνοις.
3893 1436 4053 1503 Εἶδες

2463 1536 2750 1608 ἀκρίϐειαν
2770 1534 3301 1606 ταπεινοφροσύνηςς
3329 1533 3404 1585 Οὐ
3427 1531 3584 1602 μόνον
3614 1527 3773 1591 αὐτὸς
3797 1522 3867 1598 ἦν
3892 1525 4054 1587 ἐκτδς

2463 1621 2557 1676 τοῦ
2587 1624 2911 1693 νοσήματος,
2957 1621 3092 1675 ἀλλά
3141 1621 3237 1675 καὶ
3273 1620 3402 1682 τοὺς
3441 1616 3584 1670 οὕτω
3617 1614 4054 1684 φλεγμαίνοντας

2470 1711 2687 1781 ἐφευγε,
2717 1712 2811 1764 καὶ
2838 1709 2947 1763 τῶν
2975 1708 3232 1763 τοιούτων
3263 1706 3519 1777 ἀπεπήδα
3564 1703 3832 1771 συλλόγων
3866 1700 3957 1754 διά
3992 1698 4058 1752 16

2471 1797 2604 1852 πολὺ
2634 1798 2773 1869 πρὸς
2810 1799 2909 1866 τὴν
2949 1796 3267 1862 ἀλαζονείαν
3309 1797 3484 1865 μῖσος.
3533 1790 3748 1861 Ἐπειδὴ
3774 1789 3885 1859 γὰρ
3913 1789 4060 1840 ἀπε-

2472 1884 2617 1956 χθῶς
2641 1880 2753 1954 εἶχε
2784 1885 2921 1956 πρὸς
2948 1884 3045 1954 τὴν
3067 1883 3266 1937 κακίαν
3298 1880 3504 1951 ταύτην
3520 1878 3571 1939 ιι,
3596 1877 3657 1931 οὐ
3691 1877 3847 1948 μόνον
3876 1873 4056 1943 αὐτῆς

2426 1996 2435 1999 ·
2472 1972 2743 2041 ἀπεπήδα,
2777 1971 2899 2024 οὐδὲ
2930 1970 3131 2024 ἄϐατον
3174 1970 3316 2039 αὐτῇ
3364 1968 3426 2021 16
3458 1964 3656 2037 χωρίον
3687 1964 3786 2032 τῆς
3812 1960 4061 2023 διανοίας

2472 2057 2642 2111 ἐποίει
2670 2058 2849 2127 μόνον,
2883 2056 3018 2111 ἀλλά
3047 2058 3143 2110 καὶ
3177 2056 3304 2134 τοὺς
3336 2053 3617 2125 μετιόντας
3644 2050 3813 2120 αὐτὴν
3841 2052 3908 2103 ἐκ
3933 2047 4063 2101 πολ-

2471 2143 2565 2198 λοῦ
2590 2145 2686 2198 τοῦ
2710 2145 3073 2215 διαστήματος
3098 2143 3347 2214 ἔφευγεν,
3368 2139 3508 2194 ὥστε
3537 2137 3670 2210 μηδὲ
3697 2135 3906 2190 ἐκεῖθέν
3933 2150 4063 2188 τινα

2471 2230 2726 2298 δέξασθαι
2746 2232 2817 2284 -λύ
2826 2250 2952 2303 μην.

2543 2336 2618 2390 Ού
2663 2335 2858 2406 μικρὸν
2907 2335 2964 2388 δὲ
2999 2333 3157 2387 τοῦτο
3198 2330 3533 2405 κατόρθωμα
3574 2330 3635 2383 16
3672 2326 3900 2397 φεύγειν
3928 2326 4063 2389 τοὺς

2474 2423 2843 2495 ὑπερόγκους,
2889 2423 2950 2476 16
2994 2424 3170 2491 μισεῖν
3207 2422 3332 2485 τοὺς
3374 2418 3663 2485 ἀλαζόνας,
3696 2416 3758 2469 16
3787 2414 4066 2485 ἀποστρέο

2474 2508 2673 2578 φεσθαι
2736 2511 2831 2564 καὶ
2882 2509 3285 2579 βδελύσπσθαν
3327 2508 3561 2578 μεγίστη
3612 2502 3817 2576 ἀρετῆς
3880 2499 4067 2568 ἀσφά-

2474 2596 2612 2663 λεια,
2658 2598 2888 2669 μεγίστη
2920 2609 2943 2638 ε
2975 2594 3474 2666 ταπεινοφροσύνης
3519 2592 3753 2663 φυλακή.
3800 2588 3957 2643 Οὐδὲ
3994 2588 4068 2641 ἐν

2477 2686 2840 2752 θαυμασίοις
2869 2684 3021 2752 ὑπὲρ
3047 2684 3171 2753 ἐμέ.
3207 2680 3420 2746 Ἄλλος,
3467 2678 3623 2734 Οὐδὲ
3656 2675 4069 2745 ὑπερϐάλλω·
4102 2728 4113 2737 ,

2478 2788 2582 2826 σιν
2631 2769 2784 2838 ὑπὲρ
2850 2770 2971 2841 ἐμὲ.
3020 2773 3086 2825 El
3136 2770 3221 2840 μὴ
3274 2766 3841 2836 ἐταπεινοφρόνουν,
3903 2759 4069 2816 am

2478 2858 2697 2927 ὖψωσα
2714 2856 2829 2923 τὴν
2848 2856 3101 2925 καρδίαν
3122 2873 3261 2925 μου,
3289 2854 3371 2919 ὠς
3392 2852 3459 2907 τὸ
3479 2845 4069 2921 ἀπογεγαλακτισμέ-

2478 2962 2590 2999 νον
2607 2945 2706 2998 ἐπὶ
2733 2943 3067 3012 τὴγμητέρα
3088 2941 3275 2997 αὐτοῦ
3300 2938 3478 3011 [375],
3504 2939 3586 3005 ὠς
3610 2934 4067 3001 ἀνταποδώσεις

2478 3031 2576 3085 ἐπὶ
2604 3030 2721 3099 τὴν
2742 3029 2957 3100 ⁴ψυχήν
2978 3047 3119 3099 μου.
3146 3028 3359 3093 Ἄλλος,
3396 3027 3597 3092 Οὕτως
3627 3022 4069 3089 ἁνταποδοθείη

2479 3117 2554 3185 τῇ
2592 3115 2767 3186 ψυχῇ
2810 3135 2951 3187 μου.
2993 3116 3131 3170 Καθ’
3157 3114 3462 3187 ὑπερϐατόν
3494 3116 3612 3166 ἐστι
3647 3113 3709 3165 16
3752 3110 4068 3182 είρημένον,

2480 3198 2613 3266 οἷον,
2645 3203 2708 3257 Et
2724 3202 2799 3274 μὴ
2823 3203 3322 3273 ἐταπεινοφρόνουν,
3346 3202 3423 3264 ὡς
3450 3201 3509 3254 16
3533 3197 4073 3269 ἀπογεγαλακτισμέ-

2480 3309 2570 3345 νον
2611 3293 2704 3345 ἐπὶ¹
2728 3292 2825 3360 τὴν
2859 3290 3071 3362 μητέρα
3104 3290 3289 3354 αὑτοῦ,
3317 3289 3431 3343 ἀλλ’
3466 3287 3659 3358 ῦψωσα
3702 3288 3799 3357 τήν
3835 3285 4072 3357 καρδίαν

2487 3395 2611 3449 μου,
2638 3377 2810 3439 οὕτως
2840 3376 3224 3449 ἀνταποδοθείη
3263 3379 3329 3446 τῇ
3352 3375 3499 3447 ψυχῇ
3544 3391 3666 3446 μου.
3709 3375 3774 3427 Ὀ
3800 3373 3857 3427 δὲ
3889 3362 4071 3439 λέγει,

2482 3464 2719 3519 τοιοῦτόν
2757 3466 2923 3517 ἐστιν·
2954 3466 3014 3518 οὐ
3059 3464 3219 3536 μόνον
3246 3466 3346 3536 τῆς
3387 3462 3589 3526 κακίας
3630 3460 3868 3533 καθαρὸς
3895 3460 4071 3532 ήμην,

2482 3554 2580 3623 τῆς
2606 3550 2919 3616 ἀλαζονείας
2946 3551 3112 3621 λέγω,
3144 3552 3267 3606 οὐδὲ
3300 3551 3461 3622 μόνον
3496 3549 3605 3603 τῶν
3632 3548 3864 3618 ἐχόντων
3898 3547 4076 3617 αὐτὴν

2484 3641 2784 3710 ἀλλότριος,
2820 3640 2957 3709 ἀλλά
3003 3642 3096 3694 καὶ
3136 3640 3235 3711 τὴν
3268 3640 3471 3711 ἀρετὴν
3506 3637 3605 3709 τὴν
3646 3638 3891 3690 ἐναντίαν
3928 3637 4073 3707 αὐτῇ

2487 3727 2626 3798 μετὰ
2664 3720 2863 3799 πολλῆς
2896 3728 3163 3798 ἐδεξάμην
3200 3728 3299 3799 τῆς
3331 3724 3657 3796 ὑπερϐολῆς,
3689 3725 3788 3795 τὴν
3819 3739 4076 3778 ταπεινο-

2486 3814 2781 3886 φροσύνην,
2828 3815 2890 3868 16
2939 3812 3274 3886 μετριάζειν,
3329 3812 3391 3866 16
3442 3812 3844 3882 συντετρίφθαι.
3897 3808 4075 3863 Τοῦτο

2486 3904 2662 3955 ἐκεῖνο
2688 3902 2717 3955 6
2756 3904 2871 3965 τοῖς
2924 3901 3191 3973 μαθηταῖς
3232 3902 3261 3954 6
3300 3899 3537 3971 Χριστὸς
3575 3900 3825 3953 ἐκέλευσε
3871 3897 4070 3966 λέγων·

2499 3990 2641 4044 Ἐὰν
2673 3988 2757 4057 μὴ
2798 3986 3123 4057 στραφῆτε,
3163 3987 3261 4041 καί
3293 3988 3550 4057 γένησθε
3595 3986 3677 4052 ὡς
3722 3984 3795 4039 τὰ
3840 3984 4072 4050 παιδία,

2488 4077 2561 4130 οὐ
2580 4075 2667 4145 μὴ
2692 4076 3109 4141 είσὲλθητεείς
3141 4073 3256 4139 τὴν
3271 4073 3604 4138 ,βασιλείαν
3628 4072 3749 4125 τῶν
3773 4072 4072 4140 οὐρανῶν.

2490 4163 2777 4232 Τοιαύτην,
2808 4162 2995 4232 φησὶν,
3018 4161 3335 4232 ἐκτησάμην
3360 4159 3885 4231 ταπεινοφροσύνην,
3906 4160 3983 4226 ὡς
4012 4159 4078 4214 16

2492 4252 2795 4321 ὑπομάζιον
2838 4248 3067 4302 παιδίον.
3110 4249 3321 4318 Ὥσπερ
3372 4248 3482 4319 γὰρ
3530 4250 3703 4301 ἐκεῖνο
3756 4246 3940 4319 ἔχεται
3974 4248 4078 4319 τῆς

2496 4338 2718 4409 μητρὸς,
2748 4336 3136 4390 τεταπείνωται
3153 4335 3204 4402 δ,
3233 4333 3552 4400 ἀλαζονείας
3579 4337 3796 4408 ἀπάσης
3824 4337 3944 4390 ἐστὶ
3975 4354 4078 4391 κα-

2493 4425 2677 4496 θαρὸν,
2723 4423 2949 4495 ἀφελείᾳ
2992 4424 3125 4494 συζῇ
3172 4423 3266 4476 καὶ
3309 4422 3593 4495 ἀπλότητιο
3626 4422 3768 4476 οὕτω
3816 4422 3909 4476 καὶ
3964 4422 4079 4491 ἐγὼ

2496 4513 2633 4583 πρὸς
2673 4511 2764 4564 16v
2787 4511 2923 4590 ρεδν
2955 4510 3123 4582 ήμην,
3159 4510 3419 4582 ἐχόμενος
3450 4508 3615 4563 αὑτοῦ
3653 4508 3933 4580 διηνεκῶς.
3962 4511 4081 4581 Οὐχ

2495 4601 2681 4664 ἁπλῶς
2731 4600 2789 4653 δὲ
2841 4597 2936 4653 τοῦ
2978 4598 3591 4669 ἀπογεγαλακτισμένου
3632 4596 3900 4668 ἐμνήσθη,

2494 4688 2591 4759 τὴν
2628 4685 2805 4756 θλίψιν
2831 4686 3002 4741 θέλων
3037 4690 3407 4759 παραστῆσαι,
3440 4684 3539 4756 τὴν
3569 4682 3951 4755 στενοχωρίαν,
3980 4684 4078 4755 τὴν

2495 4773 2705 4845 ὀδύνην,
2730 4774 2791 4827 16
2813 4773 3041 4844 μέγεθος
3070 4772 3179 4827 τῶν
3204 4774 3409 4827 κακῶν.
3442 4770 3713 4842 Καθάπερ
3730 4766 3823 4824 οὖν
3852 4770 3913 4824 16
3951 4786 4077 4823 παι-

2496 4861 2606 4916 δίον
2651 4861 2775 4933 ἄρτι
2807 4858 2900 4913 τοῦ
2945 4858 3152 4930 μαστοῦ
3199 4859 3571 4924 ἀποσπασθὲν,
3606 4858 3728 4912 οὑδέ
3767 4856 3940 4922 οὕτως
3975 4858 4073 4926 ἀφ·

2499 4947 2710 5002 ίσταται
2739 4947 2839 5018 τῆς
2870 4946 3097 5018 μητρὸς,
3145 4946 3260 5000 ἀλλ’
3288 4946 3643 5017 ὀδυνώμενον,
3663 4943 3916 5018 θρηνοῦν,
3947 4945 4077 4998 δυσ-

2497 5038 2767 5107 χεραῖνον,
2799 5034 2981 5097 ἀλῦον,
3008 5034 3566 5107 κλαυθμυριζόμενον,
3596 5034 3747 5103 ὅμως
3774 5032 3954 5102 ἔχεται
3979 5032 4081 5102 τῆς

2495 5122 2781 5191 τεκούσης,
2823 5121 2918 5175 καὶ
2958 5120 3058 5173 οὐκ
3094 5120 3160 5175 ἂν
3196 5120 3488 5191 ἀποσταίηο
3528 5119 3672 5174 οὕτω
3707 5116 3885 5187 κάγὼ,
3918 5119 4073 5189 φησὶ,

2499 5212 2592 5266 καὶ
2632 5213 2691 5265 ἐν
2716 5210 2911 5281 θλίψει,
2946 5209 3042 5264 καὶ
3070 5211 3127 5265 ἐν
3155 5210 3508 5282 στενοχωρίᾳ,
3539 5210 3633 5263 καὶ
3656 5209 3717 5263 ἐν
3748 5207 3970 5272 πολλαῖς
4000 5207 4077 5264 ὢν

2561 5417 2591 5458 Β
2612 5418 2724 5467 Sav.
2747 5415 2963 5479 ἀπεχθῶς
2981 5414 3079 5478 εἶχε
3100 5414 3269 5479 ταύτῃ.

2565 5482 2587 5547 ξ·
2615 5474 3271 5551 δενηδίεμιγίστήςφιιιύε
3307 5480 3468 5533 recte,
3498 5476 3583 5538 qui
3606 5487 3717 5523 mox
3739 5478 3850 5536 post
3868 5474 4072 5537 φυλακή,

2565 5544 2623 5596 ιι,
2639 5551 2838 5588 omnm:
2859 5547 3184 5597 lutei-pomus.
3204 5544 3261 5592 Εἰ
3283 5546 3348 5597 μὴ
3367 5546 3803 5597 ἐταπεινοοοόνουν.
3830 5545 3957 5596 Infra
3970 5547 4073 5597 hac

838 5624 958 5695 οιικ
1212 5600 1225 5609 ⁷
1240 5625 1278 5693 τι
1310 5623 1525 5695 καρδία
1546 5600 1706 5696 ’Βαθυ-
1733 5628 2027 5697 τουτιστιν.
2066 5600 2186 5685 ἇιὲδξ
2226 5600 2399 5701 ηψατὲ
2480 5600 4008 5701 ίυῗὲιξοθηῖἔιὲζξξῗιῆῗῒὲξίξλὶἦηψῖιὲ.ιξ.ῗὲλ

900 5774 923 5804 ³
949 5776 1059 5824 Sav.
1083 5776 1129 5824 ἐν
1152 5776 1219 5841 τῷ
1242 5778 1444 5829 συνιέναι
1472 5782 1523 5829 et
1550 5782 1596 5831 In
1618 5777 1835 5843 margine
1859 5780 2051 5832 συνιεῖν.

2543 5660 2572 5730 _d
2596 5660 3182 5730 δίῃ-συντέταταικίηΐτε
3205 5660 3588 5730 ἱὰεἶιῖἐχῖμενος
3606 5660 3765 5717 αὐτοῦ
3774 5669 3853 5718 διὰ
3880 5671 4068 5724 παντός.

2483 5722 2792 5795 Οὺχάπλῶ-ς.
2818 5722 3007 5775 Ibidem
3035 5726 3156 5777 Mor.
3181 5732 3267 5788 τὴν
3287 5722 3606 5794 θλίειᾶἶνθὲλων
3626 5731 3933 5795 παραϐαλεῖν.
3956 5722 4052 5782 δον

2482 5786 2667 5834 melius
2691 5786 2837 5836 θέλων
2860 5796 3186 5851 παραστῆσαι.
