4218 6440
179 412 279 469 3T!

177 526 291 578 sive
321 535 449 577 non.
480 517 539 575 Si
569 516 713 574 enim
735 513 866 570 dare
903 512 1064 567 situm
1104 516 1186 565 est
1224 509 1275 563 in
1329 510 1447 577 ejus
1498 514 1780 577 potestate.

179 618 229 672 in
260 615 379 686 ejus
407 614 572 670 etiam
599 618 866 684 potestate
893 606 1055 661 situm
1080 612 1183 669 est,
1215 600 1428 673 quando
1452 599 1586 664 vult,
1617 594 1783 652 dare:

180 719 391 779 tempus
409 716 592 761 autem
619 700 764 757 novit
785 699 1007 770 optime.
1030 696 1340 751 Maneamus
1363 707 1492 763 ergo
1512 700 1784 761 rogantes,

180 801 562 873 supplicantes,
612 793 946 851 conﬁdentes
995 792 1113 859 ejus
1162 785 1544 842 misericordia:
1598 793 1652 839 et
1678 783 1790 838 cle-

181 897 417 959 mentiae,
448 910 550 950 nec
579 905 832 961 umquam
860 887 929 943 de
959 874 1141 941 nostra
1182 882 1358 938 salute
1413 866 1785 949 desperemus,

178 990 274 1046 sed
294 995 487 1044 nostra
512 984 800 1039 alferamus
818 1021 832 1045 ,
864 988 919 1035 et
961 976 1049 1031 ille
1080 974 1233 1030 nubis
1259 985 1550 1042 numquam
1574 968 1786 1033 deerit,

179 1074 616 1152 quandoquidem
654 1081 739 1127 est
764 1066 1140 1125 inenarrabilis
1170 1064 1311 1135 apud
1336 1078 1460 1119 eum
1484 1060 1789 1116 misericor-

176 1146 291 1241 dia,
311 1182 368 1237 et
390 1146 594 1227 inlicita
622 1164 904 1221 clementia
930 1179 945 1215 :
974 1175 1133 1232 quam
1169 1158 1327 1214 detur
1356 1155 1510 1209 nobis
1528 1146 1781 1207 omnibus

177 1264 432 1336 assequi,
488 1259 656 1332 gratia
697 1266 753 1312 ct
801 1252 1129 1324 benignitate
1175 1248 1385 1321 Domini
1438 1246 1606 1301 nostri
1650 1243 1779 1301 Jesu

175 1334 411 1422 Cbrisiti,
446 1355 663 1425 quicum
710 1348 855 1406 Patri
896 1357 950 1402 et
987 1343 1207 1416 Spiritui
1240 1349 1427 1397 sancto
1469 1338 1635 1411 gloria
1658 1377 1675 1404 ,
1726 1334 1782 1391 in

186 1448 386 1505 secula
439 1445 780 1502 saeculorum.
835 1440 1028 1495 Amen.

640 1556 705 1612 IN
749 1550 1076 1612 PSALMUM
1126 1546 1345 1605 CXXX.

180 1675 231 1731 Ι.
266 1673 506 1738 Domine,
559 1686 660 1724 non
685 1678 758 1723 est
800 1665 1077 1721 exaltatum
1099 1678 1188 1716 cor
1225 1675 1413 1723 meum,
1460 1672 1620 1729 neque
1662 1653 1783 1709 elati

249 1774 368 1821 sunt
386 1762 522 1817 oculi
542 1761 658 1815 mei.
686 1759 856 1822 Alius,
890 1755 1068 1825 Neque
1084 1752 1297 1809 exaltati
1320 1757 1437 1805 sunt
1462 1751 1570 1818 (a).
1602 1744 1785 1815 Neque

253 1853 512 1911 ambulavi
538 1853 594 1906 in
620 1850 839 1921 magnis,
862 1863 1024 1915 neque
1050 1846 1103 1899 in
1151 1839 1463 1897 mirabilibus
1491 1854 1646 1908 super
1686 1851 1787 1890 me.

251 1950 424 2013 Atius,
473 1945 540 2002 In
572 1940 1020 2016 magnitudinibus.
1046 1938 1215 2004 Alius,
1245 1934 1313 1989 In
1366 1930 1787 2005 magnificentiis,

249 2057 344 2096 nec
370 2056 452 2094 me
483 2033 920 2107 casupaantibus.

254 2175 602 2245 Qumdonam
625 2159 837 2242 gloriari
858 2167 1025 2220 liceat.
1046 2158 1269 2229 -—Quid
1299 2156 1405 2212 hoc
1429 2153 1550 2210 est?
1591 2150 1791 2208 Paulus

174 2267 313 2327 dicit
340 2266 561 2321 stultum
589 2275 711 2316 esse
735 2258 970 2327 seipsum
1019 2252 1237 2308 laudare
1260 2290 1274 2313 ,
1327 2247 1536 2302 etiamsi
1581 2246 1650 2298 sit
1696 2255 1790 2295 ne-

174 2376 359 2423 cesse,
392 2367 447 2413 et
494 2356 615 2410 ideo
662 2348 939 2422 subjunxit
984 2347 1170 2401 dicens
1205 2341 1353 2397 :Fni
1399 2338 1553 2409 insipi
1584 2354 1644 2391 us
1687 2334 1791 2407 gla-

174 2454 359 2513 rieus;
404 2463 492 2502 vos
533 2461 613 2500 me
666 2441 899 2514 cacgistis
942 2437 1029 2509 (2.
1079 2434 1201 2491 Cor.
1230 2432 1317 2489 i2.
1352 2431 1411 2485 Η
1435 2429 1477 2501 ).
1509 2424 1791 2496 Quomodo

176 2545 285 2601 hoc
308 2557 442 2612 ergo
468 2538 731 2610 ignoravit
756 2532 1039 2607 propheta,
1068 2538 1123 2585 et
1170 2541 1314 2582 nunc
1357 2524 1649 2595 gloriatur,
1682 2534 1789 2574 non

174 2637 321 2709 apud
351 2636 507 2696 duos,
535 2642 625 2686 aut
657 2641 789 2695 tres,
811 2637 903 2684 aut
926 2626 1136 2688 decem,
1166 2620 1259 2677 sed
1292 2616 1432 2703 apud
1482 2615 1786 2670 universum

176 2700 368 2784 orbem
408 2724 601 2781 terrm?
633 2720 902 2778 Gloriatur
938 2726 1115 2772 autem
1162 2713 1348 2768 dicens
1377 2700 1390 2764 ὲ
1418 2709 1546 2765 Sum
1575 2706 1790 2761 humilis

176 2832 233 2875 et
289 2818 623 2882 moderatus,
674 2821 731 2868 et
780 2809 1081 2867 mirandum
1114 2807 1165 2861 in
1213 2805 1429 2859 modum
1462 2799 1679 2855 humilis
1726 2812 1791 2851 ac

176 2910 431 2981 simplex.
465 2908 577 2963 Hoc
600 2906 743 2962 cnim
767 2903 867 2957 sibi
900 2901 1012 2956 vult
1044 2898 1207 2957 aliud.
1237 2896 1291 2951 2.
1321 2894 1619 2948 Ablactatus
1640 2906 1791 2958 super

175 3014 395 3058 matrem
442 3016 608 3055 suam
651 3000 830 3067 Quare
863 3009 993 3065 ergo
1039 2991 1142 3045 hoc
1189 2986 1350 3044 facit?
1387 2985 1652 3052 Quoniam
1702 2996 1790 3037 res

174 3094 399 3166 quidem
423 3106 529 3145 non
555 3098 636 3144 est
660 3087 878 3142 omnino
906 3083 1168 3154 prohibita
1188 3122 1203 3145 ,
1234 3080 1341 3133 imo
1367 3092 1497 3131 vero
1524 3086 1792 3129 nonnum-

175 3202 342 3256 quam
374 3192 462 3238 est
489 3180 790 3236 necessaria
810 3218 827 3245 ,
857 3182 1017 3245 atque
1042 3174 1177 3227 adeo
1223 3180 1628 3235 nonnumquam
1659 3163 1793 3217 inci-

180 3254 286 3339 dit,
316 3282 376 3328 nt
405 3288 511 3326 non
538 3273 582 3326 si
608 3270 914 3339 gloriemur,
948 3264 1043 3321 sed
1070 3264 1113 3317 si
1137 3278 1240 3316 non
1279 3259 1592 3332 glorientur,
1618 3254 1791 3309 simus

175 3366 518 3435 insipientes.
564 3361 827 3428 Quocirca
869 3356 1063 3412 Paulus
1101 3368 1312 3424 quoque
1349 3351 1522 3406 dicit:
1553 3346 1657 3415 Qui
1674 3346 1790 3418 gla-

176 3459 371 3521 riatur,
431 3455 484 3509 in
534 3451 756 3507 Domino
810 3449 1057 3520 glorietur
1110 3446 1195 3516 (2.
1242 3443 1360 3497 Cor.
1405 3441 1492 3497 10.
1529 3441 1658 3511 17).
1689 3436 1789 3504 Qui

175 3550 327 3604 enim
358 3548 413 3601 in
442 3559 604 3600 cruce
633 3556 740 3597 non
765 3539 1044 3610 gloriatur,
1074 3544 1157 3589 est
1189 3534 1428 3588 omnium
1456 3528 1790 3599 insipientis-

174 3640 351 3695 simus
375 3649 391 3699 ;
415 3635 505 3705 qui
536 3647 640 3688 non
684 3632 735 3685 in
768 3624 870 3684 tlde
899 3627 1177 3699 gloriatur,
1219 3634 1302 3679 est
1329 3622 1572 3677 omnium
1603 3622 1793 3677 miser-

175 3726 498 3797 rimus;qui
556 3723 723 3779 iubis
753 3737 857 3776 non
903 3721 1163 3791 gloriatur
1199 3724 1256 3772 et
1293 3716 1429 3781 ﬁdit,
1478 3715 1523 3769 is
1571 3713 1791 3768 omnino

176 3820 393 3891 peribit.
431 3817 500 3872 Et
538 3814 659 3870 ideo
686 3814 939 3869 audacter
964 3811 1178 3866 dicebat
1204 3809 1400 3865 Paulus
1423 3824 1439 3863 :
1465 3806 1598 3861 Milli
1622 3815 1792 3858 autem

177 3910 315 3964 absit
336 3906 569 3982 gloriari,
599 3905 695 3959 nisi
724 3905 776 3958 in
815 3919 962 3957 cruce
990 3900 1197 3955 Domini
1239 3900 1400 3953 nostri
1439 3897 1563 3952 Iesu
1600 3896 1792 3953 Christi

179 4000 341 4072 (Gul.
372 4002 425 4054 ϐ.
452 3998 582 4069 14).
608 3995 675 4050 Et
700 4010 888 4050 rursus
920 4010 934 4047 :
969 3990 1051 4047 Ne
1072 3991 1317 4064 glorietur
1341 3990 1480 4044 dives
1521 3990 1575 4043 in
1604 3987 1792 4043 divitiis

182 4097 312 4156 suis.
344 4107 503 4165 neque
525 4093 729 4163 sapiens
760 4089 815 4142 in
842 4087 1093 4158 sapientia
1122 4102 1217 4140 sua
1246 4100 1263 4139 :
1290 4085 1381 4139 sed
1406 4085 1460 4138 in
1487 4084 1581 4137 hoc
1605 4084 1791 4154 glorie—

185 4195 291 4250 tur,
335 4186 470 4253 quod
494 4182 743 4254 intelligat
769 4189 816 4234 et
839 4190 1110 4251 cognoscat
1140 4176 1415 4254 Dominum
1438 4173 1587 4245 (Jer.
1616 4174 1671 4230 9.
1696 4175 1788 4230 23.

184 4276 320 4348 ει).
349 4252 632 4343 Quomodo
660 4252 745 4330 est
784 4286 915 4343 ergo
940 4271 1143 4326 malum
1172 4252 1430 4341 gloriari?
1459 4268 1516 4323 Si
1543 4267 1596 4323 id
1622 4267 1790 4322 facia-

187 4385 311 4426 mus
331 4379 388 4425 ut
409 4368 710 4425 Pltariszus
738 4365 759 4440 (
780 4365 904 4421 Luc.
930 4365 998 4421 18
1015 4363 1058 4437 ).
1095 4364 1161 4418 Ει
1184 4378 1372 4434 quare,
1398 4361 1626 4433 inquies,
1662 4360 1794 4416 dicit

185 4461 407 4524 Paulus,
460 4458 566 4513 Fui
612 4459 861 4529 insipiens
907 4455 1172 4529 glorians;
1203 4471 1289 4510 vos
1316 4470 1396 4508 me
1437 4453 1667 4525 coegistis
1696 4451 1787 4522 (2.

185 4552 419 4611 Car.l2.
452 4550 583 4625 lt)?
626 4546 888 4618 Quoniam
926 4548 1179 4604 narrabat
1226 4546 1483 4618 praeclara
1526 4546 1651 4601 vita:
1676 4562 1790 4601 suce

188 4646 428 4701 instituta
457 4653 514 4699 et
536 4643 791 4703 facinora.
815 4656 936 4711 qua:
972 4655 1079 4694 non
1107 4640 1391 4711 Oportebat
1419 4653 1657 4698 narrare.
1689 4637 1790 4691 nisi

190 4750 415 4793 necesse
447 4743 614 4789 esset.
647 4732 786 4789 Alibi
828 4739 1005 4807 autem
1029 4730 1159 4785 dicit
1192 4748 1205 4784 :
1238 4728 1300 4784 Si
1325 4730 1529 4784 voluero
1556 4728 1790 4800 gloriari,

188 4845 294 4883 non
332 4842 421 4881 ero
467 4824 747 4895 insipiens;
790 4823 1048 4877 veritatem
1072 4820 1204 4874 enim
1230 4820 1398 4873 dicam
1430 4819 1522 4889 (2.
1546 4817 1665 4873 Cor.
1699 4816 1789 4870 i2.

189 4924 284 4993 ϐ).
314 4920 416 4989 Qui
462 4918 741 4973 veritatem
771 4931 901 4985 ergo
926 4914 1076 4976 dicit,
1123 4930 1244 4967 cunt
1287 4922 1498 4983 tempus
1524 4910 1790 4979 postulat,

190 5029 301 5069 non
329 5020 416 5067 est
439 5010 715 5080 insipiens.
743 5006 859 5062 Non
886 5014 1120 5075 estergo
1142 5004 1396 5073 insipiens
1418 5003 1678 5073 propheta
1704 5000 1794 5069 ιιιιί

189 5105 453 5177 gloriatur
484 5120 499 5156 :
526 5117 650 5157 vera
676 5100 819 5154 enim
863 5100 1016 5155 dixit.
1047 5097 1150 5153 Sed
1192 5111 1436 5167 quantam
1467 5109 1627 5151 eausa
1670 5109 1794 5149 eum

188 5197 425 5263 induxit,
475 5203 533 5251 ut
582 5195 701 5251 haec
745 5191 988 5249 diceret?
1018 5190 1089 5247 Ut
1138 5189 1353 5244 doceret
1400 5187 1673 5243 auditores
1728 5200 1797 5241 ne

193 5299 473 5359 postquam
500 5286 708 5343 liberali
738 5293 864 5341 sunt
891 5298 921 5337 a
951 5283 1104 5337 malis
1123 5324 1138 5349 ,
1166 5288 1501 5336 revertantur
1526 5279 1590 5333 ad
1614 5281 1795 5349 pristi-

196 5397 319 5435 nam
348 5378 638 5434 ameutiam
670 5386 725 5433 et
768 5375 1131 5438 insolentiam,
1164 5388 1263 5427 nec
1293 5388 1322 5425 a
1354 5371 1565 5426 vinculo
1588 5370 1793 5424 liberati

194 5474 460 5537 resiliant,
502 5481 559 5527 et
595 5472 647 5526 in
680 5471 835 5525 aliam
874 5467 1198 5538 captivitatis
1247 5464 1619 5521 necessitatem
1661 5463 1795 5517 inci-

187 5569 349 5625 dant.
370 5564 706 5635 Quaproptcr
721 5563 848 5617 dum
876 5576 970 5616 sua
994 5566 1190 5623 narrat,
1216 5555 1513 5612 auditorem
1539 5553 1795 5623 corrigit:

187 5724 332 5853 ria)
364 5722 480 5797 Quis
499 5723 566 5774 sit
583 5721 665 5773 hic
686 5722 935 5793 interpres
954 5720 1221 5789 tguoratnr.
1249 5721 1373 5772 Mos,
1393 5710 1543 5783 Atius,
1568 5727 1591 5757 ι
1618 5719 1670 5759 In
1692 5723 1798 5761 mod

275 5786 484 5847 ﬁcetum
500 5796 519 5834 :
537 5801 561 5830 ι
582 5783 687 5834 hau:
708 5788 1049 5853 Interpretatto
1065 5787 1139 5828 est
1161 5772 1537 5853 justiagtqmlam
1565 5780 1617 5822 et
1634 5772 1797 5824 '1'ch-

500 5772 521 5834 Ξ
532 5772 561 5830 ἱ
582 5772 687 5834 bam
708 5772 1049 5847 interprets'tio
1065 5787 1139 5828 est
1161 5778 1305 5847 juxta
1323 5772 1537 5838 Aquilam
1565 5780 1617 5822 et
1634 5772 1797 5824 '1'ch-

183 5838 461 5907 dotiouem,
483 5857 703 5913 sequens
725 5838 1001 5907 \‘ero'jttxta
1023 5838 1372 5905 Syumtacltum.

1290 390 1655 475 sx’posmo
1693 390 1758 448 ιδ
1798 389 2124 450 ρεΑιιιυιι
2165 391 2383 447 cxxx.

3400 384 3505 444 378

1896 521 2004 561 non
2024 505 2154 563 dicit
2178 515 2379 573 autem,
2413 504 2687 560 Exnltulus
2709 502 2923 574 quidem
2965 516 3101 565 sum,
3146 499 3504 571 perturbam-

1894 613 2019 653 uem
2045 608 2225 654 autem
2253 597 2418 652 animi
2440 596 2717 652 continui:
2745 592 2839 650 sed
2866 593 3030 665 quidi
3061 591 3184 647 Non
3210 603 3280 647 est
3302 590 3503 646 exalta-

1895 698 2002 743 tum
2031 706 2120 744 cor
2139 704 2346 755 meum;
2387 689 2488 743 hoc
2516 698 2620 750 est,
2654 686 2771 742 Non
2815 686 2988 756 tetigit
3030 684 3269 740 animtnn
3320 697 3507 741 meum

1895 784 2153 855 nequitia.
2185 782 2338 838 Meus
2363 781 2507 839 enim
2557 781 2674 852 ejus
2718 791 2836 835 erat
2862 778 3023 833 veluti
3055 776 3271 848 quidam
3320 786 3510 844 portus

1898 878 2059 934 nullis
2102 876 2357 932 ﬂuctibus
2384 875 2635 947 agitatus,
2693 873 2812 943 ejus
2854 870 3025 926 morbi
3076 869 3249 923 undas
3284 865 3509 921 minima

1895 969 2215 1038 suscipiens,
2239 966 2333 1038 qui
2378 976 2462 1023 est
2504 982 2663 1021 causa
2692 965 2933 1018 omnium
2962 961 3249 1024 malorum,
3273 967 3330 1013 et
3354 956 3505 1012 radix

1895 1073 2155 1118 extrema:
2203 1061 2525 1131 iniquitatis.
2560 1057 2698 1127 Quid
2739 1065 2821 1113 est
2869 1054 3011 1125 quod
3058 1054 3208 1114 dicit,
3262 1050 3504 1114 Domine,

1895 1170 1999 1208 non
2040 1161 2114 1208 est
2154 1154 2433 1208 exaltatum
2487 1167 2575 1205 cor
2612 1152 3012 1217 meum,"neq.-tc
3060 1145 3182 1199 elati
3212 1153 3330 1197 sunt
3370 1141 3520 1197 oculi

1896 1246 2036 1300 mei?
2073 1245 2193 1300 Non
2246 1243 2514 1309 contraxi,
2548 1242 2741 1312 inquit,
2797 1237 3079 1309 supercilia
3101 1278 3117 1303 ,
3151 1250 3324 1306 neque
3353 1232 3507 1289 ereti

1893 1338 2185 1393 cervicem.
2215 1337 2258 1391 A
2291 1334 2439 1390 fonte
2462 1336 2606 1390 enim
2636 1333 2848 1391 interno
2890 1327 3312 1399 perturbati-uis
3339 1325 3508 1381 animi

1896 1432 2118 1487 morbus
2161 1429 2459 1485 seaturiens
2511 1428 2724 1482 interno
2768 1424 2961 1479 tumori
3005 1421 3284 1479 conformo
3309 1430 3510 1488 corpus

1894 1524 2125 1595 effingit.
2157 1521 2338 1595 Neque
2362 1520 2621 1575 ambulavi
2648 1520 2701 1575 in
2728 1517 2946 1590 magnis,
2975 1530 3136 1583 neque
3163 1515 3216 1567 in
3253 1510 3507 1566 mirabili-

1896 1619 1988 1672 bus
2028 1632 2182 1686 super
2222 1632 2321 1670 me.
2371 1612 2509 1683 Quid
2549 1621 2652 1678 est,
2686 1610 2752 1665 In
2783 1608 3025 1681 magnis?
3070 1608 3123 1661 In
3156 1603 3465 1659 hominibus
3488 1644 3502 1668 ,

1897 1706 2097 1781 inquit,
2148 1711 2402 1773 tumidis,
2449 1707 2732 1772 divitibus,
2774 1702 3182 1775 arrogantihus,
3234 1700 3507 1769 snperhis.

1898 1805 2087 1861 Vidisti
2118 1813 2316 1874 quanta
2341 1804 2413 1858 sit
2437 1800 2751 1857 humilitas?
2792 1798 2909 1855 Non
2952 1796 3127 1852 solum
3168 1806 3285 1850 erat
3329 1794 3445 1861 ipse
3474 1808 3504 1845 ιι

1897 1896 2087 1954 morbo
2116 1896 2347 1960 alienus,
2368 1894 2462 1950 sed
2492 1908 2589 1949 eos
2608 1894 2794 1959 etiam,
2816 1889 2906 1961 qui
2934 1900 3090 1946 erant
3113 1886 3323 1951 tumidi,
3345 1885 3509 1957 logico

1899 1991 2008 2057 bat,
2042 1999 2097 2045 et
2128 2004 2158 2043 a
2187 1988 2383 2043 talibus
2408 1985 2684 2043 resiliebat
2714 1983 2943 2040 canibus
2970 1990 3191 2052 propter
3226 1991 3504 2045 magnum,

1896 2086 2040 2157 quod
2097 2085 2151 2139 in
2198 2082 2561 2152 arrogantiam
2610 2083 2954 2146 conceperat,
2999 2075 3204 2128 odium.
3233 2069 3501 2140 Quoniam

1897 2176 2040 2233 enim
2072 2175 2284 2231 infenso
2318 2182 2434 2227 erat
2478 2171 2531 2226 in
2562 2170 2665 2225 hoc
2709 2168 2894 2223 vitium
2947 2165 3150 2230 animo,
3194 2178 3300 2217 non
3330 2162 3506 2216 solum

1896 2268 1965 2325 ab
2017 2284 2084 2325 eo
2122 2266 2414 2331 resiliebat,
2454 2278 2556 2320 nec
2602 2260 2965 2333 permittebat,
3019 2266 3079 2312 nt
3120 2258 3173 2313 in
3221 2255 3506 2310 castellum

1897 2363 2092 2419 animm
2113 2370 2259 2416 essot
2278 2359 2334 2414 ei
2365 2358 2507 2413 nllus
2526 2355 2723 2429 aditus,
2754 2353 2849 2409 sed
2886 2367 2981 2407 eos
3021 2352 3206 2415 etiam,
3234 2348 3324 2419 qui
3373 2347 3503 2402 illud

1896 2457 2263 2520 sectabantur,
2292 2450 2609 2524 longissimo
2636 2447 2920 2504 intervallo
2949 2444 3205 2516 fugiebat,
3245 2452 3300 2497 ut
3328 2441 3399 2497 ab
3424 2441 3506 2496 eis
3602 2450 3605 2451 '

1897 2549 2039 2611 nihil,
2058 2547 2368 2603 detrimenti
2399 2552 2638 2615 caperet.

1968 2644 2277 2714 Arrogantes
2306 2649 2352 2694 et
2375 2636 2581 2711 superbi
2607 2632 2919 2709 quantopere
2947 2629 3200 2707 fugiendi.
3230 2657 3297 2669 —-
3321 2626 3510 2696 Neque

1895 2753 2026 2793 vero
2056 2736 2197 2791 inter
2228 2747 2387 2803 parva
2415 2740 2562 2786 recte
2587 2729 2721 2802 facta
2749 2724 3052 2782 ducendum
3088 2730 3172 2777 est
3210 2720 3395 2790 fugere
3420 2733 3503 2772 ar-

1896 2840 2151 2903 rogantes
2174 2872 2188 2892 ,
2218 2817 2575 2882 odio'habere
2605 2818 2837 2877 tumidos
2862 2825 2917 2874 et
2944 2814 3268 2876 insolentes,
3306 2823 3510 2878 eosque

1895 2924 2189 2982 abhorrere
2217 2930 2269 2976 et
2297 2916 2533 2975 aversari
2563 2933 2578 2970 ε
2608 2913 2703 2969 sed
2731 2919 2816 2966 est
2851 2909 3081 2963 maxima
3109 2904 3321 2959 virtutis
3348 2915 3506 2957 secu-

1897 3019 2056 3080 ritas,
2092 3012 2413 3069 humilitatis
2442 3008 2678 3062 maxima
2704 3000 2969 3058 custodia.
3006 2995 3187 3067 Neque
3215 2996 3268 3049 in
3295 2991 3507 3047 mirabi-

1898 3111 2025 3165 libus
2053 3123 2204 3175 super
2227 3121 2323 3160 me.
2353 3104 2521 3162 Alius.
2556 3098 2735 3169 Neque
2763 3097 2815 3149 in
2842 3111 2921 3149 nte
2944 3088 3367 3160 «superantibus
3402 3084 3502 3157 (α).

1895 3203 1949 3258 2.
2004 3204 2064 3258 Si
2103 3218 2203 3255 non
2245 3197 2504 3252 humiliter
2534 3192 2810 3249 sentiebam
2835 3230 2849 3254 ,
2896 3186 2988 3240 sed
3017 3183 3238 3240 excitavi
3282 3182 3508 3236 animum

1900 3314 2088 3354 meam.
2129 3295 2184 3349 5.
2210 3293 2359 3347 Sicut
2379 3289 2664 3343 obluctatus
2690 3293 2762 3338 cst
2784 3296 2937 3349 super
2964 3289 3176 3332 matrem
3212 3291 3395 3339 suam,
3437 3272 3510 3327 ita

1896 3390 2139 3445 retribucs
2160 3387 2211 3440 in
2238 3385 2463 3438 animam
2486 3394 2668 3433 meam.
2698 3374 2867 3438 Alius,
2894 3369 2978 3427 Ita
2999 3367 3308 3424 retribuatur
3322 3364 3507 3420 anima

1896 3498 2043 3538 mete.
2078 3480 2282 3534 Dictum
2308 3482 2394 3532 est
2418 3488 2515 3545 per
2539 3468 2896 3541 hyperbaton,
2931 3476 3125 3530 nempe
3150 3478 3163 3513 :
3192 3458 3249 3513 Si
3275 3473 3379 3513 non
3408 3455 3509 3511 hu~

1897 3576 2097 3631 utiliter
2138 3567 2433 3626 sentiebam
2460 3606 2475 3627 ,
2519 3565 2650 3619 sicut
2700 3559 3023 3614 ahlactatum
3071 3567 3237 3621 super
3281 3559 3508 3604 matrem

1897 3682 2049 3723 suam
2070 3706 2084 3729 ,
2112 3661 2209 3719 sed
2234 3658 2458 3716 exaltari
2481 3671 2575 3710 cor
2603 3666 2781 3707 meum
2806 3690 2821 3715 ,
2851 3649 2922 3703 ita
2955 3643 3286 3702 retribuatur
3313 3640 3508 3695 animm

1898 3774 2056 3814 mean
2086 3753 2238 3822 Quod
2271 3761 2447 3807 autem
2469 3746 2619 3811 dicit,
2644 3750 2728 3798 est
2748 3738 3013 3811 ejusmodi
3045 3754 3060 3793 :
3088 3736 3203 3793 Non
3228 3733 3401 3789 solum
3432 3730 3503 3786 l'ui

1899 3851 2035 3915 liber
2054 3864 2083 3902 a
2115 3847 2243 3900 vitio
2267 3886 2280 3907 ,
2312 3838 2636 3911 arrogantia,
2669 3834 2886 3904 inquam
2906 3874 2920 3896 ,
2968 3844 3073 3885 nec
3098 3827 3271 3881 solum
3303 3824 3371 3880 ab
3400 3824 3501 3890 iis,

1898 3944 1986 4011 qui
2018 3941 2106 3995 illa
2139 3936 2347 4009 prsediti
2392 3941 2552 3996 sunt,
2603 3920 2811 3982 alienus
2843 3941 2856 3978 :
2887 3919 3244 3978 verumetiam
3284 3925 3505 3973 contrao

1899 4039 2031 4093 riam
2060 4035 2110 4090 ei
2139 4033 2389 4088 virtutem
2418 4021 2803 4096 supramodum
2834 4016 3071 4088 suscepi,
3102 4026 3298 4080 nempe
3325 4009 3506 4064 hnmi‘

1897 4130 2102 4184 litatum
2128 4169 2144 4192 ,
2188 4121 2611 4179 moderationem
2639 4157 2654 4180 ,
2702 4110 3108 4167 contritionem.
3161 4102 3294 4159 illud
3330 4102 3506 4171 ipsum

1897 4190 2147 4277 Christus
2175 4229 2390 4288 quoque
2416 4207 2659 4281 prtecipit
2681 4201 2958 4272 disCipulis
2982 4198 3114 4261 suis,
3137 4196 3324 4251 dicens
3348 4210 3362 4247 :
3390 4190 3491 4245 Nis

1899 4311 2129 4367 conversi
2158 4306 2385 4380 fueritis,
2415 4312 2465 4359 et
2494 4297 2781 4374 eﬂiciamini
2800 4287 3173 4361 sicutparvuli,
3209 4303 3311 4341 non
3332 4284 3504 4355 ingre-

1900 4403 2107 4458 dicmini
2128 4374 2335 4470 regnum
2356 4395 2597 4450 caelorum
2619 4392 2638 4460 (
2660 4387 2847 4444 Matth.
2873 4384 2963 4441 18.
2991 4384 3026 4439 3
3112 4380 3283 4444 Talis,
3310 4374 3506 4447 inquit,

1900 4495 1998 4550 fuit
2042 4507 2157 4549 mea
2182 4465 2515 4550 rhumilitas,
2565 4481 2741 4553 qualis
2784 4476 3041 4540 infantis,
3091 4471 3183 4543 qui
3216 4468 3412 4540 pendet
3438 4465 3510 4522 ab

1898 4589 2066 4644 uhere
2095 4584 2301 4639 matris.
2334 4573 2797 4647 Quemadmodum
2828 4570 2971 4626 enim
3002 4568 3090 4623 ille
3119 4563 3356 4619 adita-ret
3389 4575 3509 4613 ma-

1899 4680 1966 4734 tri
1988 4720 2004 4746 ,
2036 4676 2251 4731 humilis
2272 4681 2377 4737 est,
2402 4678 2458 4726 et
2485 4664 2633 4722 omni
2663 4660 2968 4733 arrogantia
3013 4671 3216 4712 vacuus
3240 4695 3255 4719 ,
3303 4651 3430 4707 vivit
3454 4649 3509 4704 in

1902 4770 2204 4829 innocentia
2236 4779 2443 4821 summa
2470 4769 2525 4817 et
2555 4756 2902 4826 simplicitate
2926 4768 2940 4805 :
2969 4752 3041 4805 ita
3066 4762 3166 4819 ego
3188 4746 3348 4801 etiam
3383 4756 3509 4813 erga

1904 4865 2070 4919 Deum
2106 4876 2193 4914 me
2223 4855 2472 4927 gerebam
2495 4895 2510 4920 ,
2543 4851 2592 4905 ei
2622 4844 2884 4921 perpetuo
2910 4841 3216 4896 adhmrcus.
3244 4830 3514 4891 Ahlactati

1903 4965 2080 5010 autem
2109 4968 2216 5008 non
2237 4949 2335 5005 abs
2358 4962 2416 5004 re
2444 4943 2687 5001 meminit
2712 4956 2728 5006 ;
2761 4936 2857 4993 sed
2898 4933 3086 4989 Volens
3116 4927 3403 4985 ostendere
3427 4930 3515 4979 at-

1904 5049 2219 5112 llictionem,
2247 5040 2568 5110 angustiam,
2596 5035 2869 5096 dolorem,
2896 5029 3161 5084 malorum
3187 5020 3516 5093 magnitudi-

1905 5157 2049 5197 nem.
2102 5130 2563 5206 Quemadmodum
2595 5141 2726 5198 ergo
2764 5120 3056 5194 parvulus,
3105 5117 3195 5187 qui
3226 5128 3400 5183 nuper
3446 5112 3517 5167 ab

1906 5237 2069 5289 ubere
2096 5231 2312 5285 avulsus
2348 5232 2464 5287 est.
2508 5237 2579 5277 ne
2611 5221 2690 5276 sic
2719 5216 2937 5290 quidem
2980 5227 3011 5267 a
3055 5220 3233 5269 matre
3271 5206 3513 5271 recedit,

1905 5327 1999 5382 sed
2029 5325 2183 5387 ﬂens,
2210 5333 2455 5393 gemens,
2486 5318 2676 5388 lugens
2698 5356 2712 5378 ,
2744 5326 2886 5384 a‘gre
2913 5308 3094 5365 ferens
3127 5305 3146 5376 (
3163 5304 3228 5377 b)
3264 5310 3319 5359 et
3347 5317 3407 5357 se
3432 5300 3517 5355 af-

1908 5421 2138 5482 ﬂictans,
2168 5412 2325 5469 matri
2348 5423 2563 5480 semper
2583 5407 2844 5469 adhaeret,
2875 5416 2976 5457 nec
2996 5399 3065 5456 ab
3084 5413 3148 5453 ea
3172 5394 3377 5452 recedit
3403 5410 3417 5446 :
3447 5394 3520 5446 ita

1907 5527 2008 5582 ego
2028 5523 2263 5580 quoque,
2292 5504 2483 5574 inquit,
2505 5516 2626 5556 cum
2647 5513 2823 5553 essem
2844 5495 2897 5551 in
2915 5492 3229 5556 afﬂictione,
3253 5486 3516 5558 angustiis

1920 5618 1925 5622 ’
1970 5644 2045 5709 (τι)
2078 5652 2190 5709 "me
2210 5634 2555 5701 ίοιεηιτοιθιίο
2580 5640 2659 5709 est
2686 5620 3521 5709 itaeteEMPIEBLIRﬁW

1906 5680 2912 5764 tioii‘éni'r'e'ror-p'rorsusidcsideratui‘
2932 5692 2980 5739 in
3239 5680 3423 5764 Suilii.

1975 5746 2541 5835 iiTi'tié'iuéégjagie
2570 5746 2754 5835 ferens.
2776 5755 3155 5835 (δυεζείίριῖγρξ),
3193 5752 3409 5801 deerant
3458 5746 3512 5796 in

1911 5818 2098 5889 Μὸἕὲιξ
2118 5818 2223 5883 Sed
2249 5830 2296 5880 in
2322 5818 2435 5878 aliis
2455 5818 2837 5887 Exemplaribus
2861 5818 3127 5868 habentur.
