  <div class='ocr_page' id='page_1' title='image "/cluster/home/n/w/nwhite01/storage/ocr_20150623/55/pst.000005712540/371.png"; bbox 0 0 4218 6428; ppageno 0'>
   <div class='ocr_carea' id='block_1_1' title="bbox 712 385 820 444">
    <p class='ocr_par' dir='ltr' id='par_1_1' title="bbox 712 385 820 444">
     <span class='ocr_line' id='line_1_1' title="bbox 712 385 820 444; baseline -0.028 0"><span class='ocrx_word' id='word_1_1' title='bbox 712 385 820 444; x_wconf 62' lang='grc' dir='ltr'><strong>τις</strong></span> 
     </span>
    </p>
   </div>
   <div class='ocr_carea' id='block_1_2' title="bbox 712 483 2304 569">
    <p class='ocr_par' dir='ltr' id='par_1_2' title="bbox 712 483 2304 569">
     <span class='ocr_line' id='line_1_2' title="bbox 712 483 2304 569; baseline -0.013 -12"><span class='ocrx_word' id='word_1_2' title='bbox 712 512 769 558; x_wconf 91' lang='lat' dir='ltr'><strong>et</strong></span> <span class='ocrx_word' id='word_1_3' title='bbox 794 499 974 556; x_wconf 87' lang='lat' dir='ltr'><strong>multis</strong></span> <span class='ocrx_word' id='word_1_4' title='bbox 992 493 1403 569; x_wconf 68' lang='lat' dir='ltr'><strong>calamitatibus,</strong></span> <span class='ocrx_word' id='word_1_5' title='bbox 1431 490 1542 546; x_wconf 92' lang='lat' dir='ltr'><strong>Deo</strong></span> <span class='ocrx_word' id='word_1_6' title='bbox 1565 503 1781 558; x_wconf 84' lang='lat' dir='ltr'><strong>semper</strong></span> <span class='ocrx_word' id='word_1_7' title='bbox 1799 485 2017 541; x_wconf 71' lang='lat' dir='ltr'><strong>adlimsi.</strong></span> <span class='ocrx_word' id='word_1_8' title='bbox 2046 483 2101 539; x_wconf 93' lang='lat' dir='ltr'><strong>Si</strong></span> <span class='ocrx_word' id='word_1_9' title='bbox 2126 493 2304 537; x_wconf 88' lang='lat' dir='ltr'><strong>autem</strong></span> 
     </span>
    </p>
   </div>
   <div class='ocr_carea' id='block_1_3' title="bbox 715 578 2305 654">
    <p class='ocr_par' dir='ltr' id='par_1_3' title="bbox 715 578 2305 654">
     <span class='ocr_line' id='line_1_3' title="bbox 715 578 2305 654; baseline -0.013 -8"><span class='ocrx_word' id='word_1_10' title='bbox 715 594 787 647; x_wconf 90' lang='lat' dir='ltr'><strong>ita</strong></span> <span class='ocrx_word' id='word_1_11' title='bbox 814 604 919 646; x_wconf 91' lang='lat' dir='ltr'><strong>non</strong></span> <span class='ocrx_word' id='word_1_12' title='bbox 946 588 1042 654; x_wconf 80' lang='lat' dir='ltr'><strong>fui,</strong></span> <span class='ocrx_word' id='word_1_13' title='bbox 1071 586 1416 651; x_wconf 76' lang='lat' dir='ltr'><strong>retribuatur‘,</strong></span> <span class='ocrx_word' id='word_1_14' title='bbox 1448 582 1642 653; x_wconf 90' lang='lat' dir='ltr'><strong>inquit,</strong></span> <span class='ocrx_word' id='word_1_15' title='bbox 1672 596 1833 650; x_wconf 81' lang='lat' dir='ltr'><strong>super</strong></span> <span class='ocrx_word' id='word_1_16' title='bbox 1847 578 2079 634; x_wconf 86' lang='lat' dir='ltr'><strong>animam</strong></span> <span class='ocrx_word' id='word_1_17' title='bbox 2111 588 2305 637; x_wconf 87' lang='lat' dir='ltr'><strong>meam,</strong></span> 
     </span>
    </p>
   </div>
   <div class='ocr_carea' id='block_1_4' title="bbox 722 662 2307 747">
    <p class='ocr_par' dir='ltr' id='par_1_4' title="bbox 722 662 2307 747">
     <span class='ocr_line' id='line_1_4' title="bbox 722 662 2307 747; baseline -0.013 -12"><span class='ocrx_word' id='word_1_18' title='bbox 722 685 825 737; x_wconf 81' lang='lat' dir='ltr'><strong>hoc</strong></span> <span class='ocrx_word' id='word_1_19' title='bbox 848 688 951 747; x_wconf 85' lang='lat' dir='ltr'><strong>est,</strong></span> <span class='ocrx_word' id='word_1_20' title='bbox 984 677 1105 732; x_wconf 89' lang='lat' dir='ltr'><strong>dem</strong></span> <span class='ocrx_word' id='word_1_21' title='bbox 1135 662 1375 730; x_wconf 86' lang='lat' dir='ltr'><strong>ultimum</strong></span> <span class='ocrx_word' id='word_1_22' title='bbox 1403 668 1742 744; x_wconf 81' lang='lat' dir='ltr'><strong>supplicium.</strong></span> <span class='ocrx_word' id='word_1_23' title='bbox 1767 670 1822 725; x_wconf 71' lang='grc' dir='ltr'><strong>ι.</strong></span> <span class='ocrx_word' id='word_1_24' title='bbox 1855 667 2035 738; x_wconf 79' lang='lat' dir='ltr'><strong>Spem</strong></span> <span class='ocrx_word' id='word_1_25' title='bbox 2062 663 2228 719; x_wconf 82' lang='lat' dir='ltr'><strong>Israel</strong></span> <span class='ocrx_word' id='word_1_26' title='bbox 2254 666 2307 716; x_wconf 77' lang='lat' dir='ltr'><strong>in</strong></span> 
     </span>
    </p>
   </div>
   <div class='ocr_carea' id='block_1_5' title="bbox 716 756 2311 838">
    <p class='ocr_par' dir='ltr' id='par_1_5' title="bbox 716 756 2311 838">
     <span class='ocr_line' id='line_1_5' title="bbox 716 756 2311 838; baseline -0.011 -12"><span class='ocrx_word' id='word_1_27' title='bbox 716 770 934 827; x_wconf 79' lang='lat' dir='ltr'><strong>Domine</strong></span> <span class='ocrx_word' id='word_1_28' title='bbox 960 812 979 838; x_wconf 92' lang='lat'><strong>,</strong></span> <span class='ocrx_word' id='word_1_29' title='bbox 1007 785 1071 824; x_wconf 80' lang='lat' dir='ltr'><strong>ea:</strong></span> <span class='ocrx_word' id='word_1_30' title='bbox 1096 768 1191 823; x_wconf 82' lang='lat' dir='ltr'><strong>hoc</strong></span> <span class='ocrx_word' id='word_1_31' title='bbox 1216 783 1349 821; x_wconf 83' lang='lat' dir='ltr'><strong>nunc</strong></span> <span class='ocrx_word' id='word_1_32' title='bbox 1387 775 1433 820; x_wconf 82' lang='lat' dir='ltr'><strong>et</strong></span> <span class='ocrx_word' id='word_1_33' title='bbox 1468 780 1625 833; x_wconf 72' lang='lat' dir='ltr'><strong>usque</strong></span> <span class='ocrx_word' id='word_1_34' title='bbox 1649 763 1704 816; x_wconf 81' lang='lat' dir='ltr'><strong>in</strong></span> <span class='ocrx_word' id='word_1_35' title='bbox 1729 759 1992 815; x_wconf 68' lang='lat' dir='ltr'><strong>sertulam.</strong></span> <span class='ocrx_word' id='word_1_36' title='bbox 2025 756 2186 811; x_wconf 81' lang='lat' dir='ltr'><strong>Vides</strong></span> <span class='ocrx_word' id='word_1_37' title='bbox 2206 796 2221 820; x_wconf 92' lang='lat'><strong>,</strong></span> <span class='ocrx_word' id='word_1_38' title='bbox 2252 762 2311 809; x_wconf 88' lang='lat' dir='ltr'><strong>ut</strong></span> 
     </span>
    </p>
   </div>
   <div class='ocr_carea' id='block_1_6' title="bbox 714 850 2308 933">
    <p class='ocr_par' dir='ltr' id='par_1_6' title="bbox 714 850 2308 933">
     <span class='ocr_line' id='line_1_6' title="bbox 714 850 2308 933; baseline -0.009 -14"><span class='ocrx_word' id='word_1_39' title='bbox 714 864 825 919; x_wconf 86' lang='lat' dir='ltr'><strong>dixi</strong></span> <span class='ocrx_word' id='word_1_40' title='bbox 852 865 904 917; x_wconf 90' lang='lat' dir='ltr'><strong>in</strong></span> <span class='ocrx_word' id='word_1_41' title='bbox 935 862 1196 933; x_wconf 83' lang='lat' dir='ltr'><strong>principio</strong></span> <span class='ocrx_word' id='word_1_42' title='bbox 1219 902 1235 927; x_wconf 87' lang='lat'><strong>,</strong></span> <span class='ocrx_word' id='word_1_43' title='bbox 1282 860 1335 915; x_wconf 90' lang='lat' dir='ltr'><strong>in</strong></span> <span class='ocrx_word' id='word_1_44' title='bbox 1362 859 1426 914; x_wconf 90' lang='lat' dir='ltr'><strong>iis</strong></span> <span class='ocrx_word' id='word_1_45' title='bbox 1450 856 1661 929; x_wconf 79' lang='lat' dir='ltr'><strong>quidem</strong></span> <span class='ocrx_word' id='word_1_46' title='bbox 1688 871 1808 927; x_wconf 78' lang='lat' dir='ltr'><strong>qua:</strong></span> <span class='ocrx_word' id='word_1_47' title='bbox 1835 855 1902 908; x_wconf 89' lang='lat' dir='ltr'><strong>ad</strong></span> <span class='ocrx_word' id='word_1_48' title='bbox 1930 853 2087 907; x_wconf 87' lang='lat' dir='ltr'><strong>lidem</strong></span> <span class='ocrx_word' id='word_1_49' title='bbox 2116 859 2170 907; x_wconf 91' lang='lat' dir='ltr'><strong>et</strong></span> <span class='ocrx_word' id='word_1_50' title='bbox 2206 850 2308 905; x_wconf 89' lang='lat' dir='ltr'><strong>do—</strong></span> 
     </span>
    </p>
   </div>
   <div class='ocr_carea' id='block_1_7' title="bbox 716 940 2306 1027">
    <p class='ocr_par' dir='ltr' id='par_1_7' title="bbox 716 940 2306 1027">
     <span class='ocr_line' id='line_1_7' title="bbox 716 940 2306 1027; baseline -0.01 -17"><span class='ocrx_word' id='word_1_51' title='bbox 716 964 893 1027; x_wconf 73' lang='lat' dir='ltr'><strong>gmata</strong></span> <span class='ocrx_word' id='word_1_52' title='bbox 921 955 1227 1027; x_wconf 88' lang='lat' dir='ltr'><strong>pertinent,</strong></span> <span class='ocrx_word' id='word_1_53' title='bbox 1258 952 1359 1007; x_wconf 92' lang='lat' dir='ltr'><strong>etsi</strong></span> <span class='ocrx_word' id='word_1_54' title='bbox 1401 949 1545 1004; x_wconf 86' lang='lat' dir='ltr'><strong>nulla</strong></span> <span class='ocrx_word' id='word_1_55' title='bbox 1572 962 1733 1003; x_wconf 87' lang='lat' dir='ltr'><strong>causa</strong></span> <span class='ocrx_word' id='word_1_56' title='bbox 1760 948 1849 1013; x_wconf 94' lang='lat' dir='ltr'><strong>sit,</strong></span> <span class='ocrx_word' id='word_1_57' title='bbox 1894 952 2143 1014; x_wconf 85' lang='lat' dir='ltr'><strong>oportere</strong></span> <span class='ocrx_word' id='word_1_58' title='bbox 2169 940 2306 997; x_wconf 75' lang='lat' dir='ltr'><strong>assi~</strong></span> 
     </span>
    </p>
   </div>
   <div class='ocr_carea' id='block_1_8' title="bbox 716 1035 2308 1118">
    <p class='ocr_par' dir='ltr' id='par_1_8' title="bbox 716 1035 2308 1118">
     <span class='ocr_line' id='line_1_8' title="bbox 716 1035 2308 1118; baseline -0.008 -19"><span class='ocrx_word' id='word_1_59' title='bbox 716 1048 822 1103; x_wconf 77' lang='lat' dir='ltr'><strong>due</strong></span> <span class='ocrx_word' id='word_1_60' title='bbox 840 1045 1078 1118; x_wconf 89' lang='lat' dir='ltr'><strong>gloriari,</strong></span> <span class='ocrx_word' id='word_1_61' title='bbox 1102 1052 1156 1098; x_wconf 89' lang='lat' dir='ltr'><strong>et</strong></span> <span class='ocrx_word' id='word_1_62' title='bbox 1180 1058 1304 1097; x_wconf 90' lang='lat' dir='ltr'><strong>eum</strong></span> <span class='ocrx_word' id='word_1_63' title='bbox 1328 1041 1415 1110; x_wconf 92' lang='lat' dir='ltr'><strong>qui</strong></span> <span class='ocrx_word' id='word_1_64' title='bbox 1448 1055 1552 1095; x_wconf 91' lang='lat' dir='ltr'><strong>non</strong></span> <span class='ocrx_word' id='word_1_65' title='bbox 1578 1039 1834 1108; x_wconf 74' lang='lat' dir='ltr'><strong>gloriatur</strong></span> <span class='ocrx_word' id='word_1_66' title='bbox 1855 1035 2063 1105; x_wconf 88' lang='lat' dir='ltr'><strong>perire:</strong></span> <span class='ocrx_word' id='word_1_67' title='bbox 2084 1035 2137 1088; x_wconf 90' lang='lat' dir='ltr'><strong>in</strong></span> <span class='ocrx_word' id='word_1_68' title='bbox 2163 1040 2308 1087; x_wconf 88' lang='lat' dir='ltr'><strong>recte</strong></span> 
     </span>
    </p>
   </div>
   <div class='ocr_carea' id='block_1_9' title="bbox 718 1123 2306 1202">
    <p class='ocr_par' dir='ltr' id='par_1_9' title="bbox 718 1123 2306 1202">
     <span class='ocr_line' id='line_1_9' title="bbox 718 1123 2306 1202; baseline -0.008 -13"><span class='ocrx_word' id='word_1_69' title='bbox 718 1146 898 1192; x_wconf 81' lang='lat' dir='ltr'><strong>autem</strong></span> <span class='ocrx_word' id='word_1_70' title='bbox 933 1134 1107 1198; x_wconf 87' lang='lat' dir='ltr'><strong>factis,</strong></span> <span class='ocrx_word' id='word_1_71' title='bbox 1135 1147 1256 1188; x_wconf 91' lang='lat' dir='ltr'><strong>cum</strong></span> <span class='ocrx_word' id='word_1_72' title='bbox 1289 1139 1498 1202; x_wconf 83' lang='lat' dir='ltr'><strong>tempus</strong></span> <span class='ocrx_word' id='word_1_73' title='bbox 1523 1128 1784 1200; x_wconf 85' lang='lat' dir='ltr'><strong>postulat,</strong></span> <span class='ocrx_word' id='word_1_74' title='bbox 1814 1142 1919 1180; x_wconf 91' lang='lat' dir='ltr'><strong>non</strong></span> <span class='ocrx_word' id='word_1_75' title='bbox 1951 1123 2306 1180; x_wconf 88' lang='lat' dir='ltr'><strong>recusandum</strong></span> 
     </span>
    </p>
   </div>
   <div class='ocr_carea' id='block_1_10' title="bbox 720 1214 2309 1298">
    <p class='ocr_par' dir='ltr' id='par_1_10' title="bbox 720 1214 2309 1298">
     <span class='ocr_line' id='line_1_10' title="bbox 720 1214 2309 1298; baseline -0.01 -13"><span class='ocrx_word' id='word_1_76' title='bbox 720 1244 841 1285; x_wconf 87' lang='lat' dir='ltr'><strong>esse</strong></span> <span class='ocrx_word' id='word_1_77' title='bbox 867 1222 1103 1298; x_wconf 85' lang='lat' dir='ltr'><strong>gloriari.</strong></span> <span class='ocrx_word' id='word_1_78' title='bbox 1131 1223 1410 1293; x_wconf 81' lang='lat' dir='ltr'><strong>Quodnam</strong></span> <span class='ocrx_word' id='word_1_79' title='bbox 1454 1232 1535 1276; x_wconf 88' lang='lat' dir='ltr'><strong>est</strong></span> <span class='ocrx_word' id='word_1_80' title='bbox 1570 1228 1745 1274; x_wconf 90' lang='lat' dir='ltr'><strong>autem</strong></span> <span class='ocrx_word' id='word_1_81' title='bbox 1778 1217 2022 1286; x_wconf 83' lang='lat' dir='ltr'><strong>tempus?</strong></span> <span class='ocrx_word' id='word_1_82' title='bbox 2063 1214 2223 1271; x_wconf 73' lang='lat' dir='ltr'><strong>Multa</strong></span> <span class='ocrx_word' id='word_1_83' title='bbox 2254 1224 2309 1270; x_wconf 89' lang='lat' dir='ltr'><strong>et</strong></span> 
     </span>
    </p>
   </div>
   <div class='ocr_carea' id='block_1_11' title="bbox 724 1306 2305 1387">
    <p class='ocr_par' dir='ltr' id='par_1_11' title="bbox 724 1306 2305 1387">
     <span class='ocr_line' id='line_1_11' title="bbox 724 1306 2305 1387; baseline -0.008 -14"><span class='ocrx_word' id='word_1_84' title='bbox 724 1318 898 1383; x_wconf 83' lang='lat' dir='ltr'><strong>varia,</strong></span> <span class='ocrx_word' id='word_1_85' title='bbox 925 1330 1151 1387; x_wconf 90' lang='lat' dir='ltr'><strong>quorum</strong></span> <span class='ocrx_word' id='word_1_86' title='bbox 1177 1327 1342 1369; x_wconf 87' lang='lat' dir='ltr'><strong>unum</strong></span> <span class='ocrx_word' id='word_1_87' title='bbox 1372 1320 1459 1367; x_wconf 89' lang='lat' dir='ltr'><strong>est</strong></span> <span class='ocrx_word' id='word_1_88' title='bbox 1483 1352 1499 1377; x_wconf 95' lang='lat'><strong>,</strong></span> <span class='ocrx_word' id='word_1_89' title='bbox 1542 1308 1765 1365; x_wconf 85' lang='lat' dir='ltr'><strong>docendi</strong></span> <span class='ocrx_word' id='word_1_90' title='bbox 1792 1307 2113 1363; x_wconf 79' lang='lat' dir='ltr'><strong>auditorem.</strong></span> <span class='ocrx_word' id='word_1_91' title='bbox 2154 1306 2305 1374; x_wconf 87' lang='lat' dir='ltr'><strong>Quod</strong></span> 
     </span>
    </p>
   </div>
   <div class='ocr_carea' id='block_1_12' title="bbox 717 1398 2304 1477">
    <p class='ocr_par' dir='ltr' id='par_1_12' title="bbox 717 1398 2304 1477">
     <span class='ocr_line' id='line_1_12' title="bbox 717 1398 2304 1477; baseline -0.008 -13"><span class='ocrx_word' id='word_1_92' title='bbox 717 1410 805 1465; x_wconf 87' lang='lat' dir='ltr'><strong>hic</strong></span> <span class='ocrx_word' id='word_1_93' title='bbox 831 1407 1044 1477; x_wconf 88' lang='lat' dir='ltr'><strong>quoque</strong></span> <span class='ocrx_word' id='word_1_94' title='bbox 1069 1405 1269 1471; x_wconf 86' lang='lat' dir='ltr'><strong>sciens,</strong></span> <span class='ocrx_word' id='word_1_95' title='bbox 1316 1412 1373 1459; x_wconf 92' lang='lat' dir='ltr'><strong>et</strong></span> <span class='ocrx_word' id='word_1_96' title='bbox 1395 1402 1684 1459; x_wconf 87' lang='lat' dir='ltr'><strong>ostendens</strong></span> <span class='ocrx_word' id='word_1_97' title='bbox 1729 1416 1789 1456; x_wconf 89' lang='lat' dir='ltr'><strong>se</strong></span> <span class='ocrx_word' id='word_1_98' title='bbox 1838 1414 1932 1454; x_wconf 84' lang='lat' dir='ltr'><strong>sua</strong></span> <span class='ocrx_word' id='word_1_99' title='bbox 1979 1408 2126 1455; x_wconf 89' lang='lat' dir='ltr'><strong>recte</strong></span> <span class='ocrx_word' id='word_1_100' title='bbox 2167 1398 2304 1453; x_wconf 87' lang='lat' dir='ltr'><strong>facta</strong></span> 
     </span>
    </p>
   </div>
   <div class='ocr_carea' id='block_1_13' title="bbox 718 1489 2302 1571">
    <p class='ocr_par' dir='ltr' id='par_1_13' title="bbox 718 1489 2302 1571">
     <span class='ocr_line' id='line_1_13' title="bbox 718 1489 2302 1571; baseline -0.006 -16"><span class='ocrx_word' id='word_1_101' title='bbox 718 1501 839 1556; x_wconf 89' lang='lat' dir='ltr'><strong>ideo</strong></span> <span class='ocrx_word' id='word_1_102' title='bbox 854 1499 1056 1564; x_wconf 83' lang='lat' dir='ltr'><strong>dicere,</strong></span> <span class='ocrx_word' id='word_1_103' title='bbox 1081 1507 1140 1554; x_wconf 92' lang='lat' dir='ltr'><strong>ut</strong></span> <span class='ocrx_word' id='word_1_104' title='bbox 1158 1496 1457 1553; x_wconf 82' lang='lat' dir='ltr'><strong>auditorem</strong></span> <span class='ocrx_word' id='word_1_105' title='bbox 1476 1494 1545 1567; x_wconf 79' lang='lat' dir='ltr'><strong>ad</strong></span> <span class='ocrx_word' id='word_1_106' title='bbox 1566 1494 1649 1549; x_wconf 86' lang='lat' dir='ltr'><strong>sui</strong></span> <span class='ocrx_word' id='word_1_107' title='bbox 1671 1492 2021 1548; x_wconf 82' lang='lat' dir='ltr'><strong>imitationem</strong></span> <span class='ocrx_word' id='word_1_108' title='bbox 2050 1489 2302 1571; x_wconf 77' lang='lat' dir='ltr'><strong>attrahat,</strong></span> 
     </span>
    </p>
   </div>
   <div class='ocr_carea' id='block_1_14' title="bbox 716 1584 2307 1663">
    <p class='ocr_par' dir='ltr' id='par_1_14' title="bbox 716 1584 2307 1663">
     <span class='ocr_line' id='line_1_14' title="bbox 716 1584 2307 1663; baseline -0.006 -16"><span class='ocrx_word' id='word_1_109' title='bbox 716 1593 992 1663; x_wconf 87' lang='lat' dir='ltr'><strong>subjunxit</strong></span> <span class='ocrx_word' id='word_1_110' title='bbox 1030 1592 1256 1647; x_wconf 86' lang='lat' dir='ltr'><strong>dicens:</strong></span> <span class='ocrx_word' id='word_1_111' title='bbox 1289 1588 1473 1659; x_wconf 71' lang='lat' dir='ltr'><strong>Sperat</strong></span> <span class='ocrx_word' id='word_1_112' title='bbox 1510 1585 1679 1642; x_wconf 74' lang='lat' dir='ltr'><strong>Israel</strong></span> <span class='ocrx_word' id='word_1_113' title='bbox 1717 1587 1772 1640; x_wconf 86' lang='lat' dir='ltr'><strong>in</strong></span> <span class='ocrx_word' id='word_1_114' title='bbox 1806 1584 2025 1638; x_wconf 83' lang='lat' dir='ltr'><strong>Domino</strong></span> <span class='ocrx_word' id='word_1_115' title='bbox 2049 1622 2066 1643; x_wconf 85' lang='lat'><strong>.</strong></span> <span class='ocrx_word' id='word_1_116' title='bbox 2111 1600 2175 1639; x_wconf 81' lang='lat' dir='ltr'><strong>ea:</strong></span> <span class='ocrx_word' id='word_1_117' title='bbox 2212 1584 2307 1637; x_wconf 84' lang='lat' dir='ltr'><strong>hoc</strong></span> 
     </span>
    </p>
   </div>
   <div class='ocr_carea' id='block_1_15' title="bbox 717 1674 2302 1750">
    <p class='ocr_par' dir='ltr' id='par_1_15' title="bbox 717 1674 2302 1750">
     <span class='ocr_line' id='line_1_15' title="bbox 717 1674 2302 1750; baseline -0.006 -14"><span class='ocrx_word' id='word_1_118' title='bbox 717 1699 853 1738; x_wconf 75' lang='lat' dir='ltr'><strong>nunc</strong></span> <span class='ocrx_word' id='word_1_119' title='bbox 885 1688 933 1737; x_wconf 76' lang='lat' dir='ltr'><strong>et</strong></span> <span class='ocrx_word' id='word_1_120' title='bbox 963 1697 1115 1750; x_wconf 71' lang='lat' dir='ltr'><strong>usque</strong></span> <span class='ocrx_word' id='word_1_121' title='bbox 1141 1680 1196 1734; x_wconf 80' lang='lat' dir='ltr'><strong>in</strong></span> <span class='ocrx_word' id='word_1_122' title='bbox 1220 1679 1485 1734; x_wconf 72' lang='lat' dir='ltr'><strong>malum.</strong></span> <span class='ocrx_word' id='word_1_123' title='bbox 1509 1677 1633 1733; x_wconf 88' lang='lat' dir='ltr'><strong>Sive</strong></span> <span class='ocrx_word' id='word_1_124' title='bbox 1655 1715 1672 1743; x_wconf 96' lang='lat'><strong>,</strong></span> <span class='ocrx_word' id='word_1_125' title='bbox 1719 1676 1906 1745; x_wconf 85' lang='lat' dir='ltr'><strong>inquit,</strong></span> <span class='ocrx_word' id='word_1_126' title='bbox 1936 1674 2268 1729; x_wconf 82' lang='lat' dir='ltr'><strong>calamitates</strong></span> <span class='ocrx_word' id='word_1_127' title='bbox 2287 1714 2302 1737; x_wconf 93' lang='lat'><strong>,</strong></span> 
     </span>
    </p>
   </div>
   <div class='ocr_carea' id='block_1_16' title="bbox 715 1764 2308 1843">
    <p class='ocr_par' dir='ltr' id='par_1_16' title="bbox 715 1764 2308 1843">
     <span class='ocr_line' id='line_1_16' title="bbox 715 1764 2308 1843; baseline -0.007 -13"><span class='ocrx_word' id='word_1_128' title='bbox 715 1774 830 1830; x_wconf 86' lang='lat' dir='ltr'><strong>sive</strong></span> <span class='ocrx_word' id='word_1_129' title='bbox 848 1766 1211 1843; x_wconf 82' lang='lat' dir='ltr'><strong>:egritudines,</strong></span> <span class='ocrx_word' id='word_1_130' title='bbox 1232 1770 1345 1825; x_wconf 89' lang='lat' dir='ltr'><strong>sive</strong></span> <span class='ocrx_word' id='word_1_131' title='bbox 1364 1764 1525 1837; x_wconf 80' lang='lat' dir='ltr'><strong>bella,</strong></span> <span class='ocrx_word' id='word_1_132' title='bbox 1553 1776 1608 1823; x_wconf 92' lang='lat' dir='ltr'><strong>et</strong></span> <span class='ocrx_word' id='word_1_133' title='bbox 1630 1767 1987 1837; x_wconf 84' lang='lat' dir='ltr'><strong>captivitatcs,</strong></span> <span class='ocrx_word' id='word_1_134' title='bbox 2006 1766 2118 1819; x_wconf 78' lang='lat' dir='ltr'><strong>sive</strong></span> <span class='ocrx_word' id='word_1_135' title='bbox 2136 1764 2308 1831; x_wconf 86' lang='lat' dir='ltr'><strong>quod-</strong></span> 
     </span>
    </p>
   </div>
   <div class='ocr_carea' id='block_1_17' title="bbox 717 1846 2303 1936">
    <p class='ocr_par' dir='ltr' id='par_1_17' title="bbox 717 1846 2303 1936">
     <span class='ocr_line' id='line_1_17' title="bbox 717 1846 2303 1936; baseline -0.006 -13"><span class='ocrx_word' id='word_1_136' title='bbox 717 1882 947 1936; x_wconf 82' lang='lat' dir='ltr'><strong>cumque</strong></span> <span class='ocrx_word' id='word_1_137' title='bbox 971 1865 1112 1920; x_wconf 83' lang='lat' dir='ltr'><strong>aliud</strong></span> <span class='ocrx_word' id='word_1_138' title='bbox 1140 1878 1308 1933; x_wconf 87' lang='lat' dir='ltr'><strong>grave</strong></span> <span class='ocrx_word' id='word_1_139' title='bbox 1334 1870 1389 1919; x_wconf 87' lang='lat' dir='ltr'><strong>et</strong></span> <span class='ocrx_word' id='word_1_140' title='bbox 1405 1861 1736 1932; x_wconf 85' lang='lat' dir='ltr'><strong>inepinatum</strong></span> <span class='ocrx_word' id='word_1_141' title='bbox 1767 1861 1963 1914; x_wconf 87' lang='lat' dir='ltr'><strong>malum</strong></span> <span class='ocrx_word' id='word_1_142' title='bbox 1993 1868 2044 1913; x_wconf 90' lang='lat' dir='ltr'><strong>te</strong></span> <span class='ocrx_word' id='word_1_143' title='bbox 2070 1846 2303 1913; x_wconf 80' lang='lat' dir='ltr'><strong>circum-</strong></span> 
     </span>
    </p>
   </div>
   <div class='ocr_carea' id='block_1_18' title="bbox 718 1949 2307 2025">
    <p class='ocr_par' dir='ltr' id='par_1_18' title="bbox 718 1949 2307 2025">
     <span class='ocr_line' id='line_1_18' title="bbox 718 1949 2307 2025; baseline -0.004 -15"><span class='ocrx_word' id='word_1_144' title='bbox 718 1956 950 2022; x_wconf 86' lang='lat' dir='ltr'><strong>scderit,</strong></span> <span class='ocrx_word' id='word_1_145' title='bbox 978 1969 1126 2025; x_wconf 80' lang='lat' dir='ltr'><strong>Spem</strong></span> <span class='ocrx_word' id='word_1_146' title='bbox 1156 1954 1211 2009; x_wconf 88' lang='lat' dir='ltr'><strong>in</strong></span> <span class='ocrx_word' id='word_1_147' title='bbox 1243 1955 1407 2009; x_wconf 89' lang='lat' dir='ltr'><strong>Deum</strong></span> <span class='ocrx_word' id='word_1_148' title='bbox 1452 1961 1508 2006; x_wconf 93' lang='lat' dir='ltr'><strong>et</strong></span> <span class='ocrx_word' id='word_1_149' title='bbox 1538 1950 1987 2021; x_wconf 88' lang='lat' dir='ltr'><strong>exspectationem</strong></span> <span class='ocrx_word' id='word_1_150' title='bbox 2016 1949 2159 2004; x_wconf 81' lang='lat' dir='ltr'><strong>illam</strong></span> <span class='ocrx_word' id='word_1_151' title='bbox 2186 1956 2307 2003; x_wconf 90' lang='lat' dir='ltr'><strong>tene</strong></span> 
     </span>
    </p>
   </div>
   <div class='ocr_carea' id='block_1_19' title="bbox 720 2040 2304 2111">
    <p class='ocr_par' dir='ltr' id='par_1_19' title="bbox 720 2040 2304 2111">
     <span class='ocr_line' id='line_1_19' title="bbox 720 2040 2304 2111; baseline -0.007 -8"><span class='ocrx_word' id='word_1_152' title='bbox 720 2048 944 2103; x_wconf 82' lang='lat' dir='ltr'><strong>lirmitcr</strong></span> <span class='ocrx_word' id='word_1_153' title='bbox 969 2089 983 2111; x_wconf 94' lang='lat'><strong>,</strong></span> <span class='ocrx_word' id='word_1_154' title='bbox 1015 2055 1071 2100; x_wconf 89' lang='lat' dir='ltr'><strong>et</strong></span> <span class='ocrx_word' id='word_1_155' title='bbox 1104 2044 1323 2101; x_wconf 89' lang='lat' dir='ltr'><strong>omnino</strong></span> <span class='ocrx_word' id='word_1_156' title='bbox 1357 2044 1529 2099; x_wconf 88' lang='lat' dir='ltr'><strong>bonus</strong></span> <span class='ocrx_word' id='word_1_157' title='bbox 1555 2044 1658 2099; x_wconf 91' lang='lat' dir='ltr'><strong>erit</strong></span> <span class='ocrx_word' id='word_1_158' title='bbox 1702 2041 1793 2096; x_wconf 85' lang='lat' dir='ltr'><strong>tibi</strong></span> <span class='ocrx_word' id='word_1_159' title='bbox 1829 2040 1950 2095; x_wconf 86' lang='lat' dir='ltr'><strong>linis</strong></span> <span class='ocrx_word' id='word_1_160' title='bbox 1997 2050 2052 2095; x_wconf 86' lang='lat' dir='ltr'><strong>ct</strong></span> <span class='ocrx_word' id='word_1_161' title='bbox 2098 2040 2304 2107; x_wconf 85' lang='lat' dir='ltr'><strong>exitus,</strong></span> 
     </span>
    </p>
   </div>
   <div class='ocr_carea' id='block_1_20' title="bbox 721 2136 2307 2202">
    <p class='ocr_par' dir='ltr' id='par_1_20' title="bbox 721 2136 2307 2202">
     <span class='ocr_line' id='line_1_20' title="bbox 721 2136 2307 2202; baseline -0.006 -7"><span class='ocrx_word' id='word_1_162' title='bbox 721 2140 832 2195; x_wconf 84' lang='lat' dir='ltr'><strong>Deo</strong></span> <span class='ocrx_word' id='word_1_163' title='bbox 871 2138 1075 2194; x_wconf 85' lang='lat' dir='ltr'><strong>scilicet</strong></span> <span class='ocrx_word' id='word_1_164' title='bbox 1117 2136 1254 2190; x_wconf 85' lang='lat' dir='ltr'><strong>hanc</strong></span> <span class='ocrx_word' id='word_1_165' title='bbox 1286 2144 1428 2189; x_wconf 86' lang='lat' dir='ltr'><strong>luam</strong></span> <span class='ocrx_word' id='word_1_166' title='bbox 1456 2136 1649 2191; x_wconf 86' lang='lat' dir='ltr'><strong>bonam</strong></span> <span class='ocrx_word' id='word_1_167' title='bbox 1696 2147 1845 2202; x_wconf 58' lang='lat' dir='ltr'><strong>Spem</strong></span> <span class='ocrx_word' id='word_1_168' title='bbox 1874 2140 2250 2185; x_wconf 87' lang='lat' dir='ltr'><strong>rcmunerante</strong></span> <span class='ocrx_word' id='word_1_169' title='bbox 2276 2145 2307 2185; x_wconf 86' lang='lat' dir='ltr'><strong>a</strong></span> 
     </span>
    </p>
   </div>
   <div class='ocr_carea' id='block_1_21' title="bbox 720 2198 2309 2292">
    <p class='ocr_par' dir='ltr' id='par_1_21' title="bbox 720 2198 2309 2292">
     <span class='ocr_line' id='line_1_21' title="bbox 720 2198 2309 2292; baseline -0.006 -7"><span class='ocrx_word' id='word_1_170' title='bbox 720 2230 871 2285; x_wconf 85' lang='lat' dir='ltr'><strong>malis</strong></span> <span class='ocrx_word' id='word_1_171' title='bbox 897 2230 990 2285; x_wconf 82' lang='lat' dir='ltr'><strong>tibi</strong></span> <span class='ocrx_word' id='word_1_172' title='bbox 1033 2228 1154 2283; x_wconf 90' lang='lat' dir='ltr'><strong>data</strong></span> <span class='ocrx_word' id='word_1_173' title='bbox 1201 2226 1555 2292; x_wconf 83' lang='lat' dir='ltr'><strong>liberatione,</strong></span> <span class='ocrx_word' id='word_1_174' title='bbox 1600 2226 1653 2279; x_wconf 91' lang='lat' dir='ltr'><strong>in</strong></span> <span class='ocrx_word' id='word_1_175' title='bbox 1694 2198 1906 2279; x_wconf 63' lang='lat' dir='ltr'><strong>Christo</strong></span> <span class='ocrx_word' id='word_1_176' title='bbox 1934 2222 2061 2278; x_wconf 86' lang='lat' dir='ltr'><strong>Jesu</strong></span> <span class='ocrx_word' id='word_1_177' title='bbox 2083 2222 2309 2276; x_wconf 87' lang='lat' dir='ltr'><strong>Domino</strong></span> 
     </span>
    </p>
   </div>
   <div class='ocr_carea' id='block_1_22' title="bbox 718 2314 2304 2389">
    <p class='ocr_par' dir='ltr' id='par_1_22' title="bbox 718 2314 2304 2389">
     <span class='ocr_line' id='line_1_22' title="bbox 718 2314 2304 2389; baseline -0.007 -13"><span class='ocrx_word' id='word_1_178' title='bbox 718 2330 900 2376; x_wconf 86' lang='lat' dir='ltr'><strong>nostro</strong></span> <span class='ocrx_word' id='word_1_179' title='bbox 930 2339 944 2374; x_wconf 88' lang='lat'><strong>:</strong></span> <span class='ocrx_word' id='word_1_180' title='bbox 976 2320 1060 2374; x_wconf 90' lang='lat' dir='ltr'><strong>cui</strong></span> <span class='ocrx_word' id='word_1_181' title='bbox 1081 2318 1251 2389; x_wconf 77' lang='lat' dir='ltr'><strong>gloria</strong></span> <span class='ocrx_word' id='word_1_182' title='bbox 1279 2326 1336 2374; x_wconf 91' lang='lat' dir='ltr'><strong>et</strong></span> <span class='ocrx_word' id='word_1_183' title='bbox 1362 2317 1643 2387; x_wconf 86' lang='lat' dir='ltr'><strong>imperium</strong></span> <span class='ocrx_word' id='word_1_184' title='bbox 1668 2315 1719 2370; x_wconf 89' lang='lat' dir='ltr'><strong>in</strong></span> <span class='ocrx_word' id='word_1_185' title='bbox 1747 2316 1940 2370; x_wconf 66' lang='lat' dir='ltr'><strong>saecula</strong></span> <span class='ocrx_word' id='word_1_186' title='bbox 1967 2314 2304 2370; x_wconf 75' lang='lat' dir='ltr'><strong>szeculorum.</strong></span> 
     </span>
    </p>
   </div>
   <div class='ocr_carea' id='block_1_23' title="bbox 720 2417 1925 2467">
    <p class='ocr_par' dir='ltr' id='par_1_23' title="bbox 720 2417 1925 2467">
     <span class='ocr_line' id='line_1_23' title="bbox 720 2417 1925 2467; baseline 0.002 -3"><span class='ocrx_word' id='word_1_187' title='bbox 720 2417 755 2464; x_wconf 76' lang='grc' dir='ltr'><strong><em>Α</em></strong></span> <span class='ocrx_word' id='word_1_188' title='bbox 766 2426 887 2467; x_wconf 78' lang='lat' dir='ltr'><strong>nteit</strong></span> <span class='ocrx_word' id='word_1_189' title='bbox 896 2452 911 2466; x_wconf 92' lang='lat'><strong>.</strong></span> <span class='ocrx_word' id='word_1_190' title='bbox 1914 2456 1925 2467; x_wconf 94' lang='lat'><strong>.</strong></span> 
     </span>
    </p>
   </div>
   <div class='ocr_carea' id='block_1_24' title="bbox 1140 2492 1850 2556">
    <p class='ocr_par' dir='ltr' id='par_1_24' title="bbox 1140 2492 1850 2556">
     <span class='ocr_line' id='line_1_24' title="bbox 1140 2492 1850 2556; baseline -0.01 0"><span class='ocrx_word' id='word_1_191' title='bbox 1140 2499 1205 2556; x_wconf 84' lang='lat' dir='ltr'><strong>lN</strong></span> <span class='ocrx_word' id='word_1_192' title='bbox 1244 2497 1570 2555; x_wconf 67' lang='lat' dir='ltr'><strong>PSALMUM</strong></span> <span class='ocrx_word' id='word_1_193' title='bbox 1608 2492 1850 2553; x_wconf 75' lang='lat' dir='ltr'><strong>CXXXI.</strong></span> 
     </span>
    </p>
   </div>
   <div class='ocr_carea' id='block_1_25' title="bbox 722 2586 2309 2658">
    <p class='ocr_par' dir='ltr' id='par_1_25' title="bbox 722 2586 2309 2658">
     <span class='ocr_line' id='line_1_25' title="bbox 722 2586 2309 2658; baseline -0.004 -9"><span class='ocrx_word' id='word_1_194' title='bbox 722 2595 748 2649; x_wconf 72' lang='grc' dir='ltr'>ί</span> <span class='ocrx_word' id='word_1_195' title='bbox 807 2591 1058 2648; x_wconf 80' lang='lat' dir='ltr'><strong>lletttento</strong></span> <span class='ocrx_word' id='word_1_196' title='bbox 1081 2632 1097 2658; x_wconf 90' lang='lat'><strong>,</strong></span> <span class='ocrx_word' id='word_1_197' title='bbox 1129 2589 1347 2645; x_wconf 80' lang='lat' dir='ltr'><strong>Domine</strong></span> <span class='ocrx_word' id='word_1_198' title='bbox 1368 2631 1384 2658; x_wconf 90' lang='lat'><strong>,</strong></span> <span class='ocrx_word' id='word_1_199' title='bbox 1412 2589 1580 2643; x_wconf 74' lang='lat' dir='ltr'><strong>Dauid</strong></span> <span class='ocrx_word' id='word_1_200' title='bbox 1602 2630 1617 2657; x_wconf 92' lang='lat'><strong>,</strong></span> <span class='ocrx_word' id='word_1_201' title='bbox 1650 2598 1695 2643; x_wconf 81' lang='lat' dir='ltr'><strong>et</strong></span> <span class='ocrx_word' id='word_1_202' title='bbox 1721 2589 1883 2643; x_wconf 84' lang='lat' dir='ltr'><strong>omnis</strong></span> <span class='ocrx_word' id='word_1_203' title='bbox 1911 2586 2309 2642; x_wconf 76' lang='lat' dir='ltr'><strong>mansuetudinis</strong></span> 
     </span>
    </p>
   </div>
   <div class='ocr_carea' id='block_1_26' title="bbox 1432 2683 1563 2753">
    <p class='ocr_par' dir='ltr' id='par_1_26' title="bbox 1432 2683 1563 2753">
     <span class='ocr_line' id='line_1_26' title="bbox 1432 2683 1563 2753; baseline -0.015 -17"><span class='ocrx_word' id='word_1_204' title='bbox 1432 2683 1563 2753; x_wconf 73' lang='lat' dir='ltr'><strong>ejus.</strong></span> 
     </span>
    </p>
   </div>
   <div class='ocr_carea' id='block_1_27' title="bbox 792 2786 2309 2864">
    <p class='ocr_par' dir='ltr' id='par_1_27' title="bbox 792 2786 2309 2864">
     <span class='ocr_line' id='line_1_27' title="bbox 792 2786 2309 2864; baseline -0.003 -10"><span class='ocrx_word' id='word_1_205' title='bbox 792 2799 849 2854; x_wconf 74' lang='lat' dir='ltr'><strong>l.</strong></span> <span class='ocrx_word' id='word_1_206' title='bbox 878 2796 1044 2852; x_wconf 72' lang='lat' dir='ltr'><strong>Hosis</strong></span> <span class='ocrx_word' id='word_1_207' title='bbox 1065 2793 1502 2864; x_wconf 54' lang='lat' dir='ltr'><strong>mmusetudo.y-</strong></span> <span class='ocrx_word' id='word_1_208' title='bbox 1518 2786 1658 2847; x_wconf 75' lang='lat' dir='ltr'><strong>Alibi</strong></span> <span class='ocrx_word' id='word_1_209' title='bbox 1680 2790 1893 2864; x_wconf 87' lang='lat' dir='ltr'><strong>quidem</strong></span> <span class='ocrx_word' id='word_1_210' title='bbox 1922 2800 2112 2864; x_wconf 85' lang='lat' dir='ltr'><strong>rogant</strong></span> <span class='ocrx_word' id='word_1_211' title='bbox 2133 2792 2309 2850; x_wconf 87' lang='lat' dir='ltr'><strong>solum</strong></span> 
     </span>
    </p>
   </div>
   <div class='ocr_carea' id='block_1_28' title="bbox 722 2883 2310 2958">
    <p class='ocr_par' dir='ltr' id='par_1_28' title="bbox 722 2883 2310 2958">
     <span class='ocr_line' id='line_1_28' title="bbox 722 2883 2310 2958; baseline -0.006 -11"><span class='ocrx_word' id='word_1_212' title='bbox 722 2889 924 2947; x_wconf 82' lang='lat' dir='ltr'><strong>servari</strong></span> <span class='ocrx_word' id='word_1_213' title='bbox 950 2896 1016 2944; x_wconf 89' lang='lat' dir='ltr'><strong>ex</strong></span> <span class='ocrx_word' id='word_1_214' title='bbox 1042 2886 1302 2958; x_wconf 80' lang='lat' dir='ltr'><strong>memoria</strong></span> <span class='ocrx_word' id='word_1_215' title='bbox 1327 2884 1591 2954; x_wconf 81' lang='lat' dir='ltr'><strong>majorum</strong></span> <span class='ocrx_word' id='word_1_216' title='bbox 1621 2902 1648 2937; x_wconf 32' lang='lat'><strong>:.</strong></span> <span class='ocrx_word' id='word_1_217' title='bbox 1668 2883 1754 2938; x_wconf 88' lang='lat' dir='ltr'><strong>hic</strong></span> <span class='ocrx_word' id='word_1_218' title='bbox 1780 2891 1960 2939; x_wconf 91' lang='lat' dir='ltr'><strong>autem</strong></span> <span class='ocrx_word' id='word_1_219' title='bbox 1983 2883 2121 2938; x_wconf 90' lang='lat' dir='ltr'><strong>bona</strong></span> <span class='ocrx_word' id='word_1_220' title='bbox 2147 2896 2310 2952; x_wconf 87' lang='lat' dir='ltr'><strong>opera</strong></span> 
     </span>
    </p>
   </div>
   <div class='ocr_carea' id='block_1_29' title="bbox 721 2975 2310 3049">
    <p class='ocr_par' dir='ltr' id='par_1_29' title="bbox 721 2975 2310 3049">
     <span class='ocr_line' id='line_1_29' title="bbox 721 2975 2310 3049; baseline -0.005 -13"><span class='ocrx_word' id='word_1_221' title='bbox 721 2989 978 3046; x_wconf 83' lang='lat' dir='ltr'><strong>narrant,</strong></span> <span class='ocrx_word' id='word_1_222' title='bbox 1010 2988 1067 3035; x_wconf 93' lang='lat' dir='ltr'><strong>et</strong></span> <span class='ocrx_word' id='word_1_223' title='bbox 1106 2977 1250 3049; x_wconf 90' lang='lat' dir='ltr'><strong>quod</strong></span> <span class='ocrx_word' id='word_1_224' title='bbox 1274 2984 1358 3033; x_wconf 85' lang='lat' dir='ltr'><strong>est</strong></span> <span class='ocrx_word' id='word_1_225' title='bbox 1386 2977 1623 3032; x_wconf 90' lang='lat' dir='ltr'><strong>omnium</strong></span> <span class='ocrx_word' id='word_1_226' title='bbox 1651 2975 1910 3030; x_wconf 81' lang='lat' dir='ltr'><strong>bonorum</strong></span> <span class='ocrx_word' id='word_1_227' title='bbox 1936 2989 2097 3031; x_wconf 86' lang='lat' dir='ltr'><strong>causa</strong></span> <span class='ocrx_word' id='word_1_228' title='bbox 2121 3015 2137 3039; x_wconf 86' lang='lat'><strong>,</strong></span> <span class='ocrx_word' id='word_1_229' title='bbox 2191 2989 2310 3029; x_wconf 90' lang='lat' dir='ltr'><strong>mo-</strong></span> 
     </span>
    </p>
   </div>
   <div class='ocr_carea' id='block_1_30' title="bbox 721 3062 2309 3143">
    <p class='ocr_par' dir='ltr' id='par_1_30' title="bbox 721 3062 2309 3143">
     <span class='ocr_line' id='line_1_30' title="bbox 721 3062 2309 3143; baseline -0.006 -16"><span class='ocrx_word' id='word_1_230' title='bbox 721 3065 1090 3143; x_wconf 81' lang='lat' dir='ltr'><strong>derationem,</strong></span> <span class='ocrx_word' id='word_1_231' title='bbox 1129 3062 1483 3125; x_wconf 82' lang='lat' dir='ltr'><strong>humilitatem</strong></span> <span class='ocrx_word' id='word_1_232' title='bbox 1507 3064 2049 3133; x_wconf 74' lang='lat' dir='ltr'><strong>,-ma‘nsuetudinem.</strong></span> <span class='ocrx_word' id='word_1_233' title='bbox 2092 3064 2218 3119; x_wconf 86' lang='lat' dir='ltr'><strong>ideo</strong></span> <span class='ocrx_word' id='word_1_234' title='bbox 2256 3064 2309 3118; x_wconf 93' lang='lat' dir='ltr'><strong>in</strong></span> 
     </span>
    </p>
   </div>
   <div class='ocr_carea' id='block_1_31' title="bbox 724 3150 2308 3241">
    <p class='ocr_par' dir='ltr' id='par_1_31' title="bbox 724 3150 2308 3241">
     <span class='ocr_line' id='line_1_31' title="bbox 724 3150 2308 3241; baseline -0.006 -22"><span class='ocrx_word' id='word_1_235' title='bbox 724 3164 961 3241; x_wconf 15' lang='lat' dir='ltr'><strong>maxima.</strong></span> <span class='ocrx_word' id='word_1_236' title='bbox 979 3175 1193 3233; x_wconf 88' lang='lat' dir='ltr'><strong>quoque</strong></span> <span class='ocrx_word' id='word_1_237' title='bbox 1215 3158 1569 3215; x_wconf 87' lang='lat' dir='ltr'><strong>admiratione</strong></span> <span class='ocrx_word' id='word_1_238' title='bbox 1595 3150 1889 3226; x_wconf 56' lang='lat' dir='ltr'><strong>bibebatur</strong></span> <span class='ocrx_word' id='word_1_239' title='bbox 1912 3155 2106 3212; x_wconf 70' lang='lat' dir='ltr'><strong>Moses.</strong></span> <span class='ocrx_word' id='word_1_240' title='bbox 2137 3154 2266 3209; x_wconf 84' lang='lat' dir='ltr'><strong>Erat</strong></span> <span class='ocrx_word' id='word_1_241' title='bbox 2291 3196 2308 3222; x_wconf 93' lang='lat'><strong>,</strong></span> 
     </span>
    </p>
   </div>
   <div class='ocr_carea' id='block_1_32' title="bbox 726 3248 2312 3327">
    <p class='ocr_par' dir='ltr' id='par_1_32' title="bbox 726 3248 2312 3327">
     <span class='ocr_line' id='line_1_32' title="bbox 726 3248 2312 3327; baseline -0.007 -15"><span class='ocrx_word' id='word_1_242' title='bbox 726 3252 897 3327; x_wconf 87' lang='lat' dir='ltr'><strong>inquit</strong></span> <span class='ocrx_word' id='word_1_243' title='bbox 918 3294 935 3321; x_wconf 92' lang='lat'><strong>,</strong></span> <span class='ocrx_word' id='word_1_244' title='bbox 979 3252 1272 3311; x_wconf 73' lang='lat' dir='ltr'><strong>mitissimus</strong></span> <span class='ocrx_word' id='word_1_245' title='bbox 1297 3251 1524 3306; x_wconf 71' lang='lat' dir='ltr'><strong>nuntium</strong></span> <span class='ocrx_word' id='word_1_246' title='bbox 1550 3248 1812 3304; x_wconf 65' lang='lat' dir='ltr'><strong>haesissent</strong></span> <span class='ocrx_word' id='word_1_247' title='bbox 1830 3290 1844 3314; x_wconf 94' lang='lat'><strong>,</strong></span> <span class='ocrx_word' id='word_1_248' title='bbox 1886 3250 1971 3320; x_wconf 76' lang='lat' dir='ltr'><strong>qui</strong></span> <span class='ocrx_word' id='word_1_249' title='bbox 1993 3254 2134 3303; x_wconf 83' lang='lat' dir='ltr'><strong>erant</strong></span> <span class='ocrx_word' id='word_1_250' title='bbox 2162 3265 2312 3319; x_wconf 82' lang='lat' dir='ltr'><strong>super</strong></span> 
     </span>
    </p>
   </div>
   <div class='ocr_carea' id='block_1_33' title="bbox 726 3338 2314 3418">
    <p class='ocr_par' dir='ltr' id='par_1_33' title="bbox 726 3338 2314 3418">
     <span class='ocr_line' id='line_1_33' title="bbox 726 3338 2314 3418; baseline -0.006 -16"><span class='ocrx_word' id='word_1_251' title='bbox 726 3356 913 3402; x_wconf 77' lang='lat' dir='ltr'><strong>terram</strong></span> <span class='ocrx_word' id='word_1_252' title='bbox 937 3344 959 3418; x_wconf 91' lang='lat'><strong>(</strong></span> <span class='ocrx_word' id='word_1_253' title='bbox 981 3343 1144 3399; x_wconf 73' lang='lat' dir='ltr'><strong>Nunt.</strong></span> <span class='ocrx_word' id='word_1_254' title='bbox 1170 3342 1259 3399; x_wconf 65' lang='grc' dir='ltr'>η</span> <span class='ocrx_word' id='word_1_255' title='bbox 1287 3339 1379 3413; x_wconf 75' lang='lat'><strong>3).</strong></span> <span class='ocrx_word' id='word_1_256' title='bbox 1405 3340 1510 3397; x_wconf 85' lang='lat' dir='ltr'><strong>Sed</strong></span> <span class='ocrx_word' id='word_1_257' title='bbox 1529 3339 1770 3399; x_wconf 68' lang='lat' dir='ltr'><strong>nonnulli</strong></span> <span class='ocrx_word' id='word_1_258' title='bbox 1788 3338 2028 3418; x_wconf 64' lang='lat' dir='ltr'><strong>heretici</strong></span> <span class='ocrx_word' id='word_1_259' title='bbox 2052 3339 2168 3411; x_wconf 82' lang='lat' dir='ltr'><strong>ejus</strong></span> <span class='ocrx_word' id='word_1_260' title='bbox 2191 3338 2314 3393; x_wconf 71' lang='lat' dir='ltr'><strong>vitat</strong></span> 
     </span>
    </p>
   </div>
   <div class='ocr_carea' id='block_1_34' title="bbox 729 3416 2309 3504">
    <p class='ocr_par' dir='ltr' id='par_1_34' title="bbox 729 3416 2309 3504">
     <span class='ocr_line' id='line_1_34' title="bbox 729 3416 2309 3504; baseline -0.006 -12"><span class='ocrx_word' id='word_1_261' title='bbox 729 3416 1048 3501; x_wconf 84' lang='lat' dir='ltr'><strong>institutum,</strong></span> <span class='ocrx_word' id='word_1_262' title='bbox 1075 3442 1131 3490; x_wconf 91' lang='lat' dir='ltr'><strong>et</strong></span> <span class='ocrx_word' id='word_1_263' title='bbox 1154 3433 1208 3489; x_wconf 88' lang='lat' dir='ltr'><strong>id</strong></span> <span class='ocrx_word' id='word_1_264' title='bbox 1227 3432 1369 3504; x_wconf 89' lang='lat' dir='ltr'><strong>quod</strong></span> <span class='ocrx_word' id='word_1_265' title='bbox 1394 3420 1603 3493; x_wconf 47' lang='lat' dir='ltr'><strong>dictum&quot;</strong></span> <span class='ocrx_word' id='word_1_266' title='bbox 1620 3440 1704 3487; x_wconf 84' lang='lat' dir='ltr'><strong>est</strong></span> <span class='ocrx_word' id='word_1_267' title='bbox 1731 3416 2183 3501; x_wconf 84' lang='lat' dir='ltr'><strong>reprehendentes</strong></span> <span class='ocrx_word' id='word_1_268' title='bbox 2208 3429 2309 3503; x_wconf 76' lang='grc' dir='ltr'><strong>(α),</strong></span> 
     </span>
    </p>
   </div>
   <div class='ocr_carea' id='block_1_35' title="bbox 728 3508 2314 3596">
    <p class='ocr_par' dir='ltr' id='par_1_35' title="bbox 728 3508 2314 3596">
     <span class='ocr_line' id='line_1_35' title="bbox 728 3508 2314 3596; baseline -0.007 -10"><span class='ocrx_word' id='word_1_269' title='bbox 728 3527 935 3593; x_wconf 87' lang='lat' dir='ltr'><strong>dicunt,</strong></span> <span class='ocrx_word' id='word_1_270' title='bbox 983 3508 1122 3596; x_wconf 84' lang='lat' dir='ltr'><strong>Quid</strong></span> <span class='ocrx_word' id='word_1_271' title='bbox 1148 3523 1321 3582; x_wconf 88' lang='lat' dir='ltr'><strong>dicis?</strong></span> <span class='ocrx_word' id='word_1_272' title='bbox 1366 3531 1484 3579; x_wconf 90' lang='lat' dir='ltr'><strong>erat</strong></span> <span class='ocrx_word' id='word_1_273' title='bbox 1513 3521 1601 3577; x_wconf 81' lang='lat' dir='ltr'><strong>ille</strong></span> <span class='ocrx_word' id='word_1_274' title='bbox 1639 3521 1950 3577; x_wconf 85' lang='lat' dir='ltr'><strong>mitissimus</strong></span> <span class='ocrx_word' id='word_1_275' title='bbox 1970 3563 1985 3589; x_wconf 91' lang='lat'><strong>,</strong></span> <span class='ocrx_word' id='word_1_276' title='bbox 2009 3521 2099 3592; x_wconf 91' lang='lat' dir='ltr'><strong>qui</strong></span> <span class='ocrx_word' id='word_1_277' title='bbox 2120 3520 2314 3576; x_wconf 84' lang='lat' dir='ltr'><strong>invasit</strong></span> 
     </span>
    </p>
   </div>
   <div class='ocr_carea' id='block_1_36' title="bbox 728 3608 2314 3693">
    <p class='ocr_par' dir='ltr' id='par_1_36' title="bbox 728 3608 2314 3693">
     <span class='ocr_line' id='line_1_36' title="bbox 728 3608 2314 3693; baseline -0.007 -14"><span class='ocrx_word' id='word_1_278' title='bbox 728 3619 1036 3693; x_wconf 62' lang='lat' dir='ltr'><strong>Egyptian</strong></span> <span class='ocrx_word' id='word_1_279' title='bbox 1059 3660 1077 3687; x_wconf 94' lang='lat'><strong>,</strong></span> <span class='ocrx_word' id='word_1_280' title='bbox 1122 3624 1182 3674; x_wconf 89' lang='lat' dir='ltr'><strong>et</strong></span> <span class='ocrx_word' id='word_1_281' title='bbox 1202 3631 1327 3673; x_wconf 89' lang='lat' dir='ltr'><strong>eum</strong></span> <span class='ocrx_word' id='word_1_282' title='bbox 1367 3608 1673 3671; x_wconf 86' lang='lat' dir='ltr'><strong>interfecit?</strong></span> <span class='ocrx_word' id='word_1_283' title='bbox 1703 3614 1792 3685; x_wconf 90' lang='lat' dir='ltr'><strong>qui</strong></span> <span class='ocrx_word' id='word_1_284' title='bbox 1817 3612 2031 3669; x_wconf 75' lang='lat' dir='ltr'><strong>Judzeos</strong></span> <span class='ocrx_word' id='word_1_285' title='bbox 2070 3613 2314 3682; x_wconf 81' lang='lat' dir='ltr'><strong>implevit</strong></span> 
     </span>
    </p>
   </div>
   <div class='ocr_carea' id='block_1_37' title="bbox 727 3700 2313 3785">
    <p class='ocr_par' dir='ltr' id='par_1_37' title="bbox 727 3700 2313 3785">
     <span class='ocr_line' id='line_1_37' title="bbox 727 3700 2313 3785; baseline -0.007 -15"><span class='ocrx_word' id='word_1_286' title='bbox 727 3712 985 3785; x_wconf 82' lang='lat' dir='ltr'><strong>sattguine</strong></span> <span class='ocrx_word' id='word_1_287' title='bbox 1012 3720 1069 3767; x_wconf 90' lang='lat' dir='ltr'><strong>et</strong></span> <span class='ocrx_word' id='word_1_288' title='bbox 1091 3709 1247 3766; x_wconf 85' lang='lat' dir='ltr'><strong>bellis</strong></span> <span class='ocrx_word' id='word_1_289' title='bbox 1270 3700 1579 3764; x_wconf 83' lang='lat' dir='ltr'><strong>intestinis?</strong></span> <span class='ocrx_word' id='word_1_290' title='bbox 1606 3705 1697 3777; x_wconf 88' lang='lat' dir='ltr'><strong>qui</strong></span> <span class='ocrx_word' id='word_1_291' title='bbox 1715 3704 1875 3775; x_wconf 81' lang='lat' dir='ltr'><strong>jussit</strong></span> <span class='ocrx_word' id='word_1_292' title='bbox 1904 3713 1963 3760; x_wconf 92' lang='lat' dir='ltr'><strong>ut</strong></span> <span class='ocrx_word' id='word_1_293' title='bbox 1989 3704 2313 3775; x_wconf 87' lang='lat' dir='ltr'><strong>consangui-</strong></span> 
     </span>
    </p>
   </div>
   <div class='ocr_carea' id='block_1_38' title="bbox 728 3792 2315 3875">
    <p class='ocr_par' dir='ltr' id='par_1_38' title="bbox 728 3792 2315 3875">
     <span class='ocr_line' id='line_1_38' title="bbox 728 3792 2315 3875; baseline -0.007 -14"><span class='ocrx_word' id='word_1_294' title='bbox 728 3803 816 3862; x_wconf 88' lang='lat' dir='ltr'><strong>nei</strong></span> <span class='ocrx_word' id='word_1_295' title='bbox 839 3812 1095 3875; x_wconf 87' lang='lat' dir='ltr'><strong>cognatos</strong></span> <span class='ocrx_word' id='word_1_296' title='bbox 1117 3797 1467 3856; x_wconf 85' lang='lat' dir='ltr'><strong>occiderent?</strong></span> <span class='ocrx_word' id='word_1_297' title='bbox 1490 3796 1580 3871; x_wconf 89' lang='lat' dir='ltr'><strong>qui</strong></span> <span class='ocrx_word' id='word_1_298' title='bbox 1607 3795 1853 3866; x_wconf 83' lang='lat' dir='ltr'><strong>precibus</strong></span> <span class='ocrx_word' id='word_1_299' title='bbox 1876 3804 1937 3850; x_wconf 90' lang='lat' dir='ltr'><strong>ut</strong></span> <span class='ocrx_word' id='word_1_300' title='bbox 1966 3805 2105 3851; x_wconf 89' lang='lat' dir='ltr'><strong>terra</strong></span> <span class='ocrx_word' id='word_1_301' title='bbox 2131 3792 2315 3850; x_wconf 86' lang='lat' dir='ltr'><strong>dehis-</strong></span> 
     </span>
    </p>
   </div>
   <div class='ocr_carea' id='block_1_39' title="bbox 730 3884 2313 3967">
    <p class='ocr_par' dir='ltr' id='par_1_39' title="bbox 730 3884 2313 3967">
     <span class='ocr_line' id='line_1_39' title="bbox 730 3884 2313 3967; baseline -0.01 -14"><span class='ocrx_word' id='word_1_302' title='bbox 730 3902 882 3953; x_wconf 85' lang='lat' dir='ltr'><strong>ceret</strong></span> <span class='ocrx_word' id='word_1_303' title='bbox 902 3892 1096 3959; x_wconf 69' lang='lat' dir='ltr'><strong>elecit,</strong></span> <span class='ocrx_word' id='word_1_304' title='bbox 1126 3899 1183 3946; x_wconf 93' lang='lat' dir='ltr'><strong>et</strong></span> <span class='ocrx_word' id='word_1_305' title='bbox 1202 3905 1237 3946; x_wconf 89' lang='lat' dir='ltr'><strong>e</strong></span> <span class='ocrx_word' id='word_1_306' title='bbox 1261 3887 1508 3959; x_wconf 86' lang='lat' dir='ltr'><strong>supernis</strong></span> <span class='ocrx_word' id='word_1_307' title='bbox 1550 3885 1750 3967; x_wconf 77' lang='lat' dir='ltr'><strong>fulmen</strong></span> <span class='ocrx_word' id='word_1_308' title='bbox 1769 3884 2035 3941; x_wconf 80' lang='lat' dir='ltr'><strong>&#39;deorsum</strong></span> <span class='ocrx_word' id='word_1_309' title='bbox 2059 3884 2313 3953; x_wconf 85' lang='lat' dir='ltr'><strong>vibravit,</strong></span> 
     </span>
    </p>
   </div>
   <div class='ocr_carea' id='block_1_40' title="bbox 730 3975 2315 4067">
    <p class='ocr_par' dir='ltr' id='par_1_40' title="bbox 730 3975 2315 4067">
     <span class='ocr_line' id='line_1_40' title="bbox 730 3975 2315 4067; baseline -0.006 -26"><span class='ocrx_word' id='word_1_310' title='bbox 730 3995 785 4041; x_wconf 85' lang='lat' dir='ltr'><strong>et</strong></span> <span class='ocrx_word' id='word_1_311' title='bbox 808 3985 935 4041; x_wconf 88' lang='lat' dir='ltr'><strong>illos</strong></span> <span class='ocrx_word' id='word_1_312' title='bbox 959 3981 1175 4067; x_wconf 75' lang='lat' dir='ltr'><strong>quidem</strong></span> <span class='ocrx_word' id='word_1_313' title='bbox 1199 3978 1523 4043; x_wconf 88' lang='lat' dir='ltr'><strong>submersit,</strong></span> <span class='ocrx_word' id='word_1_314' title='bbox 1568 3976 1668 4032; x_wconf 89' lang='lat' dir='ltr'><strong>hos</strong></span> <span class='ocrx_word' id='word_1_315' title='bbox 1707 3990 1837 4032; x_wconf 88' lang='lat' dir='ltr'><strong>vero</strong></span> <span class='ocrx_word' id='word_1_316' title='bbox 1880 3976 2123 4033; x_wconf 77' lang='lat' dir='ltr'><strong>exussit?</strong></span> <span class='ocrx_word' id='word_1_317' title='bbox 2147 3976 2195 4031; x_wconf 89' lang='lat' dir='ltr'><strong>si</strong></span> <span class='ocrx_word' id='word_1_318' title='bbox 2228 3975 2315 4032; x_wconf 90' lang='lat' dir='ltr'><strong>hic</strong></span> 
     </span>
    </p>
   </div>
   <div class='ocr_carea' id='block_1_41' title="bbox 732 4067 2318 4148">
    <p class='ocr_par' dir='ltr' id='par_1_41' title="bbox 732 4067 2318 4148">
     <span class='ocr_line' id='line_1_41' title="bbox 732 4067 2318 4148; baseline -0.008 -15"><span class='ocrx_word' id='word_1_319' title='bbox 732 4076 899 4142; x_wconf 87' lang='lat' dir='ltr'><strong>mitis,</strong></span> <span class='ocrx_word' id='word_1_320' title='bbox 921 4074 1039 4148; x_wconf 83' lang='lat' dir='ltr'><strong>quis</strong></span> <span class='ocrx_word' id='word_1_321' title='bbox 1066 4086 1239 4128; x_wconf 71' lang='lat' dir='ltr'><strong>saevus</strong></span> <span class='ocrx_word' id='word_1_322' title='bbox 1266 4079 1321 4127; x_wconf 92' lang='lat' dir='ltr'><strong>et</strong></span> <span class='ocrx_word' id='word_1_323' title='bbox 1347 4067 1664 4125; x_wconf 86' lang='lat' dir='ltr'><strong>iracundus?</strong></span> <span class='ocrx_word' id='word_1_324' title='bbox 1684 4067 1897 4133; x_wconf 86' lang='lat' dir='ltr'><strong>Desine,</strong></span> <span class='ocrx_word' id='word_1_325' title='bbox 1931 4082 2103 4137; x_wconf 86' lang='lat' dir='ltr'><strong>neque</strong></span> <span class='ocrx_word' id='word_1_326' title='bbox 2126 4081 2318 4136; x_wconf 81' lang='lat' dir='ltr'><strong>super-</strong></span> 
     </span>
    </p>
   </div>
   <div class='ocr_carea' id='block_1_42' title="bbox 734 4159 2316 4235">
    <p class='ocr_par' dir='ltr' id='par_1_42' title="bbox 734 4159 2316 4235">
     <span class='ocr_line' id='line_1_42' title="bbox 734 4159 2316 4235; baseline -0.005 -14"><span class='ocrx_word' id='word_1_327' title='bbox 734 4182 968 4223; x_wconf 80' lang='lat' dir='ltr'><strong>vacanea</strong></span> <span class='ocrx_word' id='word_1_328' title='bbox 998 4166 1235 4235; x_wconf 86' lang='lat' dir='ltr'><strong>loquere.</strong></span> <span class='ocrx_word' id='word_1_329' title='bbox 1267 4161 1419 4229; x_wconf 84' lang='lat' dir='ltr'><strong>Quod</strong></span> <span class='ocrx_word' id='word_1_330' title='bbox 1445 4159 1589 4215; x_wconf 92' lang='lat' dir='ltr'><strong>enim</strong></span> <span class='ocrx_word' id='word_1_331' title='bbox 1614 4168 1732 4216; x_wconf 88' lang='lat' dir='ltr'><strong>erat</strong></span> <span class='ocrx_word' id='word_1_332' title='bbox 1768 4159 1933 4227; x_wconf 88' lang='lat' dir='ltr'><strong>mitis,</strong></span> <span class='ocrx_word' id='word_1_333' title='bbox 1978 4168 2035 4215; x_wconf 89' lang='lat' dir='ltr'><strong>et</strong></span> <span class='ocrx_word' id='word_1_334' title='bbox 2078 4159 2316 4214; x_wconf 88' lang='lat' dir='ltr'><strong>omnium</strong></span> 
     </span>
    </p>
   </div>
   <div class='ocr_carea' id='block_1_43' title="bbox 736 4238 2320 4323">
    <p class='ocr_par' dir='ltr' id='par_1_43' title="bbox 736 4238 2320 4323">
     <span class='ocr_line' id='line_1_43' title="bbox 736 4238 2320 4323; baseline -0.005 -8"><span class='ocrx_word' id='word_1_335' title='bbox 736 4260 1012 4317; x_wconf 75' lang='lat' dir='ltr'><strong>hominum</strong></span> <span class='ocrx_word' id='word_1_336' title='bbox 1033 4256 1369 4321; x_wconf 77' lang='lat' dir='ltr'><strong>mitissimus,</strong></span> <span class='ocrx_word' id='word_1_337' title='bbox 1383 4264 1438 4309; x_wconf 92' lang='lat' dir='ltr'><strong>et</strong></span> <span class='ocrx_word' id='word_1_338' title='bbox 1464 4253 1606 4315; x_wconf 86' lang='lat' dir='ltr'><strong>dico,</strong></span> <span class='ocrx_word' id='word_1_339' title='bbox 1626 4266 1799 4323; x_wconf 86' lang='lat' dir='ltr'><strong>neque</strong></span> <span class='ocrx_word' id='word_1_340' title='bbox 1818 4238 2069 4322; x_wconf 86' lang='lat' dir='ltr'><strong>umquam</strong></span> <span class='ocrx_word' id='word_1_341' title='bbox 2095 4252 2320 4309; x_wconf 88' lang='lat' dir='ltr'><strong>cessabo</strong></span> 
     </span>
    </p>
   </div>
   <div class='ocr_carea' id='block_1_44' title="bbox 733 4336 2319 4418">
    <p class='ocr_par' dir='ltr' id='par_1_44' title="bbox 733 4336 2319 4418">
     <span class='ocr_line' id='line_1_44' title="bbox 733 4336 2319 4418; baseline -0.006 -9"><span class='ocrx_word' id='word_1_342' title='bbox 733 4353 934 4418; x_wconf 86' lang='lat' dir='ltr'><strong>dicere,</strong></span> <span class='ocrx_word' id='word_1_343' title='bbox 960 4360 1015 4407; x_wconf 90' lang='lat' dir='ltr'><strong>et</strong></span> <span class='ocrx_word' id='word_1_344' title='bbox 1038 4350 1084 4405; x_wconf 88' lang='lat' dir='ltr'><strong>si</strong></span> <span class='ocrx_word' id='word_1_345' title='bbox 1108 4348 1293 4414; x_wconf 79' lang='lat' dir='ltr'><strong>vultis,</strong></span> <span class='ocrx_word' id='word_1_346' title='bbox 1312 4361 1419 4402; x_wconf 88' lang='lat' dir='ltr'><strong>non</strong></span> <span class='ocrx_word' id='word_1_347' title='bbox 1444 4336 1658 4401; x_wconf 69' lang='lat' dir='ltr'><strong>aliunde</strong></span> <span class='ocrx_word' id='word_1_348' title='bbox 1675 4359 1833 4415; x_wconf 88' lang='lat' dir='ltr'><strong>quam</strong></span> <span class='ocrx_word' id='word_1_349' title='bbox 1863 4360 1929 4399; x_wconf 87' lang='lat' dir='ltr'><strong>ex</strong></span> <span class='ocrx_word' id='word_1_350' title='bbox 1954 4344 2020 4399; x_wconf 90' lang='lat' dir='ltr'><strong>iis</strong></span> <span class='ocrx_word' id='word_1_351' title='bbox 2037 4360 2158 4416; x_wconf 59' lang='lat' dir='ltr'><strong>qua;</strong></span> <span class='ocrx_word' id='word_1_352' title='bbox 2177 4344 2319 4400; x_wconf 89' lang='lat' dir='ltr'><strong>dicta</strong></span> 
     </span>
    </p>
   </div>
   <div class='ocr_carea' id='block_1_45' title="bbox 734 4434 2321 4507">
    <p class='ocr_par' dir='ltr' id='par_1_45' title="bbox 734 4434 2321 4507">
     <span class='ocr_line' id='line_1_45' title="bbox 734 4434 2321 4507; baseline -0.006 -7"><span class='ocrx_word' id='word_1_353' title='bbox 734 4453 860 4505; x_wconf 86' lang='lat' dir='ltr'><strong>sunt</strong></span> <span class='ocrx_word' id='word_1_354' title='bbox 882 4442 1122 4499; x_wconf 85' lang='lat' dir='ltr'><strong>conabor</strong></span> <span class='ocrx_word' id='word_1_355' title='bbox 1146 4438 1430 4495; x_wconf 82' lang='lat' dir='ltr'><strong>ostendere</strong></span> <span class='ocrx_word' id='word_1_356' title='bbox 1468 4436 1587 4507; x_wconf 82' lang='lat' dir='ltr'><strong>ejus</strong></span> <span class='ocrx_word' id='word_1_357' title='bbox 1628 4434 2110 4491; x_wconf 84' lang='lat' dir='ltr'><strong>mansuetudinem.</strong></span> <span class='ocrx_word' id='word_1_358' title='bbox 2158 4436 2321 4507; x_wconf 79' lang='lat' dir='ltr'><strong>Atqui</strong></span> 
     </span>
    </p>
   </div>
   <div class='ocr_carea' id='block_1_46' title="bbox 740 4525 2323 4607">
    <p class='ocr_par' dir='ltr' id='par_1_46' title="bbox 740 4525 2323 4607">
     <span class='ocr_line' id='line_1_46' title="bbox 740 4525 2323 4607; baseline -0.008 -14"><span class='ocrx_word' id='word_1_359' title='bbox 740 4546 978 4607; x_wconf 78' lang='lat' dir='ltr'><strong>poteram</strong></span> <span class='ocrx_word' id='word_1_360' title='bbox 1004 4531 1185 4589; x_wconf 88' lang='lat' dir='ltr'><strong>dicere</strong></span> <span class='ocrx_word' id='word_1_361' title='bbox 1211 4545 1331 4601; x_wconf 78' lang='lat' dir='ltr'><strong>qua:</strong></span> <span class='ocrx_word' id='word_1_362' title='bbox 1356 4527 1424 4583; x_wconf 88' lang='lat' dir='ltr'><strong>de</strong></span> <span class='ocrx_word' id='word_1_363' title='bbox 1452 4541 1641 4585; x_wconf 86' lang='lat' dir='ltr'><strong>sorore</strong></span> <span class='ocrx_word' id='word_1_364' title='bbox 1675 4526 1746 4581; x_wconf 85' lang='lat' dir='ltr'><strong>ab</strong></span> <span class='ocrx_word' id='word_1_365' title='bbox 1769 4539 1836 4581; x_wconf 88' lang='lat' dir='ltr'><strong>eo</strong></span> <span class='ocrx_word' id='word_1_366' title='bbox 1868 4525 1936 4581; x_wconf 88' lang='lat' dir='ltr'><strong>ad</strong></span> <span class='ocrx_word' id='word_1_367' title='bbox 1971 4526 2139 4582; x_wconf 89' lang='lat' dir='ltr'><strong>Deum</strong></span> <span class='ocrx_word' id='word_1_368' title='bbox 2179 4525 2323 4582; x_wconf 86' lang='lat' dir='ltr'><strong>dicta</strong></span> 
     </span>
    </p>
   </div>
   <div class='ocr_carea' id='block_1_47' title="bbox 738 4616 2323 4696">
    <p class='ocr_par' dir='ltr' id='par_1_47' title="bbox 738 4616 2323 4696">
     <span class='ocr_line' id='line_1_47' title="bbox 738 4616 2323 4696; baseline -0.009 -11"><span class='ocrx_word' id='word_1_369' title='bbox 738 4636 887 4690; x_wconf 87' lang='lat' dir='ltr'><strong>sunt,</strong></span> <span class='ocrx_word' id='word_1_370' title='bbox 913 4623 1355 4696; x_wconf 83' lang='lat' dir='ltr'><strong>supplicationem</strong></span> <span class='ocrx_word' id='word_1_371' title='bbox 1384 4616 1493 4689; x_wconf 81' lang='lat' dir='ltr'><strong>qua</strong></span> <span class='ocrx_word' id='word_1_372' title='bbox 1514 4633 1613 4689; x_wconf 90' lang='lat' dir='ltr'><strong>pro</strong></span> <span class='ocrx_word' id='word_1_373' title='bbox 1638 4616 1838 4688; x_wconf 89' lang='lat' dir='ltr'><strong>populo</strong></span> <span class='ocrx_word' id='word_1_374' title='bbox 1865 4629 1995 4671; x_wconf 89' lang='lat' dir='ltr'><strong>usus</strong></span> <span class='ocrx_word' id='word_1_375' title='bbox 2016 4625 2117 4679; x_wconf 91' lang='lat' dir='ltr'><strong>est,</strong></span> <span class='ocrx_word' id='word_1_376' title='bbox 2144 4616 2323 4672; x_wconf 88' lang='lat' dir='ltr'><strong>omnia</strong></span> 
     </span>
    </p>
   </div>
   <div class='ocr_carea' id='block_1_48' title="bbox 742 4707 2323 4787">
    <p class='ocr_par' dir='ltr' id='par_1_48' title="bbox 742 4707 2323 4787">
     <span class='ocr_line' id='line_1_48' title="bbox 742 4707 2323 4787; baseline -0.006 -15"><span class='ocrx_word' id='word_1_377' title='bbox 742 4717 905 4775; x_wconf 83' lang='lat' dir='ltr'><strong>verba</strong></span> <span class='ocrx_word' id='word_1_378' title='bbox 934 4716 1023 4773; x_wconf 86' lang='lat' dir='ltr'><strong>illa</strong></span> <span class='ocrx_word' id='word_1_379' title='bbox 1046 4714 1339 4787; x_wconf 87' lang='lat' dir='ltr'><strong>apostolica</strong></span> <span class='ocrx_word' id='word_1_380' title='bbox 1364 4751 1380 4778; x_wconf 94' lang='lat'><strong>,</strong></span> <span class='ocrx_word' id='word_1_381' title='bbox 1409 4719 1465 4766; x_wconf 89' lang='lat' dir='ltr'><strong>et</strong></span> <span class='ocrx_word' id='word_1_382' title='bbox 1497 4708 1629 4766; x_wconf 62' lang='lat' dir='ltr'><strong>calo</strong></span> <span class='ocrx_word' id='word_1_383' title='bbox 1655 4707 1814 4779; x_wconf 81' lang='lat' dir='ltr'><strong>digna</strong></span> <span class='ocrx_word' id='word_1_384' title='bbox 1837 4749 1853 4775; x_wconf 95' lang='lat'><strong>,</strong></span> <span class='ocrx_word' id='word_1_385' title='bbox 1903 4707 2323 4783; x_wconf 73' lang='lat' dir='ltr'><strong>moderationem</strong></span> 
     </span>
    </p>
   </div>
   <div class='ocr_carea' id='block_1_49' title="bbox 745 4796 2325 4881">
    <p class='ocr_par' dir='ltr' id='par_1_49' title="bbox 745 4796 2325 4881">
     <span class='ocr_line' id='line_1_49' title="bbox 745 4796 2325 4881; baseline -0.006 -16"><span class='ocrx_word' id='word_1_386' title='bbox 745 4826 849 4881; x_wconf 83' lang='lat' dir='ltr'><strong>qua</strong></span> <span class='ocrx_word' id='word_1_387' title='bbox 868 4807 1239 4880; x_wconf 88' lang='lat' dir='ltr'><strong>alloquebatur</strong></span> <span class='ocrx_word' id='word_1_388' title='bbox 1262 4796 1537 4874; x_wconf 87' lang='lat' dir='ltr'><strong>populum.</strong></span> <span class='ocrx_word' id='word_1_389' title='bbox 1567 4801 1819 4857; x_wconf 86' lang='lat' dir='ltr'><strong>Poterant</strong></span> <span class='ocrx_word' id='word_1_390' title='bbox 1847 4801 1960 4855; x_wconf 65' lang='lat' dir='ltr'><strong>haec</strong></span> <span class='ocrx_word' id='word_1_391' title='bbox 1978 4800 2082 4856; x_wconf 90' lang='lat' dir='ltr'><strong>dici</strong></span> <span class='ocrx_word' id='word_1_392' title='bbox 2107 4840 2129 4867; x_wconf 87' lang='lat'><strong>,</strong></span> <span class='ocrx_word' id='word_1_393' title='bbox 2160 4808 2216 4855; x_wconf 91' lang='lat' dir='ltr'><strong>et</strong></span> <span class='ocrx_word' id='word_1_394' title='bbox 2240 4799 2325 4856; x_wconf 83' lang='lat' dir='ltr'><strong>bis</strong></span> 
     </span>
    </p>
   </div>
   <div class='ocr_carea' id='block_1_50' title="bbox 740 4890 2326 4971">
    <p class='ocr_par' dir='ltr' id='par_1_50' title="bbox 740 4890 2326 4971">
     <span class='ocr_line' id='line_1_50' title="bbox 740 4890 2326 4971; baseline -0.008 -14"><span class='ocrx_word' id='word_1_395' title='bbox 740 4901 845 4959; x_wconf 81' lang='lat' dir='ltr'><strong>alia</strong></span> <span class='ocrx_word' id='word_1_396' title='bbox 871 4900 1029 4971; x_wconf 85' lang='lat' dir='ltr'><strong>longe</strong></span> <span class='ocrx_word' id='word_1_397' title='bbox 1052 4898 1203 4969; x_wconf 88' lang='lat' dir='ltr'><strong>plura</strong></span> <span class='ocrx_word' id='word_1_398' title='bbox 1230 4896 1566 4960; x_wconf 84' lang='lat' dir='ltr'><strong>enumerari;</strong></span> <span class='ocrx_word' id='word_1_399' title='bbox 1591 4891 1687 4950; x_wconf 88' lang='lat' dir='ltr'><strong>sed</strong></span> <span class='ocrx_word' id='word_1_400' title='bbox 1712 4893 1759 4948; x_wconf 87' lang='lat' dir='ltr'><strong>si</strong></span> <span class='ocrx_word' id='word_1_401' title='bbox 1784 4892 1963 4957; x_wconf 87' lang='lat' dir='ltr'><strong>vultis.</strong></span> <span class='ocrx_word' id='word_1_402' title='bbox 1988 4890 2073 4947; x_wconf 85' lang='lat' dir='ltr'><strong>his</strong></span> <span class='ocrx_word' id='word_1_403' title='bbox 2102 4899 2326 4960; x_wconf 67' lang='lat' dir='ltr'><strong>praeter-</strong></span> 
     </span>
    </p>
   </div>
   <div class='ocr_carea' id='block_1_51' title="bbox 744 4982 2325 5061">
    <p class='ocr_par' dir='ltr' id='par_1_51' title="bbox 744 4982 2325 5061">
     <span class='ocr_line' id='line_1_51' title="bbox 744 4982 2325 5061; baseline -0.008 -11"><span class='ocrx_word' id='word_1_404' title='bbox 744 4993 955 5057; x_wconf 85' lang='lat' dir='ltr'><strong>missis,</strong></span> <span class='ocrx_word' id='word_1_405' title='bbox 998 5006 1065 5048; x_wconf 85' lang='lat' dir='ltr'><strong>ex</strong></span> <span class='ocrx_word' id='word_1_406' title='bbox 1092 4990 1159 5047; x_wconf 91' lang='lat' dir='ltr'><strong>iis</strong></span> <span class='ocrx_word' id='word_1_407' title='bbox 1183 4988 1317 5061; x_wconf 84' lang='lat' dir='ltr'><strong>ipsis</strong></span> <span class='ocrx_word' id='word_1_408' title='bbox 1336 5003 1455 5059; x_wconf 65' lang='lat' dir='ltr'><strong>qua:</strong></span> <span class='ocrx_word' id='word_1_409' title='bbox 1480 4988 1606 5042; x_wconf 86' lang='lat' dir='ltr'><strong>ante</strong></span> <span class='ocrx_word' id='word_1_410' title='bbox 1630 4984 1773 5040; x_wconf 88' lang='lat' dir='ltr'><strong>dicta</strong></span> <span class='ocrx_word' id='word_1_411' title='bbox 1811 4993 1941 5039; x_wconf 89' lang='lat' dir='ltr'><strong>sunt</strong></span> <span class='ocrx_word' id='word_1_412' title='bbox 1973 4982 2325 5051; x_wconf 76' lang='lat' dir='ltr'><strong>abinimicis,</strong></span> 
     </span>
    </p>
   </div>
   <div class='ocr_carea' id='block_1_52' title="bbox 741 5071 2328 5156">
    <p class='ocr_par' dir='ltr' id='par_1_52' title="bbox 741 5071 2328 5156">
     <span class='ocr_line' id='line_1_52' title="bbox 741 5071 2328 5156; baseline -0.006 -15"><span class='ocrx_word' id='word_1_413' title='bbox 741 5099 843 5156; x_wconf 80' lang='lat' dir='ltr'><strong>age</strong></span> <span class='ocrx_word' id='word_1_414' title='bbox 865 5081 1209 5156; x_wconf 56' lang='lat' dir='ltr'><strong>mandamus</strong></span> <span class='ocrx_word' id='word_1_415' title='bbox 1238 5095 1361 5136; x_wconf 78' lang='lat' dir='ltr'><strong>enin</strong></span> <span class='ocrx_word' id='word_1_416' title='bbox 1386 5077 1551 5135; x_wconf 85' lang='lat' dir='ltr'><strong>fuisse</strong></span> <span class='ocrx_word' id='word_1_417' title='bbox 1572 5077 1810 5134; x_wconf 87' lang='lat' dir='ltr'><strong>omnium</strong></span> <span class='ocrx_word' id='word_1_418' title='bbox 1842 5075 2117 5132; x_wconf 88' lang='lat' dir='ltr'><strong>hominum</strong></span> <span class='ocrx_word' id='word_1_419' title='bbox 2153 5071 2328 5131; x_wconf 79' lang='lat' dir='ltr'><strong>mitis-</strong></span> 
     </span>
    </p>
   </div>
   <div class='ocr_carea' id='block_1_53' title="bbox 745 5164 2331 5242">
    <p class='ocr_par' dir='ltr' id='par_1_53' title="bbox 745 5164 2331 5242">
     <span class='ocr_line' id='line_1_53' title="bbox 745 5164 2331 5242; baseline -0.006 -12"><span class='ocrx_word' id='word_1_420' title='bbox 745 5175 967 5240; x_wconf 86' lang='lat' dir='ltr'><strong>simum,</strong></span> <span class='ocrx_word' id='word_1_421' title='bbox 996 5185 1063 5228; x_wconf 82' lang='lat' dir='ltr'><strong>ex</strong></span> <span class='ocrx_word' id='word_1_422' title='bbox 1085 5169 1275 5242; x_wconf 84' lang='lat' dir='ltr'><strong>quibus</strong></span> <span class='ocrx_word' id='word_1_423' title='bbox 1295 5183 1418 5225; x_wconf 91' lang='lat' dir='ltr'><strong>eum</strong></span> <span class='ocrx_word' id='word_1_424' title='bbox 1445 5182 1645 5223; x_wconf 65' lang='lat' dir='ltr'><strong>saevum</strong></span> <span class='ocrx_word' id='word_1_425' title='bbox 1668 5206 1687 5234; x_wconf 95' lang='lat'><strong>,</strong></span> <span class='ocrx_word' id='word_1_426' title='bbox 1730 5166 2018 5223; x_wconf 90' lang='lat' dir='ltr'><strong>immanem</strong></span> <span class='ocrx_word' id='word_1_427' title='bbox 2040 5176 2094 5222; x_wconf 91' lang='lat' dir='ltr'><strong>et</strong></span> <span class='ocrx_word' id='word_1_428' title='bbox 2119 5164 2331 5221; x_wconf 89' lang='lat' dir='ltr'><strong>iracun-</strong></span> 
     </span>
    </p>
   </div>
   <div class='ocr_carea' id='block_1_54' title="bbox 745 5257 2333 5333">
    <p class='ocr_par' dir='ltr' id='par_1_54' title="bbox 745 5257 2333 5333">
     <span class='ocr_line' id='line_1_54' title="bbox 745 5257 2333 5333; baseline -0.004 -13"><span class='ocrx_word' id='word_1_429' title='bbox 745 5265 873 5320; x_wconf 85' lang='lat' dir='ltr'><strong>dunt</strong></span> <span class='ocrx_word' id='word_1_430' title='bbox 897 5262 1111 5333; x_wconf 89' lang='lat' dir='ltr'><strong>quidam</strong></span> <span class='ocrx_word' id='word_1_431' title='bbox 1135 5274 1256 5317; x_wconf 89' lang='lat' dir='ltr'><strong>esse</strong></span> <span class='ocrx_word' id='word_1_432' title='bbox 1281 5259 1603 5316; x_wconf 86' lang='lat' dir='ltr'><strong>existimant.</strong></span> <span class='ocrx_word' id='word_1_433' title='bbox 1624 5257 1904 5327; x_wconf 83' lang='lat' dir='ltr'><strong>Quomodo</strong></span> <span class='ocrx_word' id='word_1_434' title='bbox 1928 5272 2058 5329; x_wconf 87' lang='lat' dir='ltr'><strong>ergo</strong></span> <span class='ocrx_word' id='word_1_435' title='bbox 2082 5257 2333 5314; x_wconf 86' lang='lat' dir='ltr'><strong>ostende-</strong></span> 
     </span>
    </p>
   </div>
   <div class='ocr_carea' id='block_1_55' title="bbox 748 5349 2333 5425">
    <p class='ocr_par' dir='ltr' id='par_1_55' title="bbox 748 5349 2333 5425">
     <span class='ocr_line' id='line_1_55' title="bbox 748 5349 2333 5425; baseline -0.005 -11"><span class='ocrx_word' id='word_1_436' title='bbox 748 5354 910 5414; x_wconf 78' lang='lat' dir='ltr'><strong>mus?</strong></span> <span class='ocrx_word' id='word_1_437' title='bbox 940 5354 997 5412; x_wconf 89' lang='lat' dir='ltr'><strong>Si</strong></span> <span class='ocrx_word' id='word_1_438' title='bbox 1019 5353 1176 5425; x_wconf 83' lang='lat' dir='ltr'><strong>prius</strong></span> <span class='ocrx_word' id='word_1_439' title='bbox 1198 5350 1598 5409; x_wconf 85' lang='lat' dir='ltr'><strong>distinxerimus</strong></span> <span class='ocrx_word' id='word_1_440' title='bbox 1620 5392 1636 5415; x_wconf 88' lang='lat'><strong><em>.</em></strong></span> <span class='ocrx_word' id='word_1_441' title='bbox 1666 5366 1744 5407; x_wconf 17' lang='lat' dir='ltr'><strong>lae</strong></span> <span class='ocrx_word' id='word_1_442' title='bbox 1771 5349 2137 5406; x_wconf 86' lang='lat' dir='ltr'><strong>dellnierimus</strong></span> <span class='ocrx_word' id='word_1_443' title='bbox 2157 5389 2176 5418; x_wconf 93' lang='lat'><strong>,</strong></span> <span class='ocrx_word' id='word_1_444' title='bbox 2204 5350 2333 5421; x_wconf 88' lang='lat' dir='ltr'><strong>quid</strong></span> 
     </span>
    </p>
   </div>
   <div class='ocr_carea' id='block_1_56' title="bbox 748 5441 2329 5516">
    <p class='ocr_par' dir='ltr' id='par_1_56' title="bbox 748 5441 2329 5516">
     <span class='ocr_line' id='line_1_56' title="bbox 748 5441 2329 5516; baseline -0.006 -9"><span class='ocrx_word' id='word_1_445' title='bbox 748 5450 821 5507; x_wconf 89' lang='lat' dir='ltr'><strong>sit</strong></span> <span class='ocrx_word' id='word_1_446' title='bbox 844 5445 1218 5513; x_wconf 81' lang='lat' dir='ltr'><strong>mansuetudo,</strong></span> <span class='ocrx_word' id='word_1_447' title='bbox 1243 5453 1299 5501; x_wconf 90' lang='lat' dir='ltr'><strong>et</strong></span> <span class='ocrx_word' id='word_1_448' title='bbox 1322 5444 1453 5516; x_wconf 90' lang='lat' dir='ltr'><strong>quid</strong></span> <span class='ocrx_word' id='word_1_449' title='bbox 1471 5442 1739 5501; x_wconf 87' lang='lat' dir='ltr'><strong>ferocitas.</strong></span> <span class='ocrx_word' id='word_1_450' title='bbox 1767 5441 1954 5513; x_wconf 83' lang='lat' dir='ltr'><strong>Neque</strong></span> <span class='ocrx_word' id='word_1_451' title='bbox 1982 5441 2329 5507; x_wconf 87' lang='lat' dir='ltr'><strong>enim-ferire,</strong></span> 
     </span>
    </p>
   </div>
   <div class='ocr_carea' id='block_1_57' title="bbox 750 5528 2333 5619">
    <p class='ocr_par' dir='ltr' id='par_1_57' title="bbox 750 5528 2333 5619">
     <span class='ocr_line' id='line_1_57' title="bbox 750 5528 2333 5619; baseline -0.006 -21"><span class='ocrx_word' id='word_1_452' title='bbox 750 5552 835 5598; x_wconf 83' lang='lat' dir='ltr'><strong>est</strong></span> <span class='ocrx_word' id='word_1_453' title='bbox 860 5528 1106 5619; x_wconf 76' lang='lat' dir='ltr'><strong>absolute</strong></span> <span class='ocrx_word' id='word_1_454' title='bbox 1133 5537 1460 5602; x_wconf 77' lang='lat' dir='ltr'><strong>ferocitatis;</strong></span> <span class='ocrx_word' id='word_1_455' title='bbox 1498 5551 1672 5608; x_wconf 79' lang='lat' dir='ltr'><strong>neque</strong></span> <span class='ocrx_word' id='word_1_456' title='bbox 1698 5549 1940 5607; x_wconf 83' lang='lat' dir='ltr'><strong>parcere,</strong></span> <span class='ocrx_word' id='word_1_457' title='bbox 1971 5535 2333 5591; x_wconf 89' lang='lat' dir='ltr'><strong>mansuetudi-</strong></span> 
     </span>
    </p>
   </div>
   <div class='ocr_carea' id='block_1_58' title="bbox 753 5628 2335 5701">
    <p class='ocr_par' dir='ltr' id='par_1_58' title="bbox 753 5628 2335 5701">
     <span class='ocr_line' id='line_1_58' title="bbox 753 5628 2335 5701; baseline -0.005 -10"><span class='ocrx_word' id='word_1_458' title='bbox 753 5635 837 5692; x_wconf 87' lang='lat' dir='ltr'><strong>nis</strong></span> <span class='ocrx_word' id='word_1_459' title='bbox 864 5651 880 5688; x_wconf 93' lang='lat'><strong>:</strong></span> <span class='ocrx_word' id='word_1_460' title='bbox 906 5632 1000 5689; x_wconf 89' lang='lat' dir='ltr'><strong>sed</strong></span> <span class='ocrx_word' id='word_1_461' title='bbox 1026 5631 1170 5688; x_wconf 77' lang='lat' dir='ltr'><strong>initis</strong></span> <span class='ocrx_word' id='word_1_462' title='bbox 1194 5631 1285 5687; x_wconf 88' lang='lat' dir='ltr'><strong>ille</strong></span> <span class='ocrx_word' id='word_1_463' title='bbox 1311 5641 1395 5687; x_wconf 88' lang='lat' dir='ltr'><strong>est</strong></span> <span class='ocrx_word' id='word_1_464' title='bbox 1421 5672 1436 5697; x_wconf 93' lang='lat'><strong>,</strong></span> <span class='ocrx_word' id='word_1_465' title='bbox 1483 5631 1570 5701; x_wconf 93' lang='lat' dir='ltr'><strong>qui</strong></span> <span class='ocrx_word' id='word_1_466' title='bbox 1600 5631 1740 5685; x_wconf 84' lang='lat' dir='ltr'><strong>ferre</strong></span> <span class='ocrx_word' id='word_1_467' title='bbox 1778 5636 2114 5699; x_wconf 70' lang='lat' dir='ltr'><strong>potest-qua:</strong></span> <span class='ocrx_word' id='word_1_468' title='bbox 2145 5628 2197 5683; x_wconf 91' lang='lat' dir='ltr'><strong>in</strong></span> <span class='ocrx_word' id='word_1_469' title='bbox 2225 5628 2335 5683; x_wconf 86' lang='lat' dir='ltr'><strong>sei-</strong></span> 
     </span>
    </p>
   </div>
   <div class='ocr_carea' id='block_1_59' title="bbox 676 5740 2336 5810">
    <p class='ocr_par' dir='ltr' id='par_1_59' title="bbox 676 5740 2336 5810">
     <span class='ocr_line' id='line_1_59' title="bbox 676 5740 2336 5810; baseline -0.002 -15"><span class='ocrx_word' id='word_1_470' title='bbox 676 5792 681 5795; x_wconf 93' lang='lat'><em>_</em></span> <span class='ocrx_word' id='word_1_471' title='bbox 813 5747 889 5810; x_wconf 80' lang='grc' dir='ltr'><strong>(α)</strong></span> <span class='ocrx_word' id='word_1_472' title='bbox 920 5747 1004 5799; x_wconf 86' lang='lat' dir='ltr'><strong>ttic</strong></span> <span class='ocrx_word' id='word_1_473' title='bbox 1017 5745 1217 5810; x_wconf 72' lang='lat' dir='ltr'><strong>videtur</strong></span> <span class='ocrx_word' id='word_1_474' title='bbox 1239 5753 1409 5798; x_wconf 86' lang='lat' dir='ltr'><strong>notare</strong></span> <span class='ocrx_word' id='word_1_475' title='bbox 1426 5745 1723 5806; x_wconf 56' lang='lat' dir='ltr'><strong>lauicanos.</strong></span> <span class='ocrx_word' id='word_1_476' title='bbox 1747 5745 1832 5809; x_wconf 86' lang='lat' dir='ltr'><strong>qui</strong></span> <span class='ocrx_word' id='word_1_477' title='bbox 1860 5740 2028 5809; x_wconf 87' lang='lat' dir='ltr'><strong>legem</strong></span> <span class='ocrx_word' id='word_1_478' title='bbox 2053 5749 2104 5795; x_wconf 89' lang='lat' dir='ltr'><strong>et</strong></span> <span class='ocrx_word' id='word_1_479' title='bbox 2129 5750 2336 5807; x_wconf 67' lang='lat' dir='ltr'><strong>uoysent</strong></span> 
     </span>
    </p>
   </div>
   <div class='ocr_carea' id='block_1_60' title="bbox 751 5807 1202 5875">
    <p class='ocr_par' dir='ltr' id='par_1_60' title="bbox 751 5807 1202 5875">
     <span class='ocr_line' id='line_1_60' title="bbox 751 5807 1202 5875; baseline -0.011 -12"><span class='ocrx_word' id='word_1_480' title='bbox 751 5807 1202 5875; x_wconf 60' lang='lat' dir='ltr'><strong>nis&#39;chendebsnt.</strong></span> 
     </span>
    </p>
   </div>
   <div class='ocr_carea' id='block_1_61' title="bbox 1424 361 3243 435">
    <p class='ocr_par' dir='ltr' id='par_1_61' title="bbox 1424 361 3243 435">
     <span class='ocr_line' id='line_1_61' title="bbox 1424 361 3243 435; baseline -0.009 -3"><span class='ocrx_word' id='word_1_481' title='bbox 1424 375 1482 432; x_wconf 91' lang='lat' dir='ltr'><strong>S.</strong></span> <span class='ocrx_word' id='word_1_482' title='bbox 1522 373 1804 434; x_wconf 71' lang='lat' dir='ltr'><strong>JOANNIS</strong></span> <span class='ocrx_word' id='word_1_483' title='bbox 1838 366 2314 435; x_wconf 43' lang='lat' dir='ltr'><strong>Cllll‘YSOSTOlll</strong></span> <span class='ocrx_word' id='word_1_484' title='bbox 2351 364 2668 421; x_wconf 78' lang='lat' dir='ltr'><strong>ARClilEP.</strong></span> <span class='ocrx_word' id='word_1_485' title='bbox 2710 361 3243 419; x_wconf 74' lang='lat' dir='ltr'><strong>CONSTANTINOP.</strong></span> 
     </span>
    </p>
   </div>
   <div class='ocr_carea' id='block_1_62' title="bbox 3905 366 4023 421">
    <p class='ocr_par' dir='ltr' id='par_1_62' title="bbox 3905 366 4023 421">
     <span class='ocr_line' id='line_1_62' title="bbox 3905 366 4023 421; baseline 0 0"><span class='ocrx_word' id='word_1_486' title='bbox 3905 366 4023 421; x_wconf 73' lang='lat'><strong>380</strong></span> 
     </span>
    </p>
   </div>
   <div class='ocr_carea' id='block_1_63' title="bbox 2416 475 4027 552">
    <p class='ocr_par' dir='ltr' id='par_1_63' title="bbox 2416 475 4027 552">
     <span class='ocr_line' id='line_1_63' title="bbox 2416 475 4027 552; baseline 0.001 -19"><span class='ocrx_word' id='word_1_487' title='bbox 2416 494 2566 549; x_wconf 89' lang='lat' dir='ltr'><strong>psum</strong></span> <span class='ocrx_word' id='word_1_488' title='bbox 2597 487 2811 549; x_wconf 89' lang='lat' dir='ltr'><strong>peccata</strong></span> <span class='ocrx_word' id='word_1_489' title='bbox 2841 485 3014 543; x_wconf 87' lang='lat' dir='ltr'><strong>sunt,</strong></span> <span class='ocrx_word' id='word_1_490' title='bbox 3059 476 3148 547; x_wconf 90' lang='lat' dir='ltr'><strong>qui</strong></span> <span class='ocrx_word' id='word_1_491' title='bbox 3190 476 3310 532; x_wconf 86' lang='lat' dir='ltr'><strong>aliis</strong></span> <span class='ocrx_word' id='word_1_492' title='bbox 3354 475 3547 533; x_wconf 86' lang='lat' dir='ltr'><strong>factam</strong></span> <span class='ocrx_word' id='word_1_493' title='bbox 3589 479 3839 550; x_wconf 88' lang='lat' dir='ltr'><strong>injurism</strong></span> <span class='ocrx_word' id='word_1_494' title='bbox 3888 499 4027 552; x_wconf 77' lang='lat' dir='ltr'><strong>pm-</strong></span> 
     </span>
    </p>
   </div>
   <div class='ocr_carea' id='block_1_64' title="bbox 2415 566 4019 639">
    <p class='ocr_par' dir='ltr' id='par_1_64' title="bbox 2415 566 4019 639">
     <span class='ocr_line' id='line_1_64' title="bbox 2415 566 4019 639; baseline 0.002 -16"><span class='ocrx_word' id='word_1_495' title='bbox 2415 570 2608 639; x_wconf 89' lang='lat' dir='ltr'><strong>pulsat,</strong></span> <span class='ocrx_word' id='word_1_496' title='bbox 2630 579 2685 624; x_wconf 92' lang='lat' dir='ltr'><strong>et</strong></span> <span class='ocrx_word' id='word_1_497' title='bbox 2708 568 2784 623; x_wconf 87' lang='lat' dir='ltr'><strong>eis</strong></span> <span class='ocrx_word' id='word_1_498' title='bbox 2810 566 2911 621; x_wconf 89' lang='lat' dir='ltr'><strong>fert</strong></span> <span class='ocrx_word' id='word_1_499' title='bbox 2930 580 3109 637; x_wconf 90' lang='lat' dir='ltr'><strong>opem,</strong></span> <span class='ocrx_word' id='word_1_500' title='bbox 3134 575 3189 623; x_wconf 89' lang='lat' dir='ltr'><strong>et</strong></span> <span class='ocrx_word' id='word_1_501' title='bbox 3210 577 3295 623; x_wconf 91' lang='lat' dir='ltr'><strong>est</strong></span> <span class='ocrx_word' id='word_1_502' title='bbox 3321 568 3613 626; x_wconf 86' lang='lat' dir='ltr'><strong>vehemens</strong></span> <span class='ocrx_word' id='word_1_503' title='bbox 3632 570 3773 626; x_wconf 92' lang='lat' dir='ltr'><strong>ultor</strong></span> <span class='ocrx_word' id='word_1_504' title='bbox 3793 587 4019 638; x_wconf 70' lang='lat' dir='ltr'><strong>eorum,</strong></span> 
     </span>
    </p>
   </div>
   <div class='ocr_carea' id='block_1_65' title="bbox 2413 658 4018 732">
    <p class='ocr_par' dir='ltr' id='par_1_65' title="bbox 2413 658 4018 732">
     <span class='ocr_line' id='line_1_65' title="bbox 2413 658 4018 732; baseline 0.004 -19"><span class='ocrx_word' id='word_1_505' title='bbox 2413 662 2506 730; x_wconf 92' lang='lat' dir='ltr'><strong>qui</strong></span> <span class='ocrx_word' id='word_1_506' title='bbox 2534 660 2727 730; x_wconf 90' lang='lat' dir='ltr'><strong>probra</strong></span> <span class='ocrx_word' id='word_1_507' title='bbox 2768 660 3057 729; x_wconf 72' lang='lat' dir='ltr'><strong>ingerunt;</strong></span> <span class='ocrx_word' id='word_1_508' title='bbox 3097 658 3189 730; x_wconf 92' lang='lat' dir='ltr'><strong>qui</strong></span> <span class='ocrx_word' id='word_1_509' title='bbox 3209 667 3391 715; x_wconf 89' lang='lat' dir='ltr'><strong>autem</strong></span> <span class='ocrx_word' id='word_1_510' title='bbox 3434 676 3537 716; x_wconf 91' lang='lat' dir='ltr'><strong>non</strong></span> <span class='ocrx_word' id='word_1_511' title='bbox 3583 672 3665 719; x_wconf 85' lang='lat' dir='ltr'><strong>est</strong></span> <span class='ocrx_word' id='word_1_512' title='bbox 3703 662 3964 732; x_wconf 87' lang='lat' dir='ltr'><strong>ejusmodi</strong></span> <span class='ocrx_word' id='word_1_513' title='bbox 3996 705 4018 731; x_wconf 87' lang='grc'><em>,</em></span> 
     </span>
    </p>
   </div>
   <div class='ocr_carea' id='block_1_66' title="bbox 2414 736 4015 816">
    <p class='ocr_par' dir='ltr' id='par_1_66' title="bbox 2414 736 4015 816">
     <span class='ocr_line' id='line_1_66' title="bbox 2414 736 4015 816; baseline -0.001 -10"><span class='ocrx_word' id='word_1_514' title='bbox 2414 751 2508 805; x_wconf 89' lang='lat' dir='ltr'><strong>sed</strong></span> <span class='ocrx_word' id='word_1_515' title='bbox 2533 759 2615 806; x_wconf 90' lang='lat' dir='ltr'><strong>est</strong></span> <span class='ocrx_word' id='word_1_516' title='bbox 2644 749 2807 804; x_wconf 90' lang='lat' dir='ltr'><strong>hebes</strong></span> <span class='ocrx_word' id='word_1_517' title='bbox 2825 788 2841 814; x_wconf 89' lang='lat'><strong>,</strong></span> <span class='ocrx_word' id='word_1_518' title='bbox 2870 748 3050 816; x_wconf 89' lang='lat' dir='ltr'><strong>deses,</strong></span> <span class='ocrx_word' id='word_1_519' title='bbox 3078 750 3449 807; x_wconf 88' lang='lat' dir='ltr'><strong>somnolentus</strong></span> <span class='ocrx_word' id='word_1_520' title='bbox 3474 793 3487 816; x_wconf 94' lang='lat'><strong>,</strong></span> <span class='ocrx_word' id='word_1_521' title='bbox 3520 763 3574 808; x_wconf 91' lang='lat' dir='ltr'><strong>et</strong></span> <span class='ocrx_word' id='word_1_522' title='bbox 3600 764 3809 809; x_wconf 89' lang='lat' dir='ltr'><strong>mortuo</strong></span> <span class='ocrx_word' id='word_1_523' title='bbox 3837 736 4015 809; x_wconf 76' lang='lat' dir='ltr'><strong>nihils</strong></span> 
     </span>
    </p>
   </div>
   <div class='ocr_carea' id='block_1_67' title="bbox 2415 840 4014 917">
    <p class='ocr_par' dir='ltr' id='par_1_67' title="bbox 2415 840 4014 917">
     <span class='ocr_line' id='line_1_67' title="bbox 2415 840 4014 917; baseline 0.002 -20"><span class='ocrx_word' id='word_1_524' title='bbox 2415 843 2606 898; x_wconf 87' lang='lat' dir='ltr'><strong>melius</strong></span> <span class='ocrx_word' id='word_1_525' title='bbox 2630 840 2872 917; x_wconf 75' lang='lat' dir='ltr'><strong>allectus,</strong></span> <span class='ocrx_word' id='word_1_526' title='bbox 2903 854 3010 895; x_wconf 90' lang='lat' dir='ltr'><strong>non</strong></span> <span class='ocrx_word' id='word_1_527' title='bbox 3042 848 3126 895; x_wconf 89' lang='lat' dir='ltr'><strong>est</strong></span> <span class='ocrx_word' id='word_1_528' title='bbox 3164 841 3309 895; x_wconf 90' lang='lat' dir='ltr'><strong>mitis</strong></span> <span class='ocrx_word' id='word_1_529' title='bbox 3334 858 3434 896; x_wconf 89' lang='lat' dir='ltr'><strong>nec</strong></span> <span class='ocrx_word' id='word_1_530' title='bbox 3462 855 3790 901; x_wconf 86' lang='lat' dir='ltr'><strong>mansuetus.</strong></span> <span class='ocrx_word' id='word_1_531' title='bbox 3818 844 4014 915; x_wconf 83' lang='lat' dir='ltr'><strong>Despi-</strong></span> 
     </span>
    </p>
   </div>
   <div class='ocr_carea' id='block_1_68' title="bbox 2413 930 4003 1012">
    <p class='ocr_par' dir='ltr' id='par_1_68' title="bbox 2413 930 4003 1012">
     <span class='ocr_line' id='line_1_68' title="bbox 2413 930 4003 1012; baseline 0.003 -25"><span class='ocrx_word' id='word_1_532' title='bbox 2413 947 2535 989; x_wconf 88' lang='lat' dir='ltr'><strong>ccre</strong></span> <span class='ocrx_word' id='word_1_533' title='bbox 2564 947 2658 988; x_wconf 88' lang='lat' dir='ltr'><strong>eos</strong></span> <span class='ocrx_word' id='word_1_534' title='bbox 2680 932 2876 1012; x_wconf 85' lang='lat' dir='ltr'><strong>quibus</strong></span> <span class='ocrx_word' id='word_1_535' title='bbox 2906 930 2964 986; x_wconf 87' lang='lat' dir='ltr'><strong>lit</strong></span> <span class='ocrx_word' id='word_1_536' title='bbox 2986 930 3179 1002; x_wconf 87' lang='lat' dir='ltr'><strong>injuria</strong></span> <span class='ocrx_word' id='word_1_537' title='bbox 3204 971 3220 999; x_wconf 90' lang='lat'><strong>,</strong></span> <span class='ocrx_word' id='word_1_538' title='bbox 3265 946 3373 987; x_wconf 87' lang='lat' dir='ltr'><strong>non</strong></span> <span class='ocrx_word' id='word_1_539' title='bbox 3394 932 3577 990; x_wconf 89' lang='lat' dir='ltr'><strong>dolere</strong></span> <span class='ocrx_word' id='word_1_540' title='bbox 3598 935 3766 990; x_wconf 78' lang='lat' dir='ltr'><strong>vicem</strong></span> <span class='ocrx_word' id='word_1_541' title='bbox 3816 950 4003 991; x_wconf 86' lang='lat' dir='ltr'><strong>eorum</strong></span> 
     </span>
    </p>
   </div>
   <div class='ocr_carea' id='block_1_69' title="bbox 2413 1022 4010 1096">
    <p class='ocr_par' dir='ltr' id='par_1_69' title="bbox 2413 1022 4010 1096">
     <span class='ocr_line' id='line_1_69' title="bbox 2413 1022 4010 1096; baseline 0.002 -17"><span class='ocrx_word' id='word_1_542' title='bbox 2413 1026 2504 1095; x_wconf 92' lang='lat' dir='ltr'><strong>qui</strong></span> <span class='ocrx_word' id='word_1_543' title='bbox 2530 1023 2718 1094; x_wconf 82' lang='lat' dir='ltr'><strong>injuria</strong></span> <span class='ocrx_word' id='word_1_544' title='bbox 2760 1022 3105 1093; x_wconf 78' lang='lat' dir='ltr'><strong>afﬁciuntur,</strong></span> <span class='ocrx_word' id='word_1_545' title='bbox 3152 1036 3255 1078; x_wconf 89' lang='lat' dir='ltr'><strong>nec</strong></span> <span class='ocrx_word' id='word_1_546' title='bbox 3307 1023 3371 1077; x_wconf 90' lang='lat' dir='ltr'><strong>iis</strong></span> <span class='ocrx_word' id='word_1_547' title='bbox 3395 1025 3550 1080; x_wconf 83' lang='lat' dir='ltr'><strong>irasci</strong></span> <span class='ocrx_word' id='word_1_548' title='bbox 3595 1026 3683 1096; x_wconf 91' lang='lat' dir='ltr'><strong>qui</strong></span> <span class='ocrx_word' id='word_1_549' title='bbox 3714 1026 3925 1094; x_wconf 86' lang='lat' dir='ltr'><strong>probris</strong></span> <span class='ocrx_word' id='word_1_550' title='bbox 3950 1037 4010 1082; x_wconf 77' lang='lat' dir='ltr'><strong>et</strong></span> 
     </span>
    </p>
   </div>
   <div class='ocr_carea' id='block_1_70' title="bbox 2412 1113 4009 1181">
    <p class='ocr_par' dir='ltr' id='par_1_70' title="bbox 2412 1113 4009 1181">
     <span class='ocr_line' id='line_1_70' title="bbox 2412 1113 4009 1181; baseline 0.002 -10"><span class='ocrx_word' id='word_1_551' title='bbox 2412 1113 2750 1171; x_wconf 87' lang='lat' dir='ltr'><strong>contumeliis</strong></span> <span class='ocrx_word' id='word_1_552' title='bbox 2772 1114 3051 1181; x_wconf 86' lang='lat' dir='ltr'><strong>alliciunt,</strong></span> <span class='ocrx_word' id='word_1_553' title='bbox 3079 1128 3190 1169; x_wconf 90' lang='lat' dir='ltr'><strong>non</strong></span> <span class='ocrx_word' id='word_1_554' title='bbox 3215 1123 3299 1170; x_wconf 89' lang='lat' dir='ltr'><strong>est</strong></span> <span class='ocrx_word' id='word_1_555' title='bbox 3328 1118 3555 1181; x_wconf 86' lang='lat' dir='ltr'><strong>virtutis,</strong></span> <span class='ocrx_word' id='word_1_556' title='bbox 3585 1117 3680 1173; x_wconf 90' lang='lat' dir='ltr'><strong>sed</strong></span> <span class='ocrx_word' id='word_1_557' title='bbox 3710 1119 3819 1172; x_wconf 92' lang='lat' dir='ltr'><strong>vitii</strong></span> <span class='ocrx_word' id='word_1_558' title='bbox 3851 1137 3865 1173; x_wconf 92' lang='lat'><strong>:</strong></span> <span class='ocrx_word' id='word_1_559' title='bbox 3895 1136 4009 1174; x_wconf 82' lang='lat' dir='ltr'><strong>mm</strong></span> 
     </span>
    </p>
   </div>
   <div class='ocr_carea' id='block_1_71' title="bbox 2412 1190 4003 1283">
    <p class='ocr_par' dir='ltr' id='par_1_71' title="bbox 2412 1190 4003 1283">
     <span class='ocr_line' id='line_1_71' title="bbox 2412 1190 4003 1283; baseline 0.001 -19"><span class='ocrx_word' id='word_1_560' title='bbox 2412 1216 2494 1264; x_wconf 85' lang='lat' dir='ltr'><strong>est</strong></span> <span class='ocrx_word' id='word_1_561' title='bbox 2534 1198 2996 1276; x_wconf 80' lang='lat' dir='ltr'><strong>mansuetudinis,</strong></span> <span class='ocrx_word' id='word_1_562' title='bbox 3045 1208 3140 1264; x_wconf 87' lang='lat' dir='ltr'><strong>sed</strong></span> <span class='ocrx_word' id='word_1_563' title='bbox 3169 1202 3414 1278; x_wconf 63' lang='lat' dir='ltr'><strong>ignaviae,</strong></span> <span class='ocrx_word' id='word_1_564' title='bbox 3456 1209 3633 1277; x_wconf 84' lang='lat' dir='ltr'><strong>Quare</strong></span> <span class='ocrx_word' id='word_1_565' title='bbox 3674 1211 3776 1266; x_wconf 91' lang='lat' dir='ltr'><strong>hoc</strong></span> <span class='ocrx_word' id='word_1_566' title='bbox 3827 1190 4003 1283; x_wconf 49' lang='lat' dir='ltr'><strong>ips‘um</strong></span> 
     </span>
    </p>
   </div>
   <div class='ocr_carea' id='block_1_72' title="bbox 2412 1298 4008 1369">
    <p class='ocr_par' dir='ltr' id='par_1_72' title="bbox 2412 1298 4008 1369">
     <span class='ocr_line' id='line_1_72' title="bbox 2412 1298 4008 1369; baseline 0.004 -16"><span class='ocrx_word' id='word_1_567' title='bbox 2412 1298 2648 1354; x_wconf 82' lang='lat' dir='ltr'><strong>ostendit</strong></span> <span class='ocrx_word' id='word_1_568' title='bbox 2696 1299 2814 1369; x_wconf 87' lang='lat' dir='ltr'><strong>ejus</strong></span> <span class='ocrx_word' id='word_1_569' title='bbox 2842 1300 3306 1356; x_wconf 84' lang='lat' dir='ltr'><strong>mansuetudinem</strong></span> <span class='ocrx_word' id='word_1_570' title='bbox 3334 1342 3351 1367; x_wconf 92' lang='lat'><strong>,</strong></span> <span class='ocrx_word' id='word_1_571' title='bbox 3396 1309 3453 1355; x_wconf 90' lang='lat' dir='ltr'><strong>et</strong></span> <span class='ocrx_word' id='word_1_572' title='bbox 3499 1301 3641 1369; x_wconf 88' lang='lat' dir='ltr'><strong>quod</strong></span> <span class='ocrx_word' id='word_1_573' title='bbox 3685 1303 4008 1359; x_wconf 78' lang='lat' dir='ltr'><strong>essetadeo</strong></span> 
     </span>
    </p>
   </div>
   <div class='ocr_carea' id='block_1_73' title="bbox 2410 1391 4003 1465">
    <p class='ocr_par' dir='ltr' id='par_1_73' title="bbox 2410 1391 4003 1465">
     <span class='ocr_line' id='line_1_73' title="bbox 2410 1391 4003 1465; baseline 0.004 -20"><span class='ocrx_word' id='word_1_574' title='bbox 2410 1391 2627 1457; x_wconf 87' lang='lat' dir='ltr'><strong>ardens,</strong></span> <span class='ocrx_word' id='word_1_575' title='bbox 2661 1400 2717 1446; x_wconf 94' lang='lat' dir='ltr'><strong>ut</strong></span> <span class='ocrx_word' id='word_1_576' title='bbox 2739 1391 3023 1460; x_wconf 88' lang='lat' dir='ltr'><strong>prosiliret,</strong></span> <span class='ocrx_word' id='word_1_577' title='bbox 3055 1406 3178 1448; x_wconf 91' lang='lat' dir='ltr'><strong>cum</strong></span> <span class='ocrx_word' id='word_1_578' title='bbox 3220 1392 3427 1448; x_wconf 81' lang='lat' dir='ltr'><strong>videret</strong></span> <span class='ocrx_word' id='word_1_579' title='bbox 3459 1393 3593 1449; x_wconf 89' lang='lat' dir='ltr'><strong>alios</strong></span> <span class='ocrx_word' id='word_1_580' title='bbox 3619 1395 3807 1463; x_wconf 88' lang='lat' dir='ltr'><strong>injuria</strong></span> <span class='ocrx_word' id='word_1_581' title='bbox 3835 1395 4003 1465; x_wconf 80' lang='lat' dir='ltr'><strong>allici,</strong></span> 
     </span>
    </p>
   </div>
   <div class='ocr_carea' id='block_1_74' title="bbox 2413 1480 4005 1555">
    <p class='ocr_par' dir='ltr' id='par_1_74' title="bbox 2413 1480 4005 1555">
     <span class='ocr_line' id='line_1_74' title="bbox 2413 1480 4005 1555; baseline 0.004 -20"><span class='ocrx_word' id='word_1_582' title='bbox 2413 1481 2546 1536; x_wconf 89' lang='lat' dir='ltr'><strong>iram</strong></span> <span class='ocrx_word' id='word_1_583' title='bbox 2586 1496 2683 1551; x_wconf 91' lang='lat' dir='ltr'><strong>pro</strong></span> <span class='ocrx_word' id='word_1_584' title='bbox 2730 1482 2939 1553; x_wconf 87' lang='lat' dir='ltr'><strong>justitia</strong></span> <span class='ocrx_word' id='word_1_585' title='bbox 2991 1480 3097 1538; x_wconf 87' lang='lat' dir='ltr'><strong>non</strong></span> <span class='ocrx_word' id='word_1_586' title='bbox 3136 1483 3318 1540; x_wconf 88' lang='lat' dir='ltr'><strong>valens</strong></span> <span class='ocrx_word' id='word_1_587' title='bbox 3363 1483 3616 1541; x_wconf 87' lang='lat' dir='ltr'><strong>cohibere</strong></span> <span class='ocrx_word' id='word_1_588' title='bbox 3651 1495 3746 1541; x_wconf 89' lang='lat' dir='ltr'><strong>:at</strong></span> <span class='ocrx_word' id='word_1_589' title='bbox 3788 1488 4005 1555; x_wconf 88' lang='lat' dir='ltr'><strong>quando</strong></span> 
     </span>
    </p>
   </div>
   <div class='ocr_carea' id='block_1_75' title="bbox 2412 1571 4005 1649">
    <p class='ocr_par' dir='ltr' id='par_1_75' title="bbox 2412 1571 4005 1649">
     <span class='ocr_line' id='line_1_75' title="bbox 2412 1571 4005 1649; baseline 0.006 -24"><span class='ocrx_word' id='word_1_590' title='bbox 2412 1571 2526 1639; x_wconf 85' lang='lat' dir='ltr'><strong>ipse</strong></span> <span class='ocrx_word' id='word_1_591' title='bbox 2554 1573 2695 1626; x_wconf 87' lang='lat' dir='ltr'><strong>malo</strong></span> <span class='ocrx_word' id='word_1_592' title='bbox 2720 1572 2901 1643; x_wconf 89' lang='lat' dir='ltr'><strong>aliquo</strong></span> <span class='ocrx_word' id='word_1_593' title='bbox 2926 1573 3145 1629; x_wconf 76' lang='lat' dir='ltr'><strong>allectus</strong></span> <span class='ocrx_word' id='word_1_594' title='bbox 3185 1584 3268 1630; x_wconf 86' lang='lat' dir='ltr'><strong>est</strong></span> <span class='ocrx_word' id='word_1_595' title='bbox 3291 1616 3305 1639; x_wconf 93' lang='lat'><strong>,</strong></span> <span class='ocrx_word' id='word_1_596' title='bbox 3338 1590 3435 1630; x_wconf 89' lang='lat' dir='ltr'><strong>nec</strong></span> <span class='ocrx_word' id='word_1_597' title='bbox 3461 1578 3599 1631; x_wconf 87' lang='lat' dir='ltr'><strong>ultus</strong></span> <span class='ocrx_word' id='word_1_598' title='bbox 3621 1587 3723 1641; x_wconf 79' lang='lat' dir='ltr'><strong>est,</strong></span> <span class='ocrx_word' id='word_1_599' title='bbox 3752 1593 3851 1634; x_wconf 88' lang='lat' dir='ltr'><strong>nec</strong></span> <span class='ocrx_word' id='word_1_600' title='bbox 3883 1593 4005 1649; x_wconf 73' lang='lat' dir='ltr'><strong>pm-</strong></span> 
     </span>
    </p>
   </div>
   <div class='ocr_carea' id='block_1_76' title="bbox 2413 1664 4003 1738">
    <p class='ocr_par' dir='ltr' id='par_1_76' title="bbox 2413 1664 4003 1738">
     <span class='ocr_line' id='line_1_76' title="bbox 2413 1664 4003 1738; baseline 0.003 -20"><span class='ocrx_word' id='word_1_601' title='bbox 2413 1680 2536 1718; x_wconf 89' lang='lat' dir='ltr'><strong>nam</strong></span> <span class='ocrx_word' id='word_1_602' title='bbox 2568 1667 2837 1733; x_wconf 88' lang='lat' dir='ltr'><strong>sumpsit,</strong></span> <span class='ocrx_word' id='word_1_603' title='bbox 2886 1678 2987 1719; x_wconf 89' lang='lat' dir='ltr'><strong>nec</strong></span> <span class='ocrx_word' id='word_1_604' title='bbox 3024 1680 3056 1719; x_wconf 90' lang='lat' dir='ltr'><strong>a</strong></span> <span class='ocrx_word' id='word_1_605' title='bbox 3104 1664 3457 1736; x_wconf 72' lang='lat' dir='ltr'><strong>philosophiae</strong></span> <span class='ocrx_word' id='word_1_606' title='bbox 3484 1667 3723 1722; x_wconf 88' lang='lat' dir='ltr'><strong>instituto</strong></span> <span class='ocrx_word' id='word_1_607' title='bbox 3749 1684 4003 1738; x_wconf 84' lang='lat' dir='ltr'><strong>umquam</strong></span> 
     </span>
    </p>
   </div>
   <div class='ocr_carea' id='block_1_77' title="bbox 2412 1756 4001 1815">
    <p class='ocr_par' dir='ltr' id='par_1_77' title="bbox 2412 1756 4001 1815">
     <span class='ocr_line' id='line_1_77' title="bbox 2412 1756 4001 1815; baseline 0.001 -3"><span class='ocrx_word' id='word_1_608' title='bbox 2412 1757 2655 1812; x_wconf 89' lang='lat' dir='ltr'><strong>recessit.</strong></span> <span class='ocrx_word' id='word_1_609' title='bbox 2682 1756 2741 1812; x_wconf 91' lang='lat' dir='ltr'><strong>Si</strong></span> <span class='ocrx_word' id='word_1_610' title='bbox 2778 1764 2954 1811; x_wconf 87' lang='lat' dir='ltr'><strong>autem</strong></span> <span class='ocrx_word' id='word_1_611' title='bbox 2994 1756 3185 1813; x_wconf 85' lang='lat' dir='ltr'><strong>fuisset</strong></span> <span class='ocrx_word' id='word_1_612' title='bbox 3227 1757 3362 1812; x_wconf 90' lang='lat' dir='ltr'><strong>adeo</strong></span> <span class='ocrx_word' id='word_1_613' title='bbox 3385 1773 3561 1814; x_wconf 55' lang='lat' dir='ltr'><strong>saevus</strong></span> <span class='ocrx_word' id='word_1_614' title='bbox 3588 1769 3642 1814; x_wconf 91' lang='lat' dir='ltr'><strong>et</strong></span> <span class='ocrx_word' id='word_1_615' title='bbox 3665 1759 3955 1815; x_wconf 88' lang='lat' dir='ltr'><strong>iracundus</strong></span> <span class='ocrx_word' id='word_1_616' title='bbox 3987 1779 4001 1814; x_wconf 90' lang='lat'><strong>:</strong></span> 
     </span>
    </p>
   </div>
   <div class='ocr_carea' id='block_1_78' title="bbox 2412 1847 4002 1919">
    <p class='ocr_par' dir='ltr' id='par_1_78' title="bbox 2412 1847 4002 1919">
     <span class='ocr_line' id='line_1_78' title="bbox 2412 1847 4002 1919; baseline 0.004 -18"><span class='ocrx_word' id='word_1_617' title='bbox 2412 1849 2502 1918; x_wconf 91' lang='lat' dir='ltr'><strong>qui</strong></span> <span class='ocrx_word' id='word_1_618' title='bbox 2533 1862 2628 1919; x_wconf 89' lang='lat' dir='ltr'><strong>pro</strong></span> <span class='ocrx_word' id='word_1_619' title='bbox 2657 1847 2779 1902; x_wconf 86' lang='lat' dir='ltr'><strong>aliis</strong></span> <span class='ocrx_word' id='word_1_620' title='bbox 2806 1848 2943 1903; x_wconf 87' lang='lat' dir='ltr'><strong>adeo</strong></span> <span class='ocrx_word' id='word_1_621' title='bbox 2971 1847 3402 1904; x_wconf 79' lang='lat' dir='ltr'><strong>inflammabatur</strong></span> <span class='ocrx_word' id='word_1_622' title='bbox 3442 1859 3497 1906; x_wconf 89' lang='lat' dir='ltr'><strong>et</strong></span> <span class='ocrx_word' id='word_1_623' title='bbox 3535 1852 3962 1909; x_wconf 85' lang='lat' dir='ltr'><strong>excandescebat</strong></span> <span class='ocrx_word' id='word_1_624' title='bbox 3985 1896 4002 1919; x_wconf 86' lang='lat'><strong>,</strong></span> 
     </span>
    </p>
   </div>
   <div class='ocr_carea' id='block_1_79' title="bbox 2414 1940 4010 2016">
    <p class='ocr_par' dir='ltr' id='par_1_79' title="bbox 2414 1940 4010 2016">
     <span class='ocr_line' id='line_1_79' title="bbox 2414 1940 4010 2016; baseline 0.003 -23"><span class='ocrx_word' id='word_1_625' title='bbox 2414 1954 2703 2011; x_wconf 87' lang='lat' dir='ltr'><strong>numquam</strong></span> <span class='ocrx_word' id='word_1_626' title='bbox 2728 1940 2968 1995; x_wconf 86' lang='lat' dir='ltr'><strong>animum</strong></span> <span class='ocrx_word' id='word_1_627' title='bbox 2996 1940 3317 2011; x_wconf 85' lang='lat' dir='ltr'><strong>induxisset,</strong></span> <span class='ocrx_word' id='word_1_628' title='bbox 3346 1950 3403 1996; x_wconf 91' lang='lat' dir='ltr'><strong>ut</strong></span> <span class='ocrx_word' id='word_1_629' title='bbox 3429 1957 3527 2011; x_wconf 86' lang='lat' dir='ltr'><strong>pro</strong></span> <span class='ocrx_word' id='word_1_630' title='bbox 3554 1944 3619 1998; x_wconf 91' lang='lat' dir='ltr'><strong>iis</strong></span> <span class='ocrx_word' id='word_1_631' title='bbox 3639 1960 3756 2013; x_wconf 68' lang='lat' dir='ltr'><strong>qua:</strong></span> <span class='ocrx_word' id='word_1_632' title='bbox 3773 1946 3839 1998; x_wconf 90' lang='lat' dir='ltr'><strong>ad</strong></span> <span class='ocrx_word' id='word_1_633' title='bbox 3869 1946 4010 2016; x_wconf 82' lang='lat' dir='ltr'><strong>scip-</strong></span> 
     </span>
    </p>
   </div>
   <div class='ocr_carea' id='block_1_80' title="bbox 2412 2030 4007 2106">
    <p class='ocr_par' dir='ltr' id='par_1_80' title="bbox 2412 2030 4007 2106">
     <span class='ocr_line' id='line_1_80' title="bbox 2412 2030 4007 2106; baseline 0.004 -22"><span class='ocrx_word' id='word_1_634' title='bbox 2412 2045 2531 2085; x_wconf 91' lang='lat' dir='ltr'><strong>sum</strong></span> <span class='ocrx_word' id='word_1_635' title='bbox 2560 2030 2919 2101; x_wconf 88' lang='lat' dir='ltr'><strong>pertinebant,</strong></span> <span class='ocrx_word' id='word_1_636' title='bbox 2942 2033 3243 2101; x_wconf 87' lang='lat' dir='ltr'><strong>quiesceret</strong></span> <span class='ocrx_word' id='word_1_637' title='bbox 3270 2049 3282 2083; x_wconf 88' lang='lat'>:</span> <span class='ocrx_word' id='word_1_638' title='bbox 3310 2032 3405 2087; x_wconf 90' lang='lat' dir='ltr'><strong>sed</strong></span> <span class='ocrx_word' id='word_1_639' title='bbox 3426 2041 3552 2089; x_wconf 89' lang='lat' dir='ltr'><strong>tunc</strong></span> <span class='ocrx_word' id='word_1_640' title='bbox 3577 2036 3744 2106; x_wconf 76' lang='lat' dir='ltr'><strong>magis</strong></span> <span class='ocrx_word' id='word_1_641' title='bbox 3768 2037 4007 2091; x_wconf 83' lang='lat' dir='ltr'><strong>irritatus</strong></span> 
     </span>
    </p>
   </div>
   <div class='ocr_carea' id='block_1_81' title="bbox 2413 2126 4001 2200">
    <p class='ocr_par' dir='ltr' id='par_1_81' title="bbox 2413 2126 4001 2200">
     <span class='ocr_line' id='line_1_81' title="bbox 2413 2126 4001 2200; baseline 0.001 -18"><span class='ocrx_word' id='word_1_642' title='bbox 2413 2126 2621 2182; x_wconf 83' lang='lat' dir='ltr'><strong>fuisset.</strong></span> <span class='ocrx_word' id='word_1_643' title='bbox 2667 2127 2826 2184; x_wconf 88' lang='lat' dir='ltr'><strong>Scitis</strong></span> <span class='ocrx_word' id='word_1_644' title='bbox 2855 2128 2998 2181; x_wconf 89' lang='lat' dir='ltr'><strong>enim</strong></span> <span class='ocrx_word' id='word_1_645' title='bbox 3039 2142 3139 2181; x_wconf 87' lang='lat' dir='ltr'><strong>nos</strong></span> <span class='ocrx_word' id='word_1_646' title='bbox 3183 2128 3376 2197; x_wconf 63' lang='grc' dir='ltr'><strong>εδει-ἰαῦ</strong></span> <span class='ocrx_word' id='word_1_647' title='bbox 3423 2127 3563 2187; x_wconf 86' lang='lat' dir='ltr'><strong>ferre</strong></span> <span class='ocrx_word' id='word_1_648' title='bbox 3610 2139 3789 2183; x_wconf 85' lang='lat' dir='ltr'><strong>nostra</strong></span> <span class='ocrx_word' id='word_1_649' title='bbox 3838 2146 4001 2200; x_wconf 78' lang='lat' dir='ltr'><strong>quam</strong></span> 
     </span>
    </p>
   </div>
   <div class='ocr_carea' id='block_1_82' title="bbox 2414 2220 4004 2291">
    <p class='ocr_par' dir='ltr' id='par_1_82' title="bbox 2414 2220 4004 2291">
     <span class='ocr_line' id='line_1_82' title="bbox 2414 2220 4004 2291; baseline 0.001 -16"><span class='ocrx_word' id='word_1_650' title='bbox 2414 2220 2610 2276; x_wconf 86' lang='lat' dir='ltr'><strong>aliena.</strong></span> <span class='ocrx_word' id='word_1_651' title='bbox 2636 2221 2728 2275; x_wconf 89' lang='lat' dir='ltr'><strong>ille</strong></span> <span class='ocrx_word' id='word_1_652' title='bbox 2753 2232 2951 2283; x_wconf 87' lang='lat' dir='ltr'><strong>autem,</strong></span> <span class='ocrx_word' id='word_1_653' title='bbox 2984 2236 3105 2274; x_wconf 86' lang='lat' dir='ltr'><strong>cum</strong></span> <span class='ocrx_word' id='word_1_654' title='bbox 3128 2221 3215 2273; x_wconf 89' lang='lat' dir='ltr'><strong>alii</strong></span> <span class='ocrx_word' id='word_1_655' title='bbox 3235 2221 3449 2289; x_wconf 86' lang='lat' dir='ltr'><strong>quidem</strong></span> <span class='ocrx_word' id='word_1_656' title='bbox 3472 2222 3611 2276; x_wconf 84' lang='lat' dir='ltr'><strong>male</strong></span> <span class='ocrx_word' id='word_1_657' title='bbox 3640 2222 4004 2291; x_wconf 82' lang='lat' dir='ltr'><strong>patiebantur,</strong></span> 
     </span>
    </p>
   </div>
   <div class='ocr_carea' id='block_1_83' title="bbox 2416 2312 4009 2383">
    <p class='ocr_par' dir='ltr' id='par_1_83' title="bbox 2416 2312 4009 2383">
     <span class='ocr_line' id='line_1_83' title="bbox 2416 2312 4009 2383; baseline 0.002 -16"><span class='ocrx_word' id='word_1_658' title='bbox 2416 2329 2523 2368; x_wconf 91' lang='lat' dir='ltr'><strong>non</strong></span> <span class='ocrx_word' id='word_1_659' title='bbox 2552 2313 2728 2367; x_wconf 92' lang='lat' dir='ltr'><strong>minus</strong></span> <span class='ocrx_word' id='word_1_660' title='bbox 2750 2322 2910 2383; x_wconf 80' lang='lat' dir='ltr'><strong>quam</strong></span> <span class='ocrx_word' id='word_1_661' title='bbox 2940 2312 3016 2366; x_wconf 91' lang='lat' dir='ltr'><strong>illi</strong></span> <span class='ocrx_word' id='word_1_662' title='bbox 3039 2313 3135 2383; x_wconf 90' lang='lat' dir='ltr'><strong>ipsi</strong></span> <span class='ocrx_word' id='word_1_663' title='bbox 3162 2313 3357 2382; x_wconf 87' lang='lat' dir='ltr'><strong>quibus</strong></span> <span class='ocrx_word' id='word_1_664' title='bbox 3381 2314 3519 2367; x_wconf 89' lang='lat' dir='ltr'><strong>male</strong></span> <span class='ocrx_word' id='word_1_665' title='bbox 3564 2314 3743 2379; x_wconf 81' lang='lat' dir='ltr'><strong>licbat,</strong></span> <span class='ocrx_word' id='word_1_666' title='bbox 3777 2315 4009 2370; x_wconf 83' lang='lat' dir='ltr'><strong>ulcisce-</strong></span> 
     </span>
    </p>
   </div>
   <div class='ocr_carea' id='block_1_84' title="bbox 2416 2398 4005 2473">
    <p class='ocr_par' dir='ltr' id='par_1_84' title="bbox 2416 2398 4005 2473">
     <span class='ocr_line' id='line_1_84' title="bbox 2416 2398 4005 2473; baseline 0 -15"><span class='ocrx_word' id='word_1_667' title='bbox 2416 2404 2568 2458; x_wconf 86' lang='lat' dir='ltr'><strong>batur</strong></span> <span class='ocrx_word' id='word_1_668' title='bbox 2594 2420 2606 2455; x_wconf 90' lang='lat'>:</span> <span class='ocrx_word' id='word_1_669' title='bbox 2634 2402 2828 2458; x_wconf 88' lang='lat' dir='ltr'><strong>delicta</strong></span> <span class='ocrx_word' id='word_1_670' title='bbox 2854 2411 3032 2456; x_wconf 87' lang='lat' dir='ltr'><strong>autem</strong></span> <span class='ocrx_word' id='word_1_671' title='bbox 3061 2416 3181 2472; x_wconf 84' lang='lat' dir='ltr'><strong>quae</strong></span> <span class='ocrx_word' id='word_1_672' title='bbox 3212 2398 3264 2457; x_wconf 91' lang='lat' dir='ltr'><strong>in</strong></span> <span class='ocrx_word' id='word_1_673' title='bbox 3296 2402 3465 2473; x_wconf 90' lang='lat' dir='ltr'><strong>ipsum</strong></span> <span class='ocrx_word' id='word_1_674' title='bbox 3505 2402 3736 2457; x_wconf 88' lang='lat' dir='ltr'><strong>admissa</strong></span> <span class='ocrx_word' id='word_1_675' title='bbox 3768 2403 4005 2470; x_wconf 87' lang='lat' dir='ltr'><strong>fuerant,</strong></span> 
     </span>
    </p>
   </div>
   <div class='ocr_carea' id='block_1_85' title="bbox 2413 2492 4007 2563">
    <p class='ocr_par' dir='ltr' id='par_1_85' title="bbox 2413 2492 4007 2563">
     <span class='ocr_line' id='line_1_85' title="bbox 2413 2492 4007 2563; baseline 0 -14"><span class='ocrx_word' id='word_1_676' title='bbox 2413 2509 2535 2549; x_wconf 86' lang='lat' dir='ltr'><strong>eum</strong></span> <span class='ocrx_word' id='word_1_677' title='bbox 2563 2493 2795 2547; x_wconf 83' lang='lat' dir='ltr'><strong>maxima</strong></span> <span class='ocrx_word' id='word_1_678' title='bbox 2822 2492 3263 2561; x_wconf 67' lang='lat' dir='ltr'><strong>praetermittebat</strong></span> <span class='ocrx_word' id='word_1_679' title='bbox 3313 2492 3594 2547; x_wconf 85' lang='lat' dir='ltr'><strong>tolerantia</strong></span> <span class='ocrx_word' id='word_1_680' title='bbox 3618 2534 3633 2557; x_wconf 94' lang='lat'><strong>,</strong></span> <span class='ocrx_word' id='word_1_681' title='bbox 3676 2494 3728 2546; x_wconf 92' lang='lat' dir='ltr'><strong>in</strong></span> <span class='ocrx_word' id='word_1_682' title='bbox 3776 2504 4007 2563; x_wconf 82' lang='lat' dir='ltr'><strong>utroque</strong></span> 
     </span>
    </p>
   </div>
   <div class='ocr_carea' id='block_1_86' title="bbox 2413 2583 4009 2655">
    <p class='ocr_par' dir='ltr' id='par_1_86' title="bbox 2413 2583 4009 2655">
     <span class='ocr_line' id='line_1_86' title="bbox 2413 2583 4009 2655; baseline -0.001 -13"><span class='ocrx_word' id='word_1_683' title='bbox 2413 2594 2657 2643; x_wconf 88' lang='lat' dir='ltr'><strong>extremo</strong></span> <span class='ocrx_word' id='word_1_684' title='bbox 2681 2586 2982 2642; x_wconf 85' lang='lat' dir='ltr'><strong>consistens</strong></span> <span class='ocrx_word' id='word_1_685' title='bbox 3003 2625 3020 2651; x_wconf 92' lang='lat'><strong>,</strong></span> <span class='ocrx_word' id='word_1_686' title='bbox 3053 2584 3142 2639; x_wconf 82' lang='lat' dir='ltr'><strong>illo</strong></span> <span class='ocrx_word' id='word_1_687' title='bbox 3168 2583 3381 2655; x_wconf 92' lang='lat' dir='ltr'><strong>quidem</strong></span> <span class='ocrx_word' id='word_1_688' title='bbox 3404 2627 3418 2651; x_wconf 96' lang='lat'><strong>,</strong></span> <span class='ocrx_word' id='word_1_689' title='bbox 3460 2601 3518 2640; x_wconf 91' lang='lat' dir='ltr'><strong>se</strong></span> <span class='ocrx_word' id='word_1_690' title='bbox 3545 2599 3663 2641; x_wconf 86' lang='lat' dir='ltr'><strong>esse</strong></span> <span class='ocrx_word' id='word_1_691' title='bbox 3690 2586 3843 2641; x_wconf 90' lang='lat' dir='ltr'><strong>malis</strong></span> <span class='ocrx_word' id='word_1_692' title='bbox 3872 2586 4009 2641; x_wconf 83' lang='lat' dir='ltr'><strong>inle-</strong></span> 
     </span>
    </p>
   </div>
   <div class='ocr_carea' id='block_1_87' title="bbox 2415 2672 4008 2746">
    <p class='ocr_par' dir='ltr' id='par_1_87' title="bbox 2415 2672 4008 2746">
     <span class='ocr_line' id='line_1_87' title="bbox 2415 2672 4008 2746; baseline -0.003 -11"><span class='ocrx_word' id='word_1_693' title='bbox 2415 2691 2556 2735; x_wconf 87' lang='lat' dir='ltr'><strong>stum</strong></span> <span class='ocrx_word' id='word_1_694' title='bbox 2579 2721 2597 2746; x_wconf 88' lang='lat'><strong>,</strong></span> <span class='ocrx_word' id='word_1_695' title='bbox 2647 2678 2752 2734; x_wconf 88' lang='lat' dir='ltr'><strong>hoc</strong></span> <span class='ocrx_word' id='word_1_696' title='bbox 2778 2692 2905 2732; x_wconf 89' lang='lat' dir='ltr'><strong>vero</strong></span> <span class='ocrx_word' id='word_1_697' title='bbox 2932 2692 2991 2733; x_wconf 89' lang='lat' dir='ltr'><strong>se</strong></span> <span class='ocrx_word' id='word_1_698' title='bbox 3040 2691 3159 2732; x_wconf 88' lang='lat' dir='ltr'><strong>esse</strong></span> <span class='ocrx_word' id='word_1_699' title='bbox 3188 2675 3363 2732; x_wconf 91' lang='lat' dir='ltr'><strong>lenem</strong></span> <span class='ocrx_word' id='word_1_700' title='bbox 3412 2686 3465 2731; x_wconf 90' lang='lat' dir='ltr'><strong>et</strong></span> <span class='ocrx_word' id='word_1_701' title='bbox 3493 2678 3778 2746; x_wconf 85' lang='lat' dir='ltr'><strong>patientem</strong></span> <span class='ocrx_word' id='word_1_702' title='bbox 3823 2672 4008 2732; x_wconf 70' lang='lat' dir='ltr'><strong>osten-</strong></span> 
     </span>
    </p>
   </div>
   <div class='ocr_carea' id='block_1_88' title="bbox 2414 2752 4007 2839">
    <p class='ocr_par' dir='ltr' id='par_1_88' title="bbox 2414 2752 4007 2839">
     <span class='ocr_line' id='line_1_88' title="bbox 2414 2752 4007 2839; baseline -0.002 -13"><span class='ocrx_word' id='word_1_703' title='bbox 2414 2772 2571 2827; x_wconf 89' lang='lat' dir='ltr'><strong>deus.</strong></span> <span class='ocrx_word' id='word_1_704' title='bbox 2593 2769 2701 2826; x_wconf 88' lang='lat' dir='ltr'><strong>Sed</strong></span> <span class='ocrx_word' id='word_1_705' title='bbox 2729 2768 2838 2837; x_wconf 90' lang='lat' dir='ltr'><strong>dic,</strong></span> <span class='ocrx_word' id='word_1_706' title='bbox 2864 2782 3067 2839; x_wconf 63' lang='lat' dir='ltr'><strong>quiest),</strong></span> <span class='ocrx_word' id='word_1_707' title='bbox 3096 2766 3224 2837; x_wconf 88' lang='lat' dir='ltr'><strong>quid</strong></span> <span class='ocrx_word' id='word_1_708' title='bbox 3248 2782 3372 2822; x_wconf 90' lang='lat' dir='ltr'><strong>eum</strong></span> <span class='ocrx_word' id='word_1_709' title='bbox 3398 2766 3576 2823; x_wconf 85' lang='lat' dir='ltr'><strong>facere</strong></span> <span class='ocrx_word' id='word_1_710' title='bbox 3598 2752 3863 2837; x_wconf 79' lang='lat' dir='ltr'><strong>oportuit?</strong></span> <span class='ocrx_word' id='word_1_711' title='bbox 3884 2785 4007 2823; x_wconf 87' lang='lat' dir='ltr'><strong>eam</strong></span> 
     </span>
    </p>
   </div>
   <div class='ocr_carea' id='block_1_89' title="bbox 2415 2843 4008 2932">
    <p class='ocr_par' dir='ltr' id='par_1_89' title="bbox 2415 2843 4008 2932">
     <span class='ocr_line' id='line_1_89' title="bbox 2415 2843 4008 2932; baseline -0.003 -15"><span class='ocrx_word' id='word_1_712' title='bbox 2415 2861 2730 2932; x_wconf 85' lang='lat' dir='ltr'><strong>despicere,</strong></span> <span class='ocrx_word' id='word_1_713' title='bbox 2777 2872 2899 2928; x_wconf 69' lang='lat' dir='ltr'><strong>quae</strong></span> <span class='ocrx_word' id='word_1_714' title='bbox 2926 2856 3293 2922; x_wconf 81' lang='lat' dir='ltr'><strong>inferebatur,</strong></span> <span class='ocrx_word' id='word_1_715' title='bbox 3336 2843 3581 2925; x_wconf 85' lang='lat' dir='ltr'><strong>injuriam</strong></span> <span class='ocrx_word' id='word_1_716' title='bbox 3606 2856 3646 2921; x_wconf 79' lang='grc' dir='ltr'><strong>ί,</strong></span> <span class='ocrx_word' id='word_1_717' title='bbox 3707 2867 3761 2913; x_wconf 84' lang='lat' dir='ltr'><strong>et</strong></span> <span class='ocrx_word' id='word_1_718' title='bbox 3804 2859 4008 2914; x_wconf 86' lang='lat' dir='ltr'><strong>malum</strong></span> 
     </span>
    </p>
   </div>
   <div class='ocr_carea' id='block_1_90' title="bbox 2417 2947 4011 3026">
    <p class='ocr_par' dir='ltr' id='par_1_90' title="bbox 2417 2947 4011 3026">
     <span class='ocr_line' id='line_1_90' title="bbox 2417 2947 4011 3026; baseline -0.002 -17"><span class='ocrx_word' id='word_1_719' title='bbox 2417 2954 2559 3026; x_wconf 90' lang='lat' dir='ltr'><strong>quod</strong></span> <span class='ocrx_word' id='word_1_720' title='bbox 2592 2950 2890 3022; x_wconf 90' lang='lat' dir='ltr'><strong>pertinebat</strong></span> <span class='ocrx_word' id='word_1_721' title='bbox 2925 2949 2992 3004; x_wconf 92' lang='lat' dir='ltr'><strong>ad</strong></span> <span class='ocrx_word' id='word_1_722' title='bbox 3024 2948 3317 3019; x_wconf 88' lang='lat' dir='ltr'><strong>populum?</strong></span> <span class='ocrx_word' id='word_1_723' title='bbox 3350 2948 3455 3004; x_wconf 89' lang='lat' dir='ltr'><strong>Sed</strong></span> <span class='ocrx_word' id='word_1_724' title='bbox 3495 2947 3549 3004; x_wconf 89' lang='lat' dir='ltr'><strong>id</strong></span> <span class='ocrx_word' id='word_1_725' title='bbox 3593 2959 3846 3018; x_wconf 79' lang='lat' dir='ltr'><strong>nouerat</strong></span> <span class='ocrx_word' id='word_1_726' title='bbox 3887 2951 4011 3021; x_wconf 87' lang='lat' dir='ltr'><strong>ejus</strong></span> 
     </span>
    </p>
   </div>
   <div class='ocr_carea' id='block_1_91' title="bbox 2416 3034 4009 3117">
    <p class='ocr_par' dir='ltr' id='par_1_91' title="bbox 2416 3034 4009 3117">
     <span class='ocr_line' id='line_1_91' title="bbox 2416 3034 4009 3117; baseline -0.002 -18"><span class='ocrx_word' id='word_1_727' title='bbox 2416 3045 2507 3117; x_wconf 93' lang='lat' dir='ltr'><strong>qui</strong></span> <span class='ocrx_word' id='word_1_728' title='bbox 2535 3042 2754 3114; x_wconf 88' lang='lat' dir='ltr'><strong>regebat</strong></span> <span class='ocrx_word' id='word_1_729' title='bbox 2780 3034 3058 3112; x_wconf 88' lang='lat' dir='ltr'><strong>populum,</strong></span> <span class='ocrx_word' id='word_1_730' title='bbox 3091 3053 3191 3095; x_wconf 88' lang='lat' dir='ltr'><strong>nec</strong></span> <span class='ocrx_word' id='word_1_731' title='bbox 3216 3038 3463 3109; x_wconf 86' lang='lat' dir='ltr'><strong>patientis</strong></span> <span class='ocrx_word' id='word_1_732' title='bbox 3485 3037 3710 3111; x_wconf 87' lang='lat' dir='ltr'><strong>alicujus</strong></span> <span class='ocrx_word' id='word_1_733' title='bbox 3737 3049 3792 3095; x_wconf 90' lang='lat' dir='ltr'><strong>et</strong></span> <span class='ocrx_word' id='word_1_734' title='bbox 3819 3042 3962 3097; x_wconf 84' lang='lat' dir='ltr'><strong>mitis</strong></span> <span class='ocrx_word' id='word_1_735' title='bbox 3989 3082 4009 3106; x_wconf 91' lang='lat'><strong>,</strong></span> 
     </span>
    </p>
   </div>
   <div class='ocr_carea' id='block_1_92' title="bbox 2416 3124 4009 3205">
    <p class='ocr_par' dir='ltr' id='par_1_92' title="bbox 2416 3124 4009 3205">
     <span class='ocr_line' id='line_1_92' title="bbox 2416 3124 4009 3205; baseline -0.004 -11"><span class='ocrx_word' id='word_1_736' title='bbox 2416 3136 2511 3194; x_wconf 88' lang='lat' dir='ltr'><strong>sed</strong></span> <span class='ocrx_word' id='word_1_737' title='bbox 2536 3135 2737 3191; x_wconf 87' lang='lat' dir='ltr'><strong>desidis</strong></span> <span class='ocrx_word' id='word_1_738' title='bbox 2764 3143 2820 3191; x_wconf 91' lang='lat' dir='ltr'><strong>et</strong></span> <span class='ocrx_word' id='word_1_739' title='bbox 2832 3130 3037 3205; x_wconf 81' lang='lat' dir='ltr'><strong>ignavi.</strong></span> <span class='ocrx_word' id='word_1_740' title='bbox 3060 3131 3141 3187; x_wconf 84' lang='lat' dir='ltr'><strong>Tu</strong></span> <span class='ocrx_word' id='word_1_741' title='bbox 3169 3141 3346 3187; x_wconf 88' lang='lat' dir='ltr'><strong>autem</strong></span> <span class='ocrx_word' id='word_1_742' title='bbox 3373 3130 3637 3187; x_wconf 88' lang='lat' dir='ltr'><strong>medicum</strong></span> <span class='ocrx_word' id='word_1_743' title='bbox 3652 3124 3871 3203; x_wconf 88' lang='lat' dir='ltr'><strong>quidem</strong></span> <span class='ocrx_word' id='word_1_744' title='bbox 3897 3149 4009 3188; x_wconf 89' lang='lat' dir='ltr'><strong>non</strong></span> 
     </span>
    </p>
   </div>
   <div class='ocr_carea' id='block_1_93' title="bbox 2416 3224 4009 3301">
    <p class='ocr_par' dir='ltr' id='par_1_93' title="bbox 2416 3224 4009 3301">
     <span class='ocr_line' id='line_1_93' title="bbox 2416 3224 4009 3301; baseline -0.013 -14"><span class='ocrx_word' id='word_1_745' title='bbox 2416 3226 2787 3301; x_wconf 85' lang='lat' dir='ltr'><strong>reprehendis,</strong></span> <span class='ocrx_word' id='word_1_746' title='bbox 2814 3224 2906 3297; x_wconf 89' lang='lat' dir='ltr'><strong>qui</strong></span> <span class='ocrx_word' id='word_1_747' title='bbox 2937 3224 3272 3297; x_wconf 89' lang='lat' dir='ltr'><strong>putredinem</strong></span> <span class='ocrx_word' id='word_1_748' title='bbox 3300 3232 3469 3281; x_wconf 89' lang='lat' dir='ltr'><strong>totum</strong></span> <span class='ocrx_word' id='word_1_749' title='bbox 3496 3238 3696 3295; x_wconf 86' lang='lat' dir='ltr'><strong>corpus</strong></span> <span class='ocrx_word' id='word_1_750' title='bbox 3720 3239 4009 3295; x_wconf 69' lang='lat' dir='ltr'><strong>per-mean-</strong></span> 
     </span>
    </p>
   </div>
   <div class='ocr_carea' id='block_1_94' title="bbox 2419 3313 4015 3390">
    <p class='ocr_par' dir='ltr' id='par_1_94' title="bbox 2419 3313 4015 3390">
     <span class='ocr_line' id='line_1_94' title="bbox 2419 3313 4015 3390; baseline -0.003 -13"><span class='ocrx_word' id='word_1_751' title='bbox 2419 3330 2525 3377; x_wconf 89' lang='lat' dir='ltr'><strong>tem</strong></span> <span class='ocrx_word' id='word_1_752' title='bbox 2551 3320 2791 3377; x_wconf 87' lang='lat' dir='ltr'><strong>sectione</strong></span> <span class='ocrx_word' id='word_1_753' title='bbox 2810 3316 3052 3388; x_wconf 90' lang='lat' dir='ltr'><strong>reprimit</strong></span> <span class='ocrx_word' id='word_1_754' title='bbox 3075 3333 3090 3371; x_wconf 90' lang='lat'><strong>:</strong></span> <span class='ocrx_word' id='word_1_755' title='bbox 3116 3315 3267 3372; x_wconf 90' lang='lat' dir='ltr'><strong>illum</strong></span> <span class='ocrx_word' id='word_1_756' title='bbox 3287 3320 3466 3371; x_wconf 84' lang='lat' dir='ltr'><strong>autem</strong></span> <span class='ocrx_word' id='word_1_757' title='bbox 3491 3313 3625 3371; x_wconf 85' lang='lat' dir='ltr'><strong>dicis</strong></span> <span class='ocrx_word' id='word_1_758' title='bbox 3647 3330 3767 3370; x_wconf 89' lang='lat' dir='ltr'><strong>esse</strong></span> <span class='ocrx_word' id='word_1_759' title='bbox 3784 3315 4015 3390; x_wconf 81' lang='lat' dir='ltr'><strong>atrocis-</strong></span> 
     </span>
    </p>
   </div>
   <div class='ocr_carea' id='block_1_95' title="bbox 2418 3400 4015 3484">
    <p class='ocr_par' dir='ltr' id='par_1_95' title="bbox 2418 3400 4015 3484">
     <span class='ocr_line' id='line_1_95' title="bbox 2418 3400 4015 3484; baseline -0.005 -17"><span class='ocrx_word' id='word_1_760' title='bbox 2418 3411 2611 3467; x_wconf 90' lang='lat' dir='ltr'><strong>simum</strong></span> <span class='ocrx_word' id='word_1_761' title='bbox 2639 3451 2655 3478; x_wconf 89' lang='lat'><strong>,</strong></span> <span class='ocrx_word' id='word_1_762' title='bbox 2685 3408 2778 3484; x_wconf 88' lang='lat' dir='ltr'><strong>qui</strong></span> <span class='ocrx_word' id='word_1_763' title='bbox 2799 3407 3045 3463; x_wconf 89' lang='lat' dir='ltr'><strong>morbum</strong></span> <span class='ocrx_word' id='word_1_764' title='bbox 3075 3406 3234 3477; x_wconf 85' lang='lat' dir='ltr'><strong>longe</strong></span> <span class='ocrx_word' id='word_1_765' title='bbox 3259 3400 3543 3477; x_wconf 84' lang='lat' dir='ltr'><strong>putredine</strong></span> <span class='ocrx_word' id='word_1_766' title='bbox 3581 3406 3880 3477; x_wconf 72' lang='lat' dir='ltr'><strong>graviorem</strong></span> <span class='ocrx_word' id='word_1_767' title='bbox 3911 3422 4015 3477; x_wconf 81' lang='lat' dir='ltr'><strong>per</strong></span> 
     </span>
    </p>
   </div>
   <div class='ocr_carea' id='block_1_96' title="bbox 2419 3496 4011 3572">
    <p class='ocr_par' dir='ltr' id='par_1_96' title="bbox 2419 3496 4011 3572">
     <span class='ocr_line' id='line_1_96' title="bbox 2419 3496 4011 3572; baseline -0.004 -15"><span class='ocrx_word' id='word_1_768' title='bbox 2419 3512 2588 3558; x_wconf 88' lang='lat' dir='ltr'><strong>totum</strong></span> <span class='ocrx_word' id='word_1_769' title='bbox 2614 3500 2869 3572; x_wconf 88' lang='lat' dir='ltr'><strong>populum</strong></span> <span class='ocrx_word' id='word_1_770' title='bbox 2896 3496 3299 3569; x_wconf 86' lang='lat' dir='ltr'><strong>permanentem</strong></span> <span class='ocrx_word' id='word_1_771' title='bbox 3329 3496 3440 3552; x_wconf 91' lang='lat' dir='ltr'><strong>ictu</strong></span> <span class='ocrx_word' id='word_1_772' title='bbox 3467 3498 3624 3567; x_wconf 86' lang='lat' dir='ltr'><strong>paulo</strong></span> <span class='ocrx_word' id='word_1_773' title='bbox 3646 3496 3880 3567; x_wconf 87' lang='lat' dir='ltr'><strong>graviori</strong></span> <span class='ocrx_word' id='word_1_774' title='bbox 3908 3512 4011 3552; x_wconf 81' lang='lat' dir='ltr'><strong>vo-</strong></span> 
     </span>
    </p>
   </div>
   <div class='ocr_carea' id='block_1_97' title="bbox 2419 3584 4011 3659">
    <p class='ocr_par' dir='ltr' id='par_1_97' title="bbox 2419 3584 4011 3659">
     <span class='ocr_line' id='line_1_97' title="bbox 2419 3584 4011 3659; baseline -0.004 -11"><span class='ocrx_word' id='word_1_775' title='bbox 2419 3592 2578 3655; x_wconf 84' lang='lat' dir='ltr'><strong>luerit</strong></span> <span class='ocrx_word' id='word_1_776' title='bbox 2603 3587 2890 3650; x_wconf 82' lang='lat' dir='ltr'><strong>coercere?</strong></span> <span class='ocrx_word' id='word_1_777' title='bbox 2915 3588 3077 3659; x_wconf 79' lang='lat' dir='ltr'><strong>Atqui</strong></span> <span class='ocrx_word' id='word_1_778' title='bbox 3097 3585 3212 3643; x_wconf 66' lang='lat' dir='ltr'><strong>hac</strong></span> <span class='ocrx_word' id='word_1_779' title='bbox 3233 3594 3359 3642; x_wconf 88' lang='lat' dir='ltr'><strong>sunt</strong></span> <span class='ocrx_word' id='word_1_780' title='bbox 3377 3584 3572 3656; x_wconf 80' lang='lat' dir='ltr'><strong>judicia</strong></span> <span class='ocrx_word' id='word_1_781' title='bbox 3593 3601 3699 3641; x_wconf 87' lang='lat' dir='ltr'><strong>non</strong></span> <span class='ocrx_word' id='word_1_782' title='bbox 3728 3585 3859 3641; x_wconf 86' lang='lat' dir='ltr'><strong>satis</strong></span> <span class='ocrx_word' id='word_1_783' title='bbox 3879 3601 4011 3642; x_wconf 61' lang='lat' dir='ltr'><strong>cono</strong></span> 
     </span>
    </p>
   </div>
   <div class='ocr_carea' id='block_1_98' title="bbox 2419 3677 4015 3751">
    <p class='ocr_par' dir='ltr' id='par_1_98' title="bbox 2419 3677 4015 3751">
     <span class='ocr_line' id='line_1_98' title="bbox 2419 3677 4015 3751; baseline -0.004 -10"><span class='ocrx_word' id='word_1_784' title='bbox 2419 3684 2658 3741; x_wconf 78' lang='lat' dir='ltr'><strong>sitienti.</strong></span> <span class='ocrx_word' id='word_1_785' title='bbox 2683 3679 2849 3745; x_wconf 75' lang='lat' dir='ltr'><strong>Tanti</strong></span> <span class='ocrx_word' id='word_1_786' title='bbox 2863 3680 3006 3737; x_wconf 89' lang='lat' dir='ltr'><strong>enim</strong></span> <span class='ocrx_word' id='word_1_787' title='bbox 3028 3678 3210 3751; x_wconf 84' lang='lat' dir='ltr'><strong>populi</strong></span> <span class='ocrx_word' id='word_1_788' title='bbox 3228 3677 3566 3749; x_wconf 67' lang='lat' dir='ltr'><strong>praefectum,</strong></span> <span class='ocrx_word' id='word_1_789' title='bbox 3590 3686 3647 3734; x_wconf 87' lang='lat' dir='ltr'><strong>et</strong></span> <span class='ocrx_word' id='word_1_790' title='bbox 3670 3679 3761 3748; x_wconf 91' lang='lat' dir='ltr'><strong>qui</strong></span> <span class='ocrx_word' id='word_1_791' title='bbox 3780 3678 4015 3736; x_wconf 80' lang='lat' dir='ltr'><strong>ducebat</strong></span> 
     </span>
    </p>
   </div>
   <div class='ocr_carea' id='block_1_99' title="bbox 2420 3766 4012 3847">
    <p class='ocr_par' dir='ltr' id='par_1_99' title="bbox 2420 3766 4012 3847">
     <span class='ocr_line' id='line_1_99' title="bbox 2420 3766 4012 3847; baseline -0.006 -16"><span class='ocrx_word' id='word_1_792' title='bbox 2420 3781 2634 3847; x_wconf 88' lang='lat' dir='ltr'><strong>gentem</strong></span> <span class='ocrx_word' id='word_1_793' title='bbox 2658 3771 2796 3828; x_wconf 91' lang='lat' dir='ltr'><strong>adeo</strong></span> <span class='ocrx_word' id='word_1_794' title='bbox 2820 3783 3088 3843; x_wconf 87' lang='lat' dir='ltr'><strong>asperam,</strong></span> <span class='ocrx_word' id='word_1_795' title='bbox 3110 3767 3300 3824; x_wconf 88' lang='lat' dir='ltr'><strong>duram</strong></span> <span class='ocrx_word' id='word_1_796' title='bbox 3326 3776 3382 3824; x_wconf 92' lang='lat' dir='ltr'><strong>et</strong></span> <span class='ocrx_word' id='word_1_797' title='bbox 3405 3766 3818 3836; x_wconf 74' lang='lat' dir='ltr'><strong>inmutabilem,</strong></span> <span class='ocrx_word' id='word_1_798' title='bbox 3845 3782 4012 3839; x_wconf 85' lang='lat' dir='ltr'><strong>opor-</strong></span> 
     </span>
    </p>
   </div>
   <div class='ocr_carea' id='block_1_100' title="bbox 2423 3860 4014 3947">
    <p class='ocr_par' dir='ltr' id='par_1_100' title="bbox 2423 3860 4014 3947">
     <span class='ocr_line' id='line_1_100' title="bbox 2423 3860 4014 3947; baseline -0.005 -24"><span class='ocrx_word' id='word_1_799' title='bbox 2423 3866 2570 3923; x_wconf 86' lang='lat' dir='ltr'><strong>tebat</strong></span> <span class='ocrx_word' id='word_1_800' title='bbox 2603 3864 2783 3947; x_wconf 76' lang='lat' dir='ltr'><strong>statim</strong></span> <span class='ocrx_word' id='word_1_801' title='bbox 2810 3876 2843 3917; x_wconf 93' lang='lat' dir='ltr'><strong>a</strong></span> <span class='ocrx_word' id='word_1_802' title='bbox 2874 3861 3133 3932; x_wconf 89' lang='lat' dir='ltr'><strong>principio</strong></span> <span class='ocrx_word' id='word_1_803' title='bbox 3158 3860 3487 3929; x_wconf 87' lang='lat' dir='ltr'><strong>reprimere,</strong></span> <span class='ocrx_word' id='word_1_804' title='bbox 3528 3867 3585 3916; x_wconf 87' lang='lat' dir='ltr'><strong>et</strong></span> <span class='ocrx_word' id='word_1_805' title='bbox 3618 3860 3672 3915; x_wconf 89' lang='lat' dir='ltr'><strong>in</strong></span> <span class='ocrx_word' id='word_1_806' title='bbox 3698 3860 3815 3930; x_wconf 88' lang='lat' dir='ltr'><strong>ipso</strong></span> <span class='ocrx_word' id='word_1_807' title='bbox 3842 3862 4014 3916; x_wconf 84' lang='lat' dir='ltr'><strong>vesti-</strong></span> 
     </span>
    </p>
   </div>
   <div class='ocr_carea' id='block_1_101' title="bbox 2422 3949 4011 4021">
    <p class='ocr_par' dir='ltr' id='par_1_101' title="bbox 2422 3949 4011 4021">
     <span class='ocr_line' id='line_1_101' title="bbox 2422 3949 4011 4021; baseline -0.004 -8"><span class='ocrx_word' id='word_1_808' title='bbox 2422 3957 2550 4013; x_wconf 92' lang='lat' dir='ltr'><strong>bulo</strong></span> <span class='ocrx_word' id='word_1_809' title='bbox 2563 3953 2889 4020; x_wconf 87' lang='lat' dir='ltr'><strong>rescindere,</strong></span> <span class='ocrx_word' id='word_1_810' title='bbox 2907 3967 2977 4008; x_wconf 90' lang='lat' dir='ltr'><strong>ne</strong></span> <span class='ocrx_word' id='word_1_811' title='bbox 2996 3951 3194 4006; x_wconf 89' lang='lat' dir='ltr'><strong>malum</strong></span> <span class='ocrx_word' id='word_1_812' title='bbox 3211 3949 3421 4021; x_wconf 88' lang='lat' dir='ltr'><strong>longius</strong></span> <span class='ocrx_word' id='word_1_813' title='bbox 3437 3959 3698 4020; x_wconf 89' lang='lat' dir='ltr'><strong>serperet.</strong></span> <span class='ocrx_word' id='word_1_814' title='bbox 3720 3951 3792 4006; x_wconf 79' lang='lat' dir='ltr'><strong>At</strong></span> <span class='ocrx_word' id='word_1_815' title='bbox 3808 3951 4011 4015; x_wconf 85' lang='lat' dir='ltr'><strong>obruit,</strong></span> 
     </span>
    </p>
   </div>
   <div class='ocr_carea' id='block_1_102' title="bbox 2423 4036 4013 4123">
    <p class='ocr_par' dir='ltr' id='par_1_102' title="bbox 2423 4036 4013 4123">
     <span class='ocr_line' id='line_1_102' title="bbox 2423 4036 4013 4123; baseline -0.005 -19"><span class='ocrx_word' id='word_1_816' title='bbox 2423 4048 2613 4123; x_wconf 90' lang='lat' dir='ltr'><strong>inquit,</strong></span> <span class='ocrx_word' id='word_1_817' title='bbox 2642 4044 2849 4112; x_wconf 83' lang='lat' dir='ltr'><strong>Dathan</strong></span> <span class='ocrx_word' id='word_1_818' title='bbox 2869 4050 2925 4100; x_wconf 88' lang='lat' dir='ltr'><strong>et</strong></span> <span class='ocrx_word' id='word_1_819' title='bbox 2952 4041 3173 4097; x_wconf 77' lang='lat' dir='ltr'><strong>Abiron.</strong></span> <span class='ocrx_word' id='word_1_820' title='bbox 3195 4039 3334 4108; x_wconf 88' lang='lat' dir='ltr'><strong>Quid</strong></span> <span class='ocrx_word' id='word_1_821' title='bbox 3354 4036 3525 4096; x_wconf 86' lang='lat' dir='ltr'><strong>dicis?</strong></span> <span class='ocrx_word' id='word_1_822' title='bbox 3549 4039 3898 4110; x_wconf 82' lang='lat' dir='ltr'><strong>oportebatne</strong></span> <span class='ocrx_word' id='word_1_823' title='bbox 3916 4041 4013 4097; x_wconf 75' lang='lat' dir='ltr'><strong>de-</strong></span> 
     </span>
    </p>
   </div>
   <div class='ocr_carea' id='block_1_103' title="bbox 2424 4132 4012 4212">
    <p class='ocr_par' dir='ltr' id='par_1_103' title="bbox 2424 4132 4012 4212">
     <span class='ocr_line' id='line_1_103' title="bbox 2424 4132 4012 4212; baseline -0.004 -14"><span class='ocrx_word' id='word_1_824' title='bbox 2424 4141 2631 4212; x_wconf 90' lang='lat' dir='ltr'><strong>spicere</strong></span> <span class='ocrx_word' id='word_1_825' title='bbox 2649 4135 3028 4201; x_wconf 87' lang='lat' dir='ltr'><strong>sacerdotium,</strong></span> <span class='ocrx_word' id='word_1_826' title='bbox 3042 4133 3363 4201; x_wconf 85' lang='lat' dir='ltr'><strong>conculcari,</strong></span> <span class='ocrx_word' id='word_1_827' title='bbox 3388 4140 3445 4189; x_wconf 91' lang='lat' dir='ltr'><strong>et</strong></span> <span class='ocrx_word' id='word_1_828' title='bbox 3472 4132 3565 4189; x_wconf 90' lang='lat' dir='ltr'><strong>Dei</strong></span> <span class='ocrx_word' id='word_1_829' title='bbox 3591 4132 3735 4205; x_wconf 83' lang='lat' dir='ltr'><strong>leges</strong></span> <span class='ocrx_word' id='word_1_830' title='bbox 3756 4134 3941 4199; x_wconf 78' lang='lat' dir='ltr'><strong>everti,</strong></span> <span class='ocrx_word' id='word_1_831' title='bbox 3954 4144 4012 4191; x_wconf 88' lang='lat' dir='ltr'><strong>et</strong></span> 
     </span>
    </p>
   </div>
   <div class='ocr_carea' id='block_1_104' title="bbox 2425 4222 4013 4305">
    <p class='ocr_par' dir='ltr' id='par_1_104' title="bbox 2425 4222 4013 4305">
     <span class='ocr_line' id='line_1_104' title="bbox 2425 4222 4013 4305; baseline -0.008 -15"><span class='ocrx_word' id='word_1_832' title='bbox 2425 4235 2480 4290; x_wconf 92' lang='lat' dir='ltr'><strong>id</strong></span> <span class='ocrx_word' id='word_1_833' title='bbox 2503 4232 2647 4305; x_wconf 92' lang='lat' dir='ltr'><strong>quod</strong></span> <span class='ocrx_word' id='word_1_834' title='bbox 2670 4230 2848 4287; x_wconf 86' lang='lat' dir='ltr'><strong>omnia</strong></span> <span class='ocrx_word' id='word_1_835' title='bbox 2870 4227 3110 4283; x_wconf 89' lang='lat' dir='ltr'><strong>continet</strong></span> <span class='ocrx_word' id='word_1_836' title='bbox 3135 4222 3351 4281; x_wconf 83' lang='lat' dir='ltr'><strong>dissolvi</strong></span> <span class='ocrx_word' id='word_1_837' title='bbox 3381 4242 3397 4280; x_wconf 91' lang='lat'><strong>:</strong></span> <span class='ocrx_word' id='word_1_838' title='bbox 3425 4222 3545 4280; x_wconf 90' lang='lat' dir='ltr'><strong>dico</strong></span> <span class='ocrx_word' id='word_1_839' title='bbox 3570 4233 3746 4305; x_wconf 86' lang='lat' dir='ltr'><strong>autem</strong></span> <span class='ocrx_word' id='word_1_840' title='bbox 3782 4223 4013 4295; x_wconf 75' lang='lat' dir='ltr'><strong>dignita-</strong></span> 
     </span>
    </p>
   </div>
   <div class='ocr_carea' id='block_1_105' title="bbox 2427 4302 4009 4390">
    <p class='ocr_par' dir='ltr' id='par_1_105' title="bbox 2427 4302 4009 4390">
     <span class='ocr_line' id='line_1_105' title="bbox 2427 4302 4009 4390; baseline -0.007 -9"><span class='ocrx_word' id='word_1_841' title='bbox 2427 4302 2537 4382; x_wconf 81' lang='lat' dir='ltr'><strong>tem</strong></span> <span class='ocrx_word' id='word_1_842' title='bbox 2575 4319 2860 4379; x_wconf 87' lang='lat' dir='ltr'><strong>sacerdotii</strong></span> <span class='ocrx_word' id='word_1_843' title='bbox 2883 4334 2909 4390; x_wconf 29' lang='lat'><strong>;,</strong></span> <span class='ocrx_word' id='word_1_844' title='bbox 2930 4324 2986 4373; x_wconf 90' lang='lat' dir='ltr'><strong>et</strong></span> <span class='ocrx_word' id='word_1_845' title='bbox 3009 4314 3257 4373; x_wconf 88' lang='lat' dir='ltr'><strong>omnibus</strong></span> <span class='ocrx_word' id='word_1_846' title='bbox 3279 4314 3438 4387; x_wconf 78' lang='lat' dir='ltr'><strong>adyta</strong></span> <span class='ocrx_word' id='word_1_847' title='bbox 3469 4302 3805 4386; x_wconf 88' lang='lat' dir='ltr'><strong>patefacere,</strong></span> <span class='ocrx_word' id='word_1_848' title='bbox 3844 4321 3903 4369; x_wconf 94' lang='lat' dir='ltr'><strong>et</strong></span> <span class='ocrx_word' id='word_1_849' title='bbox 3941 4327 4009 4370; x_wconf 85' lang='lat' dir='ltr'><strong>ex</strong></span> 
     </span>
    </p>
   </div>
   <div class='ocr_carea' id='block_1_106' title="bbox 2427 4400 4013 4481">
    <p class='ocr_par' dir='ltr' id='par_1_106' title="bbox 2427 4400 4013 4481">
     <span class='ocr_line' id='line_1_106' title="bbox 2427 4400 4013 4481; baseline -0.01 -7"><span class='ocrx_word' id='word_1_850' title='bbox 2427 4410 2615 4474; x_wconf 86' lang='lat' dir='ltr'><strong>eorum</strong></span> <span class='ocrx_word' id='word_1_851' title='bbox 2640 4404 2947 4481; x_wconf 77' lang='lat' dir='ltr'><strong>contemptu</strong></span> <span class='ocrx_word' id='word_1_852' title='bbox 2971 4400 3280 4479; x_wconf 87' lang='lat' dir='ltr'><strong>permittere</strong></span> <span class='ocrx_word' id='word_1_853' title='bbox 3303 4413 3360 4460; x_wconf 87' lang='lat' dir='ltr'><strong>ut</strong></span> <span class='ocrx_word' id='word_1_854' title='bbox 3384 4404 3571 4461; x_wconf 86' lang='lat' dir='ltr'><strong>liceret</strong></span> <span class='ocrx_word' id='word_1_855' title='bbox 3597 4403 3896 4459; x_wconf 87' lang='lat' dir='ltr'><strong>volentibus</strong></span> <span class='ocrx_word' id='word_1_856' title='bbox 3919 4418 4013 4458; x_wconf 87' lang='lat' dir='ltr'><strong>sa-</strong></span> 
     </span>
    </p>
   </div>
   <div class='ocr_carea' id='block_1_107' title="bbox 2427 4494 4014 4571">
    <p class='ocr_par' dir='ltr' id='par_1_107' title="bbox 2427 4494 4014 4571">
     <span class='ocr_line' id='line_1_107' title="bbox 2427 4494 4014 4571; baseline -0.009 -5"><span class='ocrx_word' id='word_1_857' title='bbox 2427 4516 2706 4566; x_wconf 85' lang='lat' dir='ltr'><strong>crosancta</strong></span> <span class='ocrx_word' id='word_1_858' title='bbox 2732 4503 3050 4561; x_wconf 86' lang='lat' dir='ltr'><strong>conculcare</strong></span> <span class='ocrx_word' id='word_1_859' title='bbox 3073 4507 3219 4571; x_wconf 87' lang='lat' dir='ltr'><strong>septa</strong></span> <span class='ocrx_word' id='word_1_860' title='bbox 3243 4538 3262 4566; x_wconf 85' lang='lat'><strong>,</strong></span> <span class='ocrx_word' id='word_1_861' title='bbox 3304 4506 3359 4554; x_wconf 91' lang='lat' dir='ltr'><strong>et</strong></span> <span class='ocrx_word' id='word_1_862' title='bbox 3394 4497 3574 4553; x_wconf 91' lang='lat' dir='ltr'><strong>omnia</strong></span> <span class='ocrx_word' id='word_1_863' title='bbox 3617 4510 3815 4567; x_wconf 88' lang='lat' dir='ltr'><strong>susque</strong></span> <span class='ocrx_word' id='word_1_864' title='bbox 3841 4494 4014 4566; x_wconf 81' lang='lat' dir='ltr'><strong>deque</strong></span> 
     </span>
    </p>
   </div>
   <div class='ocr_carea' id='block_1_108' title="bbox 2429 4585 4012 4672">
    <p class='ocr_par' dir='ltr' id='par_1_108' title="bbox 2429 4585 4012 4672">
     <span class='ocr_line' id='line_1_108' title="bbox 2429 4585 4012 4672; baseline -0.011 -15"><span class='ocrx_word' id='word_1_865' title='bbox 2429 4614 2587 4672; x_wconf 83' lang='lat' dir='ltr'><strong>agere</strong></span> <span class='ocrx_word' id='word_1_866' title='bbox 2601 4608 2653 4655; x_wconf 91' lang='lat' dir='ltr'><strong>et</strong></span> <span class='ocrx_word' id='word_1_867' title='bbox 2668 4591 2933 4655; x_wconf 84' lang='lat' dir='ltr'><strong>miscere?</strong></span> <span class='ocrx_word' id='word_1_868' title='bbox 2954 4592 3113 4661; x_wconf 82' lang='lat' dir='ltr'><strong>Atqui</strong></span> <span class='ocrx_word' id='word_1_869' title='bbox 3128 4606 3190 4647; x_wconf 88' lang='lat' dir='ltr'><strong>ea</strong></span> <span class='ocrx_word' id='word_1_870' title='bbox 3209 4604 3316 4645; x_wconf 91' lang='lat' dir='ltr'><strong>non</strong></span> <span class='ocrx_word' id='word_1_871' title='bbox 3331 4585 3898 4671; x_wconf 85' lang='lat' dir='ltr'><strong>eratmansuetudinis,</strong></span> <span class='ocrx_word' id='word_1_872' title='bbox 3917 4586 4012 4641; x_wconf 84' lang='lat' dir='ltr'><strong>sed</strong></span> 
     </span>
    </p>
   </div>
   <div class='ocr_carea' id='block_1_109' title="bbox 2429 4668 4013 4750">
    <p class='ocr_par' dir='ltr' id='par_1_109' title="bbox 2429 4668 4013 4750">
     <span class='ocr_line' id='line_1_109' title="bbox 2429 4668 4013 4750; baseline -0.011 -1"><span class='ocrx_word' id='word_1_873' title='bbox 2429 4668 2829 4749; x_wconf 79' lang='lat' dir='ltr'><strong>inhumanitatis</strong></span> <span class='ocrx_word' id='word_1_874' title='bbox 2856 4696 2911 4741; x_wconf 90' lang='lat' dir='ltr'><strong>et</strong></span> <span class='ocrx_word' id='word_1_875' title='bbox 2938 4682 3266 4741; x_wconf 88' lang='lat' dir='ltr'><strong>crudelitatis</strong></span> <span class='ocrx_word' id='word_1_876' title='bbox 3285 4721 3302 4747; x_wconf 93' lang='lat'><strong>,</strong></span> <span class='ocrx_word' id='word_1_877' title='bbox 3333 4668 3609 4750; x_wconf 84' lang='lat' dir='ltr'><strong>despicere</strong></span> <span class='ocrx_word' id='word_1_878' title='bbox 3638 4686 3840 4734; x_wconf 87' lang='lat' dir='ltr'><strong>tantum</strong></span> <span class='ocrx_word' id='word_1_879' title='bbox 3870 4676 4013 4746; x_wconf 86' lang='lat' dir='ltr'><strong>quod</strong></span> 
     </span>
    </p>
   </div>
   <div class='ocr_carea' id='block_1_110' title="bbox 2430 4756 4016 4843">
    <p class='ocr_par' dir='ltr' id='par_1_110' title="bbox 2430 4756 4016 4843">
     <span class='ocr_line' id='line_1_110' title="bbox 2430 4756 4016 4843; baseline -0.013 -2"><span class='ocrx_word' id='word_1_880' title='bbox 2430 4781 2705 4843; x_wconf 74' lang='lat' dir='ltr'><strong>crescebat</strong></span> <span class='ocrx_word' id='word_1_881' title='bbox 2732 4778 2933 4835; x_wconf 88' lang='lat' dir='ltr'><strong>malum</strong></span> <span class='ocrx_word' id='word_1_882' title='bbox 2958 4795 2973 4830; x_wconf 89' lang='lat'><strong>:</strong></span> <span class='ocrx_word' id='word_1_883' title='bbox 3003 4768 3063 4832; x_wconf 83' lang='lat' dir='ltr'><strong>et</strong></span> <span class='ocrx_word' id='word_1_884' title='bbox 3082 4773 3210 4829; x_wconf 88' lang='lat' dir='ltr'><strong>dum</strong></span> <span class='ocrx_word' id='word_1_885' title='bbox 3229 4771 3473 4827; x_wconf 90' lang='lat' dir='ltr'><strong>ducentis</strong></span> <span class='ocrx_word' id='word_1_886' title='bbox 3496 4780 3762 4841; x_wconf 83' lang='lat' dir='ltr'><strong>parceret,</strong></span> <span class='ocrx_word' id='word_1_887' title='bbox 3792 4756 4016 4837; x_wconf 81' lang='lat' dir='ltr'><strong>perdere</strong></span> 
     </span>
    </p>
   </div>
   <div class='ocr_carea' id='block_1_111' title="bbox 2432 4860 4013 4935">
    <p class='ocr_par' dir='ltr' id='par_1_111' title="bbox 2432 4860 4013 4935">
     <span class='ocr_line' id='line_1_111' title="bbox 2432 4860 4013 4935; baseline -0.016 -4"><span class='ocrx_word' id='word_1_888' title='bbox 2432 4884 2510 4931; x_wconf 90' lang='lat' dir='ltr'><strong>tot</strong></span> <span class='ocrx_word' id='word_1_889' title='bbox 2530 4874 2713 4929; x_wconf 89' lang='lat' dir='ltr'><strong>millia.</strong></span> <span class='ocrx_word' id='word_1_890' title='bbox 2745 4869 2844 4927; x_wconf 87' lang='lat' dir='ltr'><strong>Dic</strong></span> <span class='ocrx_word' id='word_1_891' title='bbox 2865 4868 3008 4923; x_wconf 88' lang='lat' dir='ltr'><strong>enim</strong></span> <span class='ocrx_word' id='word_1_892' title='bbox 3037 4863 3166 4920; x_wconf 89' lang='lat' dir='ltr'><strong>mihi</strong></span> <span class='ocrx_word' id='word_1_893' title='bbox 3185 4904 3202 4931; x_wconf 93' lang='lat'><strong>,</strong></span> <span class='ocrx_word' id='word_1_894' title='bbox 3230 4876 3414 4935; x_wconf 61' lang='lat' dir='ltr'><strong>quasso</strong></span> <span class='ocrx_word' id='word_1_895' title='bbox 3435 4903 3453 4930; x_wconf 96' lang='lat'><strong>,</strong></span> <span class='ocrx_word' id='word_1_896' title='bbox 3499 4860 3714 4933; x_wconf 87' lang='lat' dir='ltr'><strong>quando</strong></span> <span class='ocrx_word' id='word_1_897' title='bbox 3736 4860 3894 4932; x_wconf 84' lang='lat' dir='ltr'><strong>jussit</strong></span> <span class='ocrx_word' id='word_1_898' title='bbox 3918 4874 4013 4930; x_wconf 60' lang='grc' dir='ltr'><strong>ες-</strong></span> 
     </span>
    </p>
   </div>
   <div class='ocr_carea' id='block_1_112' title="bbox 2432 4950 4010 5034">
    <p class='ocr_par' dir='ltr' id='par_1_112' title="bbox 2432 4950 4010 5034">
     <span class='ocr_line' id='line_1_112' title="bbox 2432 4950 4010 5034; baseline -0.01 -13"><span class='ocrx_word' id='word_1_899' title='bbox 2432 4979 2563 5034; x_wconf 78' lang='lat' dir='ltr'><strong>nere</strong></span> <span class='ocrx_word' id='word_1_900' title='bbox 2586 4956 2914 5034; x_wconf 86' lang='lat' dir='ltr'><strong>propinquos</strong></span> <span class='ocrx_word' id='word_1_901' title='bbox 2935 4955 3180 5014; x_wconf 89' lang='lat' dir='ltr'><strong>occidere</strong></span> <span class='ocrx_word' id='word_1_902' title='bbox 3194 4995 3212 5023; x_wconf 93' lang='lat'><strong>,</strong></span> <span class='ocrx_word' id='word_1_903' title='bbox 3233 4952 3362 5025; x_wconf 88' lang='lat' dir='ltr'><strong>quid</strong></span> <span class='ocrx_word' id='word_1_904' title='bbox 3376 4967 3499 5009; x_wconf 86' lang='lat' dir='ltr'><strong>eum</strong></span> <span class='ocrx_word' id='word_1_905' title='bbox 3540 4950 3717 5007; x_wconf 87' lang='lat' dir='ltr'><strong>facere</strong></span> <span class='ocrx_word' id='word_1_906' title='bbox 3750 4950 3981 5022; x_wconf 82' lang='lat' dir='ltr'><strong>oportuit</strong></span> <span class='ocrx_word' id='word_1_907' title='bbox 3995 4991 4010 5016; x_wconf 88' lang='lat'><strong>,</strong></span> 
     </span>
    </p>
   </div>
   <div class='ocr_carea' id='block_1_113' title="bbox 2433 5030 4013 5113">
    <p class='ocr_par' dir='ltr' id='par_1_113' title="bbox 2433 5030 4013 5113">
     <span class='ocr_line' id='line_1_113' title="bbox 2433 5030 4013 5113; baseline -0.009 -2"><span class='ocrx_word' id='word_1_908' title='bbox 2433 5030 2557 5110; x_wconf 69' lang='lat' dir='ltr'><strong>cuin</strong></span> <span class='ocrx_word' id='word_1_909' title='bbox 2586 5030 2729 5109; x_wconf 68' lang='lat' dir='ltr'><strong>licus</strong></span> <span class='ocrx_word' id='word_1_910' title='bbox 2764 5030 3116 5113; x_wconf 84' lang='lat' dir='ltr'><strong>irasceretur,</strong></span> <span class='ocrx_word' id='word_1_911' title='bbox 3143 5053 3413 5113; x_wconf 88' lang='lat' dir='ltr'><strong>cresceret</strong></span> <span class='ocrx_word' id='word_1_912' title='bbox 3435 5042 3706 5113; x_wconf 87' lang='lat' dir='ltr'><strong>impietas,</strong></span> <span class='ocrx_word' id='word_1_913' title='bbox 3733 5055 3855 5097; x_wconf 88' lang='lat' dir='ltr'><strong>cum</strong></span> <span class='ocrx_word' id='word_1_914' title='bbox 3882 5040 4013 5097; x_wconf 88' lang='lat' dir='ltr'><strong>nihil</strong></span> 
     </span>
    </p>
   </div>
   <div class='ocr_carea' id='block_1_114' title="bbox 2434 5132 4015 5220">
    <p class='ocr_par' dir='ltr' id='par_1_114' title="bbox 2434 5132 4015 5220">
     <span class='ocr_line' id='line_1_114' title="bbox 2434 5132 4015 5220; baseline -0.008 -19"><span class='ocrx_word' id='word_1_915' title='bbox 2434 5154 2599 5215; x_wconf 86' lang='lat' dir='ltr'><strong>esset,</strong></span> <span class='ocrx_word' id='word_1_916' title='bbox 2629 5142 2770 5216; x_wconf 88' lang='lat' dir='ltr'><strong>quod</strong></span> <span class='ocrx_word' id='word_1_917' title='bbox 2798 5154 2893 5220; x_wconf 85' lang='lat' dir='ltr'><strong>eos</strong></span> <span class='ocrx_word' id='word_1_918' title='bbox 2921 5146 3100 5210; x_wconf 88' lang='lat' dir='ltr'><strong>posset</strong></span> <span class='ocrx_word' id='word_1_919' title='bbox 3135 5136 3203 5193; x_wconf 89' lang='lat' dir='ltr'><strong>ab</strong></span> <span class='ocrx_word' id='word_1_920' title='bbox 3226 5136 3304 5192; x_wconf 90' lang='lat' dir='ltr'><strong>ira</strong></span> <span class='ocrx_word' id='word_1_921' title='bbox 3342 5132 3594 5205; x_wconf 90' lang='lat' dir='ltr'><strong>eripere?</strong></span> <span class='ocrx_word' id='word_1_922' title='bbox 3634 5133 4015 5203; x_wconf 71' lang='lat' dir='ltr'><strong>permitteretis</strong></span> 
     </span>
    </p>
   </div>
   <div class='ocr_carea' id='block_1_115' title="bbox 2435 5224 4013 5307">
    <p class='ocr_par' dir='ltr' id='par_1_115' title="bbox 2435 5224 4013 5307">
     <span class='ocr_line' id='line_1_115' title="bbox 2435 5224 4013 5307; baseline -0.01 -13"><span class='ocrx_word' id='word_1_923' title='bbox 2435 5236 2618 5294; x_wconf 90' lang='lat' dir='ltr'><strong>debuit</strong></span> <span class='ocrx_word' id='word_1_924' title='bbox 2639 5243 2698 5292; x_wconf 90' lang='lat' dir='ltr'><strong>ut</strong></span> <span class='ocrx_word' id='word_1_925' title='bbox 2724 5233 2877 5307; x_wconf 86' lang='lat' dir='ltr'><strong>plaga</strong></span> <span class='ocrx_word' id='word_1_926' title='bbox 2902 5229 3132 5288; x_wconf 60' lang='lat' dir='ltr'><strong>celestis</strong></span> <span class='ocrx_word' id='word_1_927' title='bbox 3159 5229 3215 5285; x_wconf 90' lang='lat' dir='ltr'><strong>in</strong></span> <span class='ocrx_word' id='word_1_928' title='bbox 3243 5240 3431 5284; x_wconf 88' lang='lat' dir='ltr'><strong>omnes</strong></span> <span class='ocrx_word' id='word_1_929' title='bbox 3454 5226 3621 5283; x_wconf 86' lang='lat' dir='ltr'><strong>tribus</strong></span> <span class='ocrx_word' id='word_1_930' title='bbox 3646 5224 4013 5293; x_wconf 87' lang='lat' dir='ltr'><strong>descenderet,</strong></span> 
     </span>
    </p>
   </div>
   <div class='ocr_carea' id='block_1_116' title="bbox 2436 5313 4012 5395">
    <p class='ocr_par' dir='ltr' id='par_1_116' title="bbox 2436 5313 4012 5395">
     <span class='ocr_line' id='line_1_116' title="bbox 2436 5313 4012 5395; baseline -0.011 -9"><span class='ocrx_word' id='word_1_931' title='bbox 2436 5339 2492 5385; x_wconf 91' lang='lat' dir='ltr'><strong>et</strong></span> <span class='ocrx_word' id='word_1_932' title='bbox 2517 5327 2766 5383; x_wconf 87' lang='lat' dir='ltr'><strong>universo</strong></span> <span class='ocrx_word' id='word_1_933' title='bbox 2793 5321 2975 5395; x_wconf 86' lang='lat' dir='ltr'><strong>generi</strong></span> <span class='ocrx_word' id='word_1_934' title='bbox 2999 5319 3269 5377; x_wconf 87' lang='lat' dir='ltr'><strong>interitum</strong></span> <span class='ocrx_word' id='word_1_935' title='bbox 3295 5316 3510 5373; x_wconf 72' lang='lat' dir='ltr'><strong>aﬂerret</strong></span> <span class='ocrx_word' id='word_1_936' title='bbox 3531 5356 3549 5384; x_wconf 90' lang='lat'><strong>,</strong></span> <span class='ocrx_word' id='word_1_937' title='bbox 3588 5326 3643 5371; x_wconf 88' lang='lat' dir='ltr'><strong>et</strong></span> <span class='ocrx_word' id='word_1_938' title='bbox 3665 5331 3785 5371; x_wconf 88' lang='lat' dir='ltr'><strong>cum</strong></span> <span class='ocrx_word' id='word_1_939' title='bbox 3813 5313 4012 5387; x_wconf 83' lang='lat' dir='ltr'><strong>suppli-</strong></span> 
     </span>
    </p>
   </div>
   <div class='ocr_carea' id='block_1_117' title="bbox 2437 5408 4015 5490">
    <p class='ocr_par' dir='ltr' id='par_1_117' title="bbox 2437 5408 4015 5490">
     <span class='ocr_line' id='line_1_117' title="bbox 2437 5408 4015 5490; baseline -0.008 -13"><span class='ocrx_word' id='word_1_940' title='bbox 2437 5422 2523 5478; x_wconf 91' lang='lat' dir='ltr'><strong>cio</strong></span> <span class='ocrx_word' id='word_1_941' title='bbox 2564 5418 2833 5490; x_wconf 81' lang='lat' dir='ltr'><strong>negligere</strong></span> <span class='ocrx_word' id='word_1_942' title='bbox 2871 5422 3143 5486; x_wconf 84' lang='lat' dir='ltr'><strong>peccatum</strong></span> <span class='ocrx_word' id='word_1_943' title='bbox 3181 5408 3613 5466; x_wconf 86' lang='lat' dir='ltr'><strong>immedicabile?</strong></span> <span class='ocrx_word' id='word_1_944' title='bbox 3656 5423 3725 5463; x_wconf 89' lang='lat' dir='ltr'><strong>an</strong></span> <span class='ocrx_word' id='word_1_945' title='bbox 3767 5422 3923 5479; x_wconf 82' lang='lat' dir='ltr'><strong>ptena</strong></span> <span class='ocrx_word' id='word_1_946' title='bbox 3965 5420 4015 5464; x_wconf 86' lang='lat' dir='ltr'><strong>et</strong></span> 
     </span>
    </p>
   </div>
   <div class='ocr_carea' id='block_1_118' title="bbox 2503 5540 4016 5648">
    <p class='ocr_par' dir='ltr' id='par_1_118' title="bbox 2503 5540 4016 5648">
     <span class='ocr_line' id='line_1_118' title="bbox 2503 5540 4016 5648; baseline 0 0"><span class='ocrx_word' id='word_1_947' title='bbox 2503 5540 3863 5648; x_wconf 57' lang='lat' dir='ltr'><strong>tantmeeammmmm</strong></span> <span class='ocrx_word' id='word_1_948' title='bbox 3879 5550 4016 5648; x_wconf 63' lang='grc' dir='ltr'><strong>3³..ῗὲ</strong></span> 
     </span>
    </p>
   </div>
   <div class='ocr_carea' id='block_1_119' title="bbox 2440 5600 4015 5667">
    <p class='ocr_par' dir='ltr' id='par_1_119' title="bbox 2440 5600 4015 5667">
     <span class='ocr_line' id='line_1_119' title="bbox 2440 5600 4015 5667; baseline -0.01 -3"><span class='ocrx_word' id='word_1_949' title='bbox 2440 5600 2787 5665; x_wconf 25' lang='grc' dir='ltr'><strong>ιιεηᾶιίιέαἱό</strong></span> <span class='ocrx_word' id='word_1_950' title='bbox 2812 5621 2825 5657; x_wconf 94' lang='lat'><strong>:</strong></span> <span class='ocrx_word' id='word_1_951' title='bbox 2853 5600 3096 5667; x_wconf 68' lang='lat' dir='ltr'><strong>erunique</strong></span> <span class='ocrx_word' id='word_1_952' title='bbox 3120 5606 3343 5667; x_wconf 72' lang='lat' dir='ltr'><strong>fortasse</strong></span> <span class='ocrx_word' id='word_1_953' title='bbox 3363 5600 3462 5667; x_wconf 75' lang='lat' dir='ltr'><strong>&#39;qui</strong></span> <span class='ocrx_word' id='word_1_954' title='bbox 3483 5600 3839 5667; x_wconf 69' lang='lat' dir='ltr'><strong>praeferendam</strong></span> <span class='ocrx_word' id='word_1_955' title='bbox 3881 5600 4015 5667; x_wconf 74' lang='lat' dir='ltr'><strong>alteri</strong></span> 
     </span>
    </p>
   </div>
   <div class='ocr_carea' id='block_1_120' title="bbox 2442 5659 4018 5740">
    <p class='ocr_par' dir='ltr' id='par_1_120' title="bbox 2442 5659 4018 5740">
     <span class='ocr_line' id='line_1_120' title="bbox 2442 5659 4018 5740; baseline 0 0"><span class='ocrx_word' id='word_1_956' title='bbox 2442 5659 2961 5740; x_wconf 50' lang='grc' dir='ltr'><strong>ῑιᾷᾇῐῖιιιίίβιθάωω</strong></span> <span class='ocrx_word' id='word_1_957' title='bbox 2983 5659 3127 5740; x_wconf 45' lang='lat' dir='ltr'><strong>alia?</strong></span> <span class='ocrx_word' id='word_1_958' title='bbox 3157 5659 4018 5740; x_wconf 46' lang='lat' dir='ltr'><strong>F‘fi‘i&#39;lﬁifﬁtlls‘fj‘flllej‘???</strong></span> 
     </span>
    </p>
   </div>
   <div class='ocr_carea' id='block_1_121' title="bbox 2443 5724 4014 5794">
    <p class='ocr_par' dir='ltr' id='par_1_121' title="bbox 2443 5724 4014 5794">
     <span class='ocr_line' id='line_1_121' title="bbox 2443 5724 4014 5794; baseline -0.01 -7"><span class='ocrx_word' id='word_1_959' title='bbox 2443 5724 2767 5791; x_wconf 60' lang='lat' dir='ltr'><strong>ididbuerint,</strong></span> <span class='ocrx_word' id='word_1_960' title='bbox 2805 5738 2955 5794; x_wconf 85' lang='lat' dir='ltr'><strong>atque</strong></span> <span class='ocrx_word' id='word_1_961' title='bbox 2985 5731 3135 5794; x_wconf 14' lang='lat' dir='ltr'><strong>ita‘ab</strong></span> <span class='ocrx_word' id='word_1_962' title='bbox 3157 5724 3432 5794; x_wconf 76' lang='lat' dir='ltr'><strong>Interprete</strong></span> <span class='ocrx_word' id='word_1_963' title='bbox 3466 5724 3645 5794; x_wconf 76' lang='lat' dir='ltr'><strong>lectum</strong></span> <span class='ocrx_word' id='word_1_964' title='bbox 3666 5724 3745 5773; x_wconf 82' lang='lat' dir='ltr'><strong>sit.</strong></span> <span class='ocrx_word' id='word_1_965' title='bbox 3775 5734 3883 5794; x_wconf 79' lang='lat' dir='ltr'><strong>eam</strong></span> <span class='ocrx_word' id='word_1_966' title='bbox 3906 5726 4014 5771; x_wconf 75' lang='lat' dir='ltr'><strong>reti-</strong></span> 
     </span>
    </p>
   </div>
   <div class='ocr_carea' id='block_1_122' title="bbox 2446 5786 3871 5858">
    <p class='ocr_par' dir='ltr' id='par_1_122' title="bbox 2446 5786 3871 5858">
     <span class='ocr_line' id='line_1_122' title="bbox 2446 5786 3871 5858; baseline -0.012 -9"><span class='ocrx_word' id='word_1_967' title='bbox 2446 5786 2570 5852; x_wconf 79' lang='lat' dir='ltr'><strong>nere</strong></span> <span class='ocrx_word' id='word_1_968' title='bbox 2594 5786 2841 5849; x_wconf 44' lang='lat' dir='ltr'><strong>visum&#39;est</strong></span> <span class='ocrx_word' id='word_1_969' title='bbox 2867 5786 3009 5843; x_wconf 57' lang='lat' dir='ltr'><strong>{cum</strong></span> <span class='ocrx_word' id='word_1_970' title='bbox 3029 5791 3208 5858; x_wconf 85' lang='lat' dir='ltr'><strong>alioqui</strong></span> <span class='ocrx_word' id='word_1_971' title='bbox 3230 5800 3317 5842; x_wconf 85' lang='lat' dir='ltr'><strong>res</strong></span> <span class='ocrx_word' id='word_1_972' title='bbox 3330 5790 3394 5838; x_wconf 86' lang='lat' dir='ltr'><strong>sit</strong></span> <span class='ocrx_word' id='word_1_973' title='bbox 3417 5786 3599 5836; x_wconf 87' lang='lat' dir='ltr'><strong>mininn</strong></span> <span class='ocrx_word' id='word_1_974' title='bbox 3621 5786 3871 5835; x_wconf 66' lang='lat' dir='ltr'><strong>ammenti.</strong></span> 
     </span>
    </p>
   </div>
  </div>
