4154 6434
270 404 359 462 381
1190 448 1195 451 Α
1403 387 1760 447 εχιδοδιτιο
1796 387 1863 445 ΙΝ

1977 385 2224 453 ΛΜΗ]ρί
2262 386 2501 444 CXXXI.

264 516 409 571 crde
433 524 730 586 paucorum
759 518 1044 574 corporum
1071 510 1127 559 et
1156 509 1432 573 peceatum
1459 504 1530 559 de
1557 500 1736 558 medio
1758 500 1859 557 tol-

265 606 371 661 iere
396 647 414 669 ,
442 614 497 658 et
526 604 663 658 iram
692 607 937 655 avertere
956 635 975 662 ,
1027 593 1300 663 Deumque
1320 591 1545 648 reddere
1569 592 1858 663 propitium

264 696 345 759 iis,
375 693 630 771 qui‘talia
669 689 997 745 admiserant
1016 686 1043 740 Ἰ
1064 684 1122 742 Si
1145 685 1217 739 ita
1242 684 1630 738 examinaveris
1670 697 1790 753 qum
1827 696 1859 735 a

259 789 406 859 justo
434 788 574 841 taeta
601 793 747 850 sunt,
776 797 842 837 ex
867 794 933 837 eo
954 779 1184 835 maxime
1202 775 1406 833 videbis
1429 791 1552 831 eum
1574 776 1736 831 tuisse
1761 775 1863 830 mi-

327 968 386 1024 2.
416 967 529 1023 Sed
567 965 683 1021 haec
710 980 779 1020 ex
802 964 867 1019 iis
891 977 1008 1032 qua:
1028 960 1166 1016 dicta
1195 966 1322 1015 sunt
1346 959 1583 1014 sinentes
1609 956 1861 1013 studiosis

261 1075 575 1124 recensere,
600 1075 667 1113 tte
692 1076 754 1113 ea
776 1099 791 1122 ,
822 1070 943 1125 quin
961 1055 1136 1109 obiter
1159 1052 1457 1107 aiferuntur
1473 1092 1490 1119 ,
1523 1050 1630 1105 sint
1658 1049 1859 1117 majora

262 1155 328 1211 iis
351 1169 480 1225 qua
504 1152 707 1208 suntin
740 1148 1017 1211 manibus,
1054 1144 1120 1199 ad
1148 1143 1199 1199 id
1224 1142 1364 1214 quod
1390 1149 1475 1198 est
1496 1142 1648 1196 nobis
1669 1154 1864 1211 propo-

263 1246 426 1299 situm
453 1283 470 1307 ,
524 1250 883 1297 revertamur.
926 1236 1062 1303 Quid
1094 1245 1211 1290 erat
1256 1240 1433 1288 autem
1480 1231 1858 1304 propositum:

262 1335 526 1391 Memento
547 1373 565 1398 ,
616 1330 830 1399 Domine
848 1370 864 1394 ,
919 1326 1085 1380 David
1101 1365 1117 1389 ,
1166 1333 1216 1379 et
1261 1323 1425 1377 cumis
1463 1319 1863 1375 mansuetudinis

260 1432 372 1495 eius
392 1444 415 1481 :
435 1426 497 1481 2.
524 1426 655 1479 sicut
684 1421 880 1495 juraoit
910 1418 1133 1473 Domino
1152 1457 1166 1481 ,
1199 1425 1367 1485 totum
1392 1414 1521 1468 uouit
1547 1411 1657 1465 Deo
1676 1409 1859 1464 Iacob.

260 1522 397 1576 Cum
423 1517 793 1590 proposuisset
807 1513 989 1567 dicere
1009 1511 1078 1566 de
1098 1506 1527 1572 mansuetudine,
1551 1505 1615 1560 iis
1644 1512 1868 1575 praeter-

262 1613 446 1669 missis
479 1625 602 1680 qua:
627 1606 772 1671 Sauli
799 1604 1029 1670 fecerat,
1058 1617 1177 1673 qua:
1202 1600 1455 1679 fratribus
1478 1639 1493 1664 ,
1538 1613 1659 1668 qua:
1695 1594 1864 1650 Jona-

163 1750 180 1766 κ
264 1706 389 1766 tlte,
423 1703 628 1756 omissa
670 1699 799 1753 item
832 1695 1084 1766 patientia
1110 1706 1214 1763 qua
1237 1705 1365 1745 usus
1387 1696 1503 1744 erat
1522 1687 1577 1743 iu
1610 1685 1862 1751 militem,

261 1797 349 1867 qui
380 1807 508 1848 eum
535 1788 854 1860 aspergebat
874 1784 1025 1840 mille
1050 1782 1258 1853 probris
1277 1795 1340 1835 ac
1359 1776 1679 1867 maledictis,
1707 1783 1762 1830 et
1784 1775 1866 1829 his

264 1866 423 1955 longe
457 1882 735 1953 pluribus,
785 1877 853 1932 ad
896 1873 1040 1929 aliud
1076 1882 1236 1942 caput
1261 1870 1477 1925 deducit
1521 1866 1862 1933 orationem,

263 1978 407 2048 quod
451 1974 745 2030 maximum
809 1971 860 2024 in
887 1983 947 2023 se
1001 1966 1175 2021 zelum
1223 1973 1279 2020 et
1314 1961 1562 2018 ardorem
1605 1960 1864 2015 continet.

261 2072 445 2138 Quare
469 2079 601 2135 ergo
623 2066 724 2118 hoc
745 2061 868 2117 facit
891 2059 916 2113 ?
943 2058 1156 2114 Duabus
1175 2056 1246 2112 de
1262 2055 1439 2110 causis
1464 2074 1477 2110 :
1500 2067 1603 2108 una
1628 2051 1864 2122 quidem,

261 2159 524 2230 quoniam
562 2156 704 2211 Deus
745 2168 812 2209 eo
854 2151 1086 2207 maxime
1133 2148 1434 2203 delectatur
1467 2163 1479 2200 :
1510 2144 1682 2212 Super
1720 2157 1869 2214 quem

262 2251 420 2316 citius,
455 2248 662 2318 inquit,
690 2244 984 2315 respiciam,
1011 2241 1110 2295 nisi
1138 2255 1289 2309 super
1315 2246 1631 2291 mansuetum
1653 2244 1701 2290 et
1724 2250 1869 2305 quie-

264 2352 395 2406 tum,
420 2348 473 2395 et
496 2345 789 2392 trementem
809 2333 958 2388 rerba
988 2348 1099 2386 nica
1127 2329 1295 2402 (lsai.
1325 2329 1409 2385 66.
1444 2326 1556 2400 2)?
1583 2327 1688 2381 alia
1719 2338 1867 2392 vero,

262 2431 520 2504 quoniam
548 2428 653 2484 hoc
692 2427 835 2498 quod
877 2425 1112 2481 maxime
1139 2422 1402 2493 urgebat,
1451 2435 1645 2491 nempe
1687 2417 1869 2488 templi

263 2522 639 2588 constructio,
689 2529 748 2576 et
774 2517 1005 2573 civitatis
1028 2515 1345 2580 aediﬁcatio,
1391 2524 1445 2569 et
1470 2512 1674 2583 antiqui
1700 2519 1872 2565 status

266 2613 585 2685 reipublicm
610 2609 877 2665 restitutio
896 2648 913 2675 ,
954 2605 1023 2662 ad
1051 2605 1153 2661 hoc
1178 2605 1411 2659 maxime
1455 2602 1637 2673 dirigit
1673 2601 1871 2656 oratio-

265 2721 416 2770 nem,
448 2712 506 2759 et
538 2701 667 2757 illud
693 2700 907 2771 quidem
939 2696 1317 2769 praetermittit,
1349 2704 1406 2749 ut
1434 2692 1575 2764 quod
1604 2694 1670 2747 sit
1704 2691 1875 2746 mani-

267 2800 467 2854 festum
510 2805 571 2852 et
604 2794 660 2849 in
696 2790 947 2847 confesso
975 2807 991 2845 :
1018 2788 1229 2860 cognita
1272 2788 1418 2842 enim
1463 2793 1578 2840 erat
1618 2786 1867 2839 omnibus

265 2894 387 2963 ejus
408 2886 800 2953 mansuetudo;
826 2885 879 2941 id
902 2894 1081 2940 autem
1104 2897 1212 2955 quo
1232 2881 1466 2937 maxime
1484 2894 1619 2951 Opus
1641 2877 1863 2932 habebat

267 2985 335 3040 ad
375 2996 539 3038 suum
585 2979 887 3035 institutum
915 3017 932 3043 ,
984 2974 1120 3032 idin
1169 2973 1406 3029 medium
1456 2967 1689 3026 adducit.
1733 2967 1874 3035 Quid

266 3079 413 3134 enim
461 3074 646 3130 videre
690 3069 1015 3141 cupiebant!
1045 3066 1327 3138 Templum
1362 3065 1650 3121 excitatum
1675 3104 1693 3130 ,
1721 3068 1874 3117 vete-

270 3182 469 3239 resque
514 3166 651 3221 ritus
681 3170 737 3218 et
768 3161 1102 3218 eeremonias
1126 3158 1420 3214 restitutas.
1452 3154 1716 3223 Quoniam
1747 3166 1875 3222 ergo

273 3262 442 3318 David
484 3267 604 3314 erat
640 3271 703 3312 ea
748 3271 809 3311 re
853 3252 1086 3309 maxime
1136 3249 1379 3324 insignis,
1428 3248 1572 3304 illius
1618 3244 1778 3302 studii
1821 3252 1879 3300 et

268 3351 438 3409 animi
468 3348 624 3420 quasi
650 3344 1136 3402 remunerationem
1169 3342 1303 3411 petit
1326 3354 1356 3393 a
1387 3339 1495 3393 Deo
1522 3335 1705 3406 templi
1747 3334 1875 3390 a-di-

272 3444 607 3506 Restionem,
630 3450 685 3496 et
707 3438 840 3494 dicit
866 3457 881 3493 :
910 3434 1183 3503 Memento,
1214 3431 1454 3497 Domine,
1479 3428 1669 3496 Dauid,
1697 3438 1746 3483 et
1766 3444 1875 3481 out-

270 3541 350 3595 nis
388 3534 799 3593 mansuetudinis
837 3533 947 3599 eius
972 3545 992 3584 :
1028 3530 1157 3585 sicut
1186 3526 1379 3600 iurauit
1418 3523 1676 3588 Domino,
1704 3532 1878 3577 volunt

272 3632 403 3688 sooit
429 3627 543 3683 Deo
561 3624 745 3680 Iacob.
772 3624 829 3680 5.
852 3621 913 3678 Si
939 3620 1179 3676 iutroiero
1202 3619 1256 3673 in
1287 3615 1666 3671 tabernaculum
1695 3612 1877 3666 domus

273 3736 419 3789 meo,
442 3721 489 3775 si
508 3717 785 3773 ascendero
804 3715 857 3769 in
876 3714 1061 3769 lectum
1079 3710 1227 3765 strati
1249 3709 1368 3775 mei,
1390 3709 1440 3762 4.
1462 3708 1507 3762 si
1534 3706 1719 3760 dedero
1740 3720 1876 3758 som-

272 3830 396 3869 num
419 3811 585 3867 oculis
611 3808 756 3871 meis,
787 3817 834 3861 et
856 3804 1109 3877 palpebris
1138 3802 1260 3858 meis
1285 3799 1714 3863 dormitationem,
1747 3796 1802 3851 5.
1825 3804 1874 3849 et

273 3905 496 3975 requiem
510 3899 820 3970 temporibus
838 3897 980 3977 meis,
1002 3895 1160 3949 donec
1178 3892 1428 3947 inueniam
1449 3891 1615 3945 locum
1633 3887 1873 3952 Domino,

273 3995 663 4053 tabernaculum
677 3990 789 4045 Deo
814 3987 994 4043 Iacob.
1022 3987 1082 4042 Et
1106 3984 1231 4057 quid
1255 3985 1356 4039 hoc
1376 3982 1441 4037 ad
1466 3993 1520 4038 te
1544 3982 1569 4037 ?
1589 3980 1873 4049 Quoniam,

277 4087 471 4159 inquit,
504 4085 576 4140 ab
602 4100 669 4140 eo
696 4096 865 4154 genus
890 4081 1037 4142 duxi.
1064 4089 1118 4133 et
1144 4079 1396 4149 quoniam
1424 4092 1543 4131 cum
1569 4074 1660 4132 tibi
1688 4074 1878 4129 fuisset

274 4190 557 4249 acceptum
585 4177 702 4245 ejus
728 4174 959 4228 studium
986 4179 1043 4226 et
1068 4169 1339 4240 diligentia
1365 4209 1381 4235 ,
1428 4167 1611 4222 dixisti
1657 4177 1711 4223 te
1759 4166 1877 4236 ejus

275 4286 448 4345 genus
483 4278 541 4324 et
584 4282 807 4337 regnum
852 4274 1200 4319 erecturum:
1241 4270 1523 4348 propterea
1562 4260 1678 4315 hmc
1722 4271 1874 4331 pacta

276 4372 545 4422 conventa
574 4374 720 4417 nunc
743 4374 774 4414 a
799 4368 852 4413 te
876 4357 1159 4429 exigimus.
1181 4355 1299 4410 Non
1322 4355 1458 4409 dixit
1475 4364 1677 4421 autem,
1697 4354 1878 4409 Donec

275 4456 625 4515 adidcavero
644 4452 781 4524 (hoc
796 4450 939 4506 enim
960 4465 1067 4505 non
1090 4448 1264 4505 fuerat
1279 4448 1327 4503 ei
1349 4447 1669 4519 permissum
1686 4446 1730 4518 ),
1758 4447 1876 4514 sed,

278 4549 457 4604 Donec
478 4547 718 4599 invenero
748 4541 911 4596 locum
942 4539 1157 4594 Domino
1184 4549 1231 4594 et
1252 4539 1653 4593 tabernaculum.
1679 4538 1878 4593 Deinde

279 4655 405 4697 eum
432 4634 653 4709 quidem
679 4632 770 4704 qui
796 4640 881 4688 est
903 4630 1262 4686 aediﬁcaturus
1292 4631 1529 4698 przeterit
1560 4672 1573 4683 .
1600 4644 1724 4685 eum
1751 4646 1879 4686 vero

281 4732 374 4805 qui
397 4736 485 4785 est
513 4724 784 4797 pollicitus
802 4764 819 4791 ,
851 4723 903 4777 in
930 4721 1164 4777 medium
1188 4721 1427 4787 adducit,
1460 4730 1517 4775 ut
1541 4721 1680 4776 scias
1710 4738 1878 4792 quan-

280 4836 394 4879 tum
422 4822 625 4876 bonum
646 4816 717 4871 sit
737 4823 915 4871 rectus
940 4812 1173 4879 animus,
1201 4822 1257 4867 et
1281 4813 1552 4883 quomodo
1578 4815 1717 4867 Deus
1737 4830 1880 4869 sem-

281 4931 380 4987 per
407 4908 753 4969 consueverit
778 4915 925 4962 recto
950 4905 1112 4960 animi
1142 4906 1382 4961 instituto
1409 4914 1465 4960 et
1504 4906 1658 4961 bonae
1689 4908 1879 4961 volun-

281 5008 377 5065 tati
406 5001 713 5061 mercedem
735 4992 1061 5055 constituere
1091 5016 1105 5052 :
1134 5008 1190 5054 et
1238 4998 1360 5055 ideo
1395 5000 1513 5069 ejus
1547 5001 1722 5071 politis
1761 5017 1879 5056 me-

281 5098 468 5166 minit,
499 5095 753 5166 quoniam
781 5093 894 5163 ipse
934 5099 1019 5147 est
1048 5091 1223 5162 potius
1247 5092 1336 5162 qui
1369 5092 1687 5159 aediﬁcavit,
1719 5110 1879 5164 quam

283 5191 453 5246 ﬁlius.
482 5186 583 5243 llic
606 5185 750 5240 enim
792 5184 1060 5253 pollicitus
1087 5193 1168 5239 est
1198 5202 1213 5238 :
1244 5183 1335 5239 ille
1380 5199 1511 5239 vero
1549 5185 1733 5255 jussus
1777 5197 1878 5242 est.

287 5282 425 5339 Vide
462 5290 642 5335 autem
681 5276 968 5332 maximam
1005 5275 1123 5347 ejus
1159 5277 1320 5331 animi
1368 5277 1721 5333 alacritatem.
1766 5279 1881 5335 Non

284 5374 469 5431 solum
494 5370 626 5426 dicit
651 5384 712 5425 se
740 5384 844 5422 non
886 5369 1247 5437 ingressurum
1273 5368 1495 5424 domum
1512 5411 1530 5436 ,
1562 5386 1662 5425 nec
1687 5371 1881 5427 lectum

282 5476 643 5520 ascensurum
664 5499 681 5521 .
712 5458 806 5515 sed
839 5473 915 5532 ne
939 5474 1003 5515 ea
1029 5459 1243 5530 quidem
1284 5476 1406 5530 quae
1446 5471 1602 5517 erant
1626 5464 1885 5519 naturalis

286 5554 632 5615 necessitatis
656 5553 824 5608 libere
848 5552 1251 5624 desutnpturum
1273 5594 1289 5614 ,
1321 5552 1495 5609 donec
1525 5553 1786 5610 invenerit
1806 5557 1881 5611 lo-

284 5664 414 5708 αιω
444 5655 502 5702 et
531 5644 930 5700 tabernaculum
965 5642 1072 5698 Deo
1105 5641 1293 5698 Jacob.
1341 5644 1578 5712 Quorum
1618 5646 1885 5702 contraria

285 5742 369 5797 eis
399 5754 431 5794 a
459 5736 575 5793 Deo
602 5733 1009 5803 objiciebautur,
1034 5732 1246 5789 dicente
1275 5752 1288 5787 :
1334 5733 1431 5789 Vos
1459 5736 1660 5805 quidem
1686 5736 1885 5791 habita-

286 5835 353 5887 tis
401 5830 455 5884 in
497 5824 729 5881 domibus
770 5822 1012 5893 laqueatis
1042 5840 1059 5879 :
1088 5825 1266 5881 domus
1310 5837 1476 5882 autem
1523 5844 1631 5883 mea
1679 5840 1752 5885 est
1795 5831 1885 5889 ds-

3459 384 3564 443 33!

1966 510 2101 554 serta
2128 499 2228 572 (a).
2262 498 2435 554 Donec
2462 501 2698 556 invenero
2724 500 2892 556 locum
2912 498 3131 555 Domino
3184 500 3567 558 tabernaculum

1967 589 2079 646 Deo
2117 590 2279 646 Iacob
2327 593 2495 664 (Agg.
2544 593 2597 648 Ι.
2642 592 2734 663 ι).
2787 592 2919 648 Vide
2966 592 3056 649 hic
3102 607 3291 649 rursus
3328 595 3565 649 studium

1964 692 2020 739 et
2044 685 2208 739 animi
2257 685 2694 741 sollicitudinem.
2736 683 2850 741 Rex
2891 685 3059 750 dicit,
3112 682 3291 741 Donec
3332 686 3569 742 inuenero

1952 776 2135 830 locum
2182 774 2405 831 Domino
2428 818 2442 840 ,
2486 777 2869 831 tabernaculum
2903 775 3014 831 Deo
3036 775 3200 833 Iacob
3252 776 3353 848 (b)
3382 795 3399 833 :
3430 792 3524 833 rex
3546 818 3563 843 ,

1968 866 2182 937 inquam
2207 908 2221 932 ,
2252 867 2342 937 qni
2372 868 2425 922 in
2452 881 2643 922 omnes
2660 867 2994 922 dominatum
3019 867 3316 924 obtinebat.
3341 868 3570 924 Nolebat

1966 958 2115 1015 enim
2140 960 2315 1014 solum
2336 968 2641 1026 exstruere,
2664 960 2758 1015 sed
2784 960 2947 1015 etiam
2975 963 3026 1014 in
3060 961 3191 1027 loco,
3207 961 3489 1030 aptissimo
3514 971 3572 1017 et

1964 1053 2056 1123 qui
2079 1051 2278 1121 templo
2306 1050 2459 1106 valde
2484 1062 2827 1122 congrueret,
2863 1061 2921 1107 et
2949 1067 3087 1123 opus
3112 1053 3162 1108 ei
3194 1064 3312 1109 erat
3341 1053 3571 1123 inquisi-

1966 1145 2115 1199 tione
2147 1160 2163 1198 :
2196 1150 2340 1197 tanta
2369 1152 2485 1199 erat
2506 1144 2675 1199 animi
2712 1144 3004 1215 vigilantia.
3035 1145 3089 1202 ϐ.
3124 1144 3261 1202 Ecce
3282 1147 3573 1204 audiuimus

1966 1252 2079 1290 eam
2101 1234 2158 1288 in
2180 1221 2433 1305 Ephrata,
2462 1236 2745 1290 inuenimus
2768 1252 2880 1290 eam
2914 1236 2968 1290 in
2996 1238 3195 1308 campis
3228 1237 3405 1309 sylva.
3430 1236 3571 1293 Nar-

1967 1335 2050 1380 rat
2095 1342 2243 1382 nunc
2268 1335 2471 1392 vetera,
2503 1325 2798 1381 ostendens
2836 1341 3017 1382 arcam
3043 1337 3205 1383 antea
3241 1330 3403 1399 longo
3429 1336 3570 1383 tem-

1970 1432 2101 1486 pore
2126 1431 2336 1472 errasse
2361 1457 2376 1482 ,
2419 1418 2593 1471 locum
2630 1416 2752 1472 loco
2774 1426 3107 1485 mutantem,
3149 1428 3203 1472 et
3240 1419 3364 1473 ideo
3392 1420 3524 1476 dicit
3553 1435 3569 1474 :

1969 1507 2105 1564 Ecce
2126 1510 2415 1565 audivimus
2455 1524 2567 1562 eam
2594 1509 2650 1563 in
2692 1508 2970 1580 Ephrem;
3007 1514 3107 1566 hoc
3131 1524 3249 1579 est,
3282 1512 3358 1567 Ea
3387 1528 3575 1568 narra-

1975 1606 2169 1654 verunt
2194 1598 2347 1655 nobis
2372 1608 2553 1670 patres
2579 1600 2771 1665 nostri,
2805 1598 2922 1655 lucc
2947 1601 3166 1658 auribus
3196 1604 3395 1657 nostris
3414 1617 3573 1660 acce-

1971 1691 2339 1762 pimus,un
2374 1707 2495 1747 cum
2532 1698 2660 1746 tunc
2692 1705 2909 1762 quoque
2951 1692 3147 1763 ubique
3190 1693 3467 1749 oberraret
3516 1695 3570 1751 in

1969 1782 2112 1852 agris
2131 1791 2187 1837 et
2212 1783 2438 1852 campis,
2466 1791 2650 1853 postea
2676 1784 2935 1839 collocata
2959 1784 3029 1839 sit
3056 1801 3069 1836 :
3103 1784 3203 1839 hoc
3230 1786 3403 1856 ipsum
3428 1800 3575 1844 nunc

1970 1888 2184 1943 quoque
2219 1873 2333 1928 nat.
2376 1874 2613 1944 prrata
2637 1874 2724 1930 hic
2751 1875 2882 1932 dicit
2911 1876 3108 1931 tribum
3133 1874 3289 1942 Juda,
3323 1877 3390 1931 ad
3413 1892 3573 1947 quam

1972 1976 2096 2035 post
2122 1966 2339 2036 longam
2367 1966 2739 2023 circuitionem
2762 1966 2991 2023 deducta
3020 1976 3124 2024 est.
3160 1968 3214 2023 7.
3240 1967 3576 2024 lntroibintus

1970 2059 2024 2111 in
2049 2056 2378 2112 tabernacula
2419 2059 2552 2129 ejus,
2584 2057 2914 2113 adorabimus
2959 2059 3015 2113 in
3057 2060 3191 2123 loco,
3218 2058 3305 2113 ubi
3329 2067 3577 2115 steterunt

1972 2150 2125 2218 pedes
2152 2151 2282 2221 ejus.
2310 2150 2499 2206 Vidisti
2546 2157 2709 2221 quam
2752 2165 2939 2207 crasso
2986 2150 3201 2208 dicendi
3255 2152 3417 2208 modo
3449 2168 3578 2210 usus

1972 2250 2056 2296 est
2087 2252 2307 2311 propter
2352 2252 2625 2312 stuporem
2674 2258 2861 2298 eorum
2905 2243 2995 2314 qui
3033 2243 3355 2313 audiebant,
3391 2244 3547 2301 dicen

1976 2333 2069 2388 Dei
2098 2334 2459 2401 tabernacula,
2487 2343 2541 2390 et
2579 2334 2763 2403 pedes,
2786 2343 2841 2390 et
2879 2335 3056 2390 locum
3082 2392 3095 2405 ,
3116 2335 3209 2391 ubi
3242 2336 3458 2392 stabant
3485 2353 3571 2408 pe

1973 2423 2072 2480 des
2090 2425 2227 2495 ejus.
2251 2425 2347 2481 His
2371 2438 2548 2481 autem
2566 2426 2816 2482 omnibus
2839 2427 3040 2484 iudicat
3059 2429 3236 2485 locum
3260 2444 3424 2498 arcae,
3445 2446 3576 2502 quo-

1975 2515 2117 2570 niam
2147 2530 2212 2570 ex
2242 2530 2308 2570 eo
2337 2516 2457 2571 loco
2484 2516 2780 2572 edebantur
2799 2532 2962 2574 voces
3001 2518 3295 2576 herribiles
3320 2520 3390 2576 de
3415 2522 3581 2578 rebus

1975 2620 2096 2676 qua:
2127 2605 2193 2660 ad
2223 2605 2440 2662 Judzeos
2469 2608 2849 2678 pertinebant,
2878 2624 3001 2680 quas
3030 2619 3184 2666 erant
3208 2611 3435 2668 obscura
3470 2613 3583 2669 sol-

1976 2708 2184 2761 ventes,
2209 2707 2266 2753 et
2291 2698 2464 2753 futura
2496 2700 2871 2769 pmdieentes.
2898 2702 2953 2757 8.
2986 2701 3190 2774 Surge,
3224 2702 3443 2759 Domine
3465 2744 3481 2769 ,
3530 2705 3585 2760 in

1976 2792 2198 2862 requiem
2256 2795 2432 2857 tuam',
2470 2803 2525 2848 tu
2572 2804 2618 2846 et
2651 2809 2775 2848 arca
2815 2796 3235 2865 sanctiﬁcationis
3260 2805 3379 2852 tua.
3434 2797 3588 2854 Alius

1976 2883 2145 2951 dicit,
2179 2882 2521 2939 Fortitudinis
2550 2893 2671 2943 tute.
2705 2884 2881 2951 Alius,
2916 2885 3131 2956 Imperii
3169 2888 3283 2943 tui:
3315 2889 3391 2959 (ε)
3439 2899 3588 2944 utra-

1976 2991 2081 3047 que
2109 2988 2290 3032 autem
2319 2992 2467 3032 vera.
2514 2976 2669 3032 Illinc
2694 2978 2842 3033 enim
2869 2973 3186 3036 tradebatur
3212 2983 3471 3039 sanctitas
3489 3024 3503 3048 ,
3532 2992 3590 3039 et

1973 3083 2097 3139 quae
2145 3078 2299 3123 erant
2346 3068 2395 3123 ei
2445 3069 2710 3139 imposita:
2740 3069 2950 3138 litera,
2982 3079 3143 3127 erant
3178 3080 3235 3129 et
3278 3072 3583 3130 sanctitatis

1976 3156 2279 3215 eﬂ'ectrices
2308 3169 2362 3213 et
2402 3159 2636 3215 roboris.

2048 3252 2099 3307 5.
2145 3251 2374 3307 Pulchre
2404 3266 2534 3322 ergo
2558 3254 2637 3308 sic
2659 3252 2822 3320 dixit;
2850 3269 3098 3327 magnam
3124 3255 3270 3312 enim
3299 3255 3442 3313 Deus
3474 3273 3574 3329 per

1977 3358 2096 3399 eam
2123 3345 2413 3413 potentiam
2436 3344 2669 3400 ostendit
2693 3348 2885 3413 semel,
2911 3354 2966 3401 ct
2991 3348 3097 3416 bis,
3119 3357 3174 3403 et
3192 3363 3588 3421 smpenumero,

1978 3445 2036 3490 ut
2061 3436 2272 3506 quando
2288 3444 2441 3506 capta
2472 3436 2540 3492 ab
2562 3437 2788 3505 Azotiis,
2819 3439 3035 3509 quando
3058 3441 3347 3497 simulacra
3371 3442 3589 3515 dejecit,

1978 3528 2193 3599 quando
2216 3544 2312 3585 eos
2341 3530 2432 3601 qui
2462 3530 2746 3601 tetigerant
2788 3532 3088 3603 percussit,
3117 3534 3335 3605 quando
3361 3552 3423 3591 ea
3458 3537 3588 3593 red-

1978 3620 2085 3675 dita
2127 3628 2186 3675 ut
2216 3620 2366 3691 plaga
2414 3631 2652 3678 cessaret
2678 3623 2855 3678 cﬂ‘ecit
2879 3664 2897 3689 ,
2925 3634 2981 3679 et
3009 3639 3108 3695 per
3131 3626 3232 3681 alia
3264 3667 3280 3693 ,
3310 3642 3431 3698 qua
3457 3628 3592 3686 'illic

1981 3712 2126 3779 fecit,
2151 3727 2300 3767 suam
2323 3713 2561 3768 ostendit
2582 3716 2898 3783 potentiam.
2920 3715 3057 3784 Quid
3079 3725 3163 3773 est
3190 3728 3396 3786 autem,
3420 3720 3591 3792 Surge

1979 3806 2032 3861 in
2058 3806 2280 3877 requiem
2326 3815 2461 3859 tuam
2482 3807 2510 3861 .’
2538 3806 2680 3874 Fac,
2711 3807 2903 3878 inquit,
2932 3818 2991 3864 ut
3021 3824 3120 3864 nos
3144 3809 3590 3867 desisto-inser-

1981 3912 2120 3962 rare,
2136 3908 2187 3951 et
2208 3912 2330 3951 arca
2353 3897 2708 3967 circumferri,
2732 3910 2788 3954 et
2807 3915 2870 3956 ea
2896 3901 3109 3956 tandem
3129 3903 3417 3974 aliquando
3434 3905 3591 3973 quie-

1979 3997 2114 4044 scat.
2146 3988 2204 4043 9.
2232 3988 2532 4044 Sacerdotes
2574 3991 2649 4043 tui
2676 3991 2953 4046 inducatur
2987 3993 3208 4065 iustitia.
3240 3994 3410 4058 Alius,
3445 3996 3590 4048 Amt-

1980 4083 2197 4149 ciantur,
2217 4083 2374 4147 alius,
2390 4081 2701 4149 Induantur,
2728 4084 2869 4155 quod
2887 4085 3103 4155 quidem
3120 4096 3202 4142 est
3222 4088 3487 4158 apertius:
3510 4099 3596 4145 est

1980 4175 2123 4237 enim
2154 4186 2443 4243 precantis,
2468 4189 2572 4229 non
2597 4174 2954 4245 praedicentis,
2975 4186 3028 4232 et
3050 4179 3281 4247 petentis
3296 4180 3597 4250 possessio-

1981 4284 2103 4322 nem
2124 4268 2357 4323 virtutis.
2374 4268 2639 4323 Justitiam
2657 4277 2837 4324 autem
2862 4268 2949 4325 hic
2971 4271 3101 4325 dicit
3130 4272 3261 4329 ritus
3278 4287 3484 4339 sacros,
3502 4286 3595 4327 sa-

1981 4360 2303 4423 cerdotium,
2322 4360 2548 4425 cultum,
2568 4361 2914 4428 sacriﬁcium,
2938 4362 3259 4430 oblationes,
3287 4373 3482 4420 etcum
3510 4364 3595 4421 bis

1985 4451 2275 4521 perfectam
2295 4452 2417 4505 vitze
2446 4451 2858 4518 institutionem,
2881 4452 3135 4522 quoniam
3153 4470 3217 4508 ea
3247 4464 3332 4511 est
3360 4456 3598 4512 maxime

1982 4543 2299 4613 requirenda
2322 4558 2351 4596 a
2373 4543 2759 4599 sacerdotibus.
2785 4542 2851 4597 Et
2864 4547 3027 4599 sancti
3047 4546 3119 4600 tui
3137 4530 3460 4602 exsultabant
3474 4549 3597 4606 :ubi

1984 4636 2098 4691 tunc
2114 4634 2462 4691 scilicetfacta
2479 4635 2693 4692 fuerint.
2706 4635 2834 4692 Vide
2846 4650 2970 4692 eum
2986 4653 3092 4693 non
3104 4652 3347 4708 qua-rere
3359 4648 3605 4697 constru-

1983 4729 2214 4784 ctionem
2238 4728 2491 4795 civitatis,
2518 4744 2622 4782 uou
2655 4744 2833 4783 rerum
2866 4729 3133 4784 venalium
3156 4730 3538 4787 abundantiam
3570 4770 3589 4798 ,

1986 4835 2094 4874 non
2115 4819 2339 4874 aliarum
2354 4834 2534 4873 rerum
2554 4818 2987 4890 prosperit-item,
3010 4820 3104 4876 sed
3125 4822 3309 4892 templi
3320 4822 3595 4889 decorem,
3692 4815 3695 4818 ’

1985 4919 2039 4963 et
2066 4924 2205 4964 arca:
2242 4912 2481 4985 requiem
2502 4950 2518 4975 ,
2547 4910 2886 4966 sacerdotum
2921 4895 3131 4980 plenam
3156 4912 3548 4981 perfectionem
3581 4948 3598 4981 -,

1987 5002 2122 5056 ritus
2147 5015 2331 5055 sacros
2359 5041 2375 5063 ,
2408 5000 2610 5055 cultum
2633 5043 2649 5065 ,
2678 5001 3060 5057 sacerdotium.
3097 5003 3300 5060 Deinde
3326 5010 3447 5075 quia
3479 5005 3595 5063 lucc

1988 5095 2274 5165 petierunt,
2310 5093 2517 5171 ipsique
2544 5093 2756 5148 fuerunt
2783 5093 2964 5149 multis
2991 5095 3224 5165 peccatis
3247 5097 3496 5164 obnoxii,
3530 5100 3598 5155 ad

1991 5192 2262 5257 parentem
2281 5198 2466 5239 rursus
2482 5184 2739 5255 confugit,
2759 5184 2945 5241 dicens
2959 5186 3067 5242 :iO.
3086 5185 3304 5257 Propter
3320 5187 3486 5243 David
3494 5208 3601 5246 ser-

1990 5297 2101 5333 ωιτη
2121 5288 2260 5331 tuum
2275 5293 2376 5331 non
2394 5285 2590 5330 avertas
2605 5279 2785 5346 faciem
2804 5276 2980 5331 cbristi
3002 5279 3091 5331 tui.
3105 5274 3247 5341 Quid
3262 5288 3371 5346 est,
3386 5279 3603 5352 Propter

1995 5370 2159 5424 Dat-id
2171 5385 2368 5423 servum
2390 5378 2531 5423 tuum
2551 5369 2577 5422 l
2596 5367 2709 5422 Non
2732 5377 2968 5440 propter,
2999 5370 3201 5439 inquit,
3227 5371 3368 5427 illius
3398 5382 3604 5429 tantum

1993 5462 2263 5529 virtutem,
2293 5475 2391 5515 nec
2431 5460 2573 5531 quod
2605 5468 2810 5515 tantum
2837 5460 3073 5516 studium
3104 5463 3284 5533 posuit
3316 5463 3385 5520 ad
3416 5462 3519 5520 hoc
3549 5475 3603 5520 ut

2020 5660 2028 5668 .
2056 5596 2131 5659 (η)
2156 5603 2275 5668 tunc
2294 5596 2493 5646 omnino
2540 5596 2706 5646 verbis
2747 5594 2982 5648 ὤσει-ωτι
3003 5610 3030 5645 a
3056 5601 3200 5646 textu
3222 5594 3395 5661 Aggtei
3418 5598 3471 5647 in
3497 5598 3600 5648 Edi-

1995 5666 2134 5839 υοᾶτῖ
2403 5718 2585 5769 desunt
2606 5718 2712 5769 haec
2736 5718 2906 5778 verba,
2919 5716 3284 5770 tabernaculum
3315 5727 3412 5770 Deo
3432 5721 3594 5770 Jacob-
3650 5760 3657 5767 .

2064 5783 2113 5832 tc
2157 5788 2333 5832 Harum
2354 5789 2405 5831 et
2423 5780 2736 5839 sequentium
2752 5781 3211 5839 iuterpretatioaum
3230 5787 3608 5839 anctoresiguo-

2001 5855 2026 5893 τ
2064 5783 2333 5894 (ﬁnitarum
2354 5789 2405 5831 et
2423 5783 2736 5845 sequentium
2752 5783 3211 5845 iuterpretatioaum
3230 5787 3608 5847 anctoresiguo-

2029 5856 2089 5894 an
2176 5878 2188 5893 .
