4154 6472
274 410 413 467 38ἷὶ

272 538 428 579 eum
452 533 594 589 esset
626 521 888 595 pontifex,
910 521 1204 592 angebatur
1229 520 1332 575 hoc
1356 530 1648 590 unguento.
1670 528 1724 574 et
1742 518 1901 589 undi-

267 604 403 686 que
431 614 729 670 distillabat
755 631 771 670 :
799 621 920 669 erat
954 622 1131 668 autem
1177 610 1333 667 valde
1376 619 1585 682 gratus,
1610 600 1896 680 jucundus,

266 711 335 758 et
360 703 620 760 amabilis
634 705 708 760 iis
733 703 825 774 qui
855 718 982 761 cum
1006 702 1274 769 videbam,
1291 710 1507 773 propter
1530 700 1669 757 hanc
1692 700 1900 755 unctio-

274 807 446 850 nem.
488 793 952 870 Quemadmodum
996 808 1126 865 ergo
1151 794 1261 862 ille,
1304 792 1515 865 inquit,
1563 803 1756 847 unctus
1794 790 1898 846 ltoc

270 894 608 956 utsguento,
652 896 738 941 est
781 885 1100 942 bocltabitu
1140 885 1390 950 decorus,
1434 884 1581 939 vultu
1627 884 1812 949 laetus,
1840 892 1895 939 et

268 975 461 1030 multa
487 977 727 1047 repletus
754 975 1062 1048 fragrantia,
1100 977 1431 1048 gratiamque
1458 974 1659 1045 praebet
1702 974 1891 1028 viden-

266 1067 441 1123 tibus
469 1069 639 1122 oculis
659 1087 673 1123 :
693 1070 765 1124 ita
782 1070 943 1124 etiam
976 1068 1079 1123 hoc
1106 1068 1387 1138 pulchrum
1416 1076 1500 1122 est
1522 1084 1537 1130 ;
1561 1076 1616 1123 et
1636 1066 1891 1138 quemad.

264 1157 517 1213 modum
555 1158 681 1214 illud
721 1158 1084 1229 spectaculum
1125 1174 1230 1214 non
1275 1158 1450 1213 solum
1491 1167 1576 1213 est
1620 1158 1732 1212 visu
1770 1158 1883 1230 pul~

259 1247 519 1316 clarum,
570 1250 665 1305 sed
712 1249 872 1306 etiam
920 1249 1151 1305 delectat
1197 1248 1384 1307 oculos
1412 1268 1425 1303 :
1455 1249 1526 1303 ita
1574 1248 1736 1304 etiam
1786 1249 1887 1303 hoc

259 1338 448 1394 ,σω
483 1339 812 1409 voluptatem
844 1342 1064 1396 animae.
1090 1340 1143 1395 4.
1179 1338 1326 1395 Sicut
1365 1356 1450 1395 ros
1493 1336 1753 1403 Harmon,
1798 1341 1885 1410 qui

255 1427 853 1486 descenditinntontent
900 1429 1051 1486 Sion.
1094 1429 1333 1485 Adduxit
1372 1433 1531 1485 etiam
1575 1430 1882 1485 similitudi-

255 1535 435 1588 nem,
460 1538 582 1593 qua:
627 1524 845 1577 multam
892 1522 1052 1578 habet
1086 1519 1494 1593 iucunditatem,
1518 1531 1569 1576 et
1592 1522 1878 1591 spectaturi

255 1612 493 1682 praebet
518 1612 952 1669 delectationem.
977 1606 1101 1668 Haec
1124 1623 1302 1668 autem
1327 1627 1435 1667 non
1460 1612 1556 1666 abs
1573 1626 1632 1666 re
1656 1612 1833 1681 posuit
1861 1629 1875 1664 :

253 1705 373 1763 sed
402 1708 653 1777 quoniam
690 1718 815 1762 ante
852 1706 1212 1777 captivitatem
1259 1704 1445 1760 decem
1474 1704 1580 1760 illa:
1627 1704 1796 1761 tribus
1824 1714 1879 1759 et

251 1796 403 1853 dua:
431 1798 551 1855 alite
588 1807 743 1855 eratut
783 1798 1063 1869 dispersae,
1084 1812 1147 1853 ac
1174 1796 1383 1861 divisae,
1414 1806 1469 1853 et
1491 1811 1553 1853 ea
1577 1810 1737 1851 causa
1774 1793 1875 1852 fuit

252 1890 463 1945 multa
501 1891 811 1961 iniquitatis,
833 1900 1035 1960 eosque
1059 1889 1129 1945 ad
1158 1889 1473 1965 seditiones,-
1500 1888 1874 1971 contentiones

247 1999 319 2042 et
345 1985 492 2043 bella
536 1984 739 2055 impulit
770 2001 785 2038 :
816 1984 933 2040 hac
969 1999 1036 2039 ne
1065 1982 1255 2039 tierent
1297 1978 1508 2051 suadet,
1538 1989 1617 2045 et,
1642 1982 1873 2039 consulit

249 2093 337 2133 sse
367 2076 599 2148 populus
623 2075 852 2147 amplius
897 2072 1261 2138 distrahatur;
1291 2072 1386 2128 sed
1432 2073 1594 2128 simul
1642 2070 1867 2139 habitet,

246 2171 328 2225 sit
385 2166 729 2238 conjunctae,
776 2167 973 2237 unique
1006 2164 1423 2222 administratori
1442 2175 1498 2221 et
1523 2165 1636 2236 regi
1665 2172 1866 2234 pareat,

245 2264 569 2338 atriusque
588 2262 657 2317 ab
694 2262 845 2317 initio
868 2262 933 2315 ad
964 2256 1121 2317 linem
1148 2275 1314 2331 usque
1339 2259 1568 2328 difﬂuat,
1595 2268 1866 2329 tamquam

245 2368 356 2408 ros
383 2368 575 2409 omnes
594 2353 912 2423 pervadens.
933 2351 1225 2422 comparat
1250 2360 1429 2408 autem
1455 2353 1733 2407 caritatem
1766 2367 1866 2406 un-

244 2451 468 2521 guento
490 2454 546 2500 et
568 2444 675 2499 rori
706 2461 721 2499 :
753 2460 850 2514 per
871 2442 997 2499 illud
1039 2441 1256 2513 quidem
1303 2443 1619 2502 suavitatem
1659 2442 1860 2507 odoris,

248 2548 363 2604 per
393 2533 541 2589 hunc
568 2547 695 2589 vero
731 2533 961 2604 quietem
991 2542 1045 2588 et
1070 2532 1478 2588 delectationem
1506 2534 1652 2588 visus
1677 2533 1863 2599 volens

243 2625 568 2683 ostendere.
619 2625 871 2694 Quoniam
914 2625 1038 2681 illac
1062 2626 1323 2681 mandauit
1360 2624 1616 2684 Dominus
1652 2626 1860 2683 benedi-

245 2720 499 2774 rtiaacm.
541 2716 698 2783 Illuc,
746 2718 1013 2790 quonam?
1040 2716 1098 2774 ln
1140 2719 1303 2787 talem
1347 2719 1753 2788 habitationem,
1804 2723 1857 2777 in

247 2808 425 2865 talem
466 2808 828 2875 concordiam,
855 2809 908 2864 in
940 2811 1097 2865 talem
1127 2824 1475 2878 consensum,
1503 2812 1557 2867 in
1588 2813 1692 2867 tale
1727 2826 1860 2869 con-

246 2900 590 2957 tubernium.
623 2900 737 2957 Hoc
778 2901 923 2957 enim
964 2909 1046 2955 est
1092 2899 1416 2965 benedictio,
1456 2903 1595 2958 sicut
1641 2914 1858 2959 contra-

247 2994 407 3048 riam
455 2992 777 3047 maledictio.
822 2990 1084 3059 Quocirca
1120 2990 1229 3047 boc
1255 3007 1469 3064 quoque
1502 2993 1682 3064 laudat
1710 2997 1857 3063 quis-

246 3084 404 3156 piam
427 3126 444 3154 ,
472 3084 657 3143 dicens
688 3100 705 3140 :
728 3084 964 3140 Amicitia
1008 3086 1227 3155 fratrum
1248 3126 1264 3150 ,
1293 3094 1341 3142 et
1366 3087 1638 3141 concordia
1682 3089 1854 3155 proxi-

246 3191 477 3241 mos-asa,
502 3186 549 3230 et
571 3176 648 3230 uir
669 3184 716 3230 et
739 3175 920 3230 mulier
952 3191 1124 3230 secent
1145 3176 1506 3231 consentientes
1535 3175 1721 3249 (Eccli.
1757 3177 1850 3235 25.

244 3266 333 3336 Ω).
367 3265 434 3321 Et
458 3266 593 3320 alius
628 3265 771 3320 vires
807 3265 926 3336 ejus
956 3266 1295 3336 amigmatice
1319 3264 1647 3339 signiﬁcans,
1678 3267 1847 3325 dicit:

244 3356 315 3415 Si
334 3357 441 3412 duo
473 3355 785 3420 dormierint,
821 3359 964 3412 calor
1003 3358 1098 3412 erit
1128 3358 1274 3426 ipsis,
1303 3372 1351 3414 et
1370 3360 1629 3428 funiculus
1666 3362 1853 3432 triplex

244 3466 356 3503 non
386 3448 537 3519 facile
576 3460 835 3519 ratnpetar
868 3447 1063 3520 (Eccle.
1091 3448 1147 3504 ι.
1178 3447 1267 3504 ll.
1301 3447 1413 3521 12).
1446 3450 1576 3505 Nam
1606 3461 1662 3507 et
1696 3454 1846 3507 volu-

245 3549 455 3609 ptatem
503 3537 591 3592 ltic
632 3539 885 3602 ceterum,
918 3548 969 3593 et
1009 3539 1190 3594 vires:
1221 3555 1413 3611 nempe
1451 3543 1848 3613 quiescentibus

241 3644 499 3700 tuagnam
531 3626 645 3684 fore
664 3630 1012 3698 voluptatem,
1044 3639 1099 3684 et
1126 3645 1346 3699 magnas
1388 3632 1530 3688 vires
1576 3634 1848 3703 oreranti-

242 3722 371 3775 bus.
392 3721 451 3775 EI
486 3736 690 3784 rursus,
743 3719 979 3775 Fratera
1004 3710 1165 3793 fratre
1205 3722 1435 3790 adiutus,
1478 3732 1549 3778 est
1588 3734 1846 3796 tamquam

239 3811 369 3866 urbs
396 3811 567 3865 calida
596 3810 777 3882 (Prov.
804 3813 889 3867 i8.
922 3813 1207 3883 i9).Porro
1232 3813 1477 3870 Christus
1511 3830 1723 3885 quoque
1764 3817 1846 3872 di-

239 3905 341 3972 cit,
368 3904 470 3960 Ubi
495 3905 602 3959 duo
622 3915 712 3963 aut
741 3916 842 3961 tres
870 3906 1164 3979 congregati
1189 3911 1375 3978 fuerint
1399 3907 1453 3961 in
1482 3908 1683 3963 nomine
1710 3926 1839 3975 meo,

237 3996 352 4051 illis
392 4012 509 4051 sata
539 3998 594 4050 in
635 3997 800 4055 medio
837 4014 1011 4052 eorum
1036 3996 1249 4071 (naut.
1283 4000 1370 4063 18,
1403 3999 1517 4072 20).
1551 4000 1669 4056 iam
1715 4018 1844 4057 vero

242 4089 362 4160 ipsa
404 4103 624 4159 quoque
666 4088 769 4143 ltoc
812 4098 999 4143 natura
1054 4091 1235 4161 exigit.
1278 4090 1538 4159 Quocirca
1581 4092 1650 4147 ab
1693 4094 1843 4149 initio

239 4180 387 4236 Deus
413 4196 538 4237 cum
570 4179 840 4238 hominem
869 4180 1110 4251 lingeret,
1140 4171 1371 4249 dicebat,
1408 4181 1529 4237 Non
1555 4194 1629 4238 est
1656 4184 1843 4239 bonum

237 4273 498 4327 hominem
525 4288 631 4326 esse
664 4272 825 4326 solum
849 4270 1002 4342 (Cen.
1030 4272 1085 4326 2.
1119 4272 1210 4343 t8)
1241 4289 1254 4324 :
1288 4284 1336 4327 et
1365 4288 1486 4328 cum
1517 4273 1715 4331 faceret
1740 4275 1843 4331 hoc

236 4363 460 4429 animal,
493 4366 773 4420 mulierem
809 4358 1046 4434 inquam,
1081 4374 1297 4434 propter
1321 4366 1692 4422 necessitatem
1720 4383 1837 4422 eain

236 4458 359 4512 viro
376 4457 672 4525 colligavit,
696 4455 841 4512 mille
863 4457 1036 4512 modis
1064 4472 1161 4533 nos
1190 4458 1329 4515 inter
1358 4465 1456 4514 nos
1483 4460 1833 4531 conjungcns.

236 4543 307 4605 Et
332 4550 485 4605 vitam
512 4565 668 4620 asque
692 4549 745 4602 in
769 4549 1029 4603 sarculum.
1081 4549 1193 4605 lloc
1220 4550 1444 4619 pulchre
1468 4550 1682 4622 adjecit.
1737 4552 1836 4608 Uini

233 4644 380 4700 extim
404 4650 490 4698 est
515 4642 754 4707 dilectio,
784 4641 893 4696 illic
918 4652 1001 4696 est
1031 4658 1219 4713 magna
1248 4647 1527 4708 securitas,
1557 4652 1613 4700 et
1649 4644 1835 4713 copio-

234 4748 356 4789 snm
378 4748 409 4787 a
439 4733 553 4788 Deo
581 4734 854 4792 auxilium.
881 4732 953 4788 Ea
979 4735 1122 4788 enim
1150 4742 1235 4789 est
1257 4742 1428 4791 mater
1455 4733 1739 4797 bonorum.
1769 4751 1832 4791 ea

232 4835 317 4882 est
365 4822 488 4880 fuas
510 4832 567 4897 et
603 4823 785 4891 radix,
812 4838 877 4879 ea
920 4831 1005 4879 est
1041 4823 1303 4879 bellorum
1345 4824 1588 4906 exitium,
1613 4837 1836 4881 conten-

231 4914 399 4969 tionis
422 4913 689 4971 interitus.
719 4914 974 4981 Quocirca
1004 4913 1053 4967 id
1084 4914 1409 4985 signiﬁcans,
1436 4916 1731 4985 subjunxit,
1767 4915 1833 4972 Et

230 5009 388 5063 sitam
411 5021 574 5075 asch
596 5006 651 5059 in
677 5006 941 5062 sectilem.
967 5005 1427 5076 Quemadmodum
1454 5009 1596 5062 enim
1639 5007 1832 5064 seditio

229 5108 285 5155 et
311 5097 854 5154 contentiomortem
881 5098 1040 5166 parit,
1071 5111 1299 5167 eamque
1345 5097 1683 5153 immaturam
1713 5112 1728 5153 :
1758 5099 1827 5153 ita

231 5190 396 5244 etiam
422 5186 645 5248 dilectio
664 5196 719 5243 et
746 5188 1030 5242 consensio
1052 5202 1233 5256 pacem
1255 5198 1311 5243 et
1328 5188 1704 5255 concordiam;
1734 5188 1827 5244 ubi

228 5289 414 5335 autem
458 5286 542 5334 est
582 5293 681 5347 pax
728 5286 785 5333 et
822 5279 1134 5344 concordia,
1182 5279 1286 5332 vita
1334 5286 1417 5333 est
1457 5280 1740 5343 tutissima.
1773 5289 1828 5335 et

229 5371 389 5439 longe
412 5369 774 5425 securissinta.
798 5367 865 5426 Et
881 5370 1005 5439 quid
1029 5385 1167 5439 opus
1192 5380 1277 5426 est
1292 5371 1473 5427 dicere
1506 5372 1827 5441 praesentia?

227 5460 302 5516 Ea
326 5459 476 5515 enim
502 5460 659 5517 nobis
682 5456 873 5515 (zelum
908 5446 1157 5530 largitur,
1179 5470 1237 5517 et
1261 5461 1398 5516 bona
1430 5462 1739 5532 ineffabilia,
1766 5475 1826 5520 et

1418 404 1782 464 EXPOSITIO
1819 405 1888 463 ΙΝ
1918 404 2245 465 Μαιλίου
2279 406 2572 469 CXXXI".

3510 414 3620 470 386

2008 532 2130 572 eum
2159 532 2268 590 quo
2309 516 2457 575 Patri
2501 520 2672 594 gloria
2716 522 2878 579 simul
2916 538 3039 581 cuiu
3078 537 3265 583 sancto
3304 527 3532 599 Spiritu,
3560 533 3615 588 in

2004 609 2200 665 sa-cula
2228 612 2571 668 mulorum.
2602 614 2795 669 Amen.

2432 722 2499 779 IN
2523 724 2852 783 PSALHUM
2879 725 3171 785 CXXXIII.

2004 833 2056 887 I.
2092 832 2221 890 Ecce
2238 853 2373 891 nam
2398 837 2675 894 benedicite
2702 822 3001 914 Dominum,
3023 858 3198 899 autnes
3216 845 3347 901 servi
3376 844 3614 910 Domini,

2404 929 2496 998 qui
2512 930 2658 985 statis
2687 930 2744 985 ia
2773 931 2926 985 demo
2954 930 3177 988 Domini.

2066 1057 2310 1133 Psalmos
2328 1061 2396 1117 de
2421 1062 2676 1133 gradibus
2704 1063 2793 1120 bic
2819 1066 3072 1130 absolvit,
3099 1068 3348 1125 oratione
3373 1070 3607 1142 pulchro

1992 1149 2101 1205 line
2126 1152 2589 1217 conclusa,laude
2613 1156 2887 1212 seiiieetet
2916 1158 3311 1214 benedictione.
3338 1159 3600 1218 Vultesse

1994 1242 2085 1297 Dei
2113 1257 2300 1299 servos
2348 1260 2453 1300 non
2491 1246 2666 1302 solum
2703 1246 3065 1318 dogmatibus,
3106 1250 3205 1306 sed
3248 1252 3411 1307 etiam
3438 1267 3601 1308 accu-

1988 1343 2103 1388 rata
2142 1334 2263 1390 vita:
2302 1335 2677 1394 institutione:
2707 1348 2764 1394 et
2802 1340 2923 1395 ideo
2956 1341 3174 1411 adjecit,
3219 1342 3321 1409 Qui
3359 1347 3507 1400 statis
3542 1346 3601 1417 iu

1987 1423 2139 1477 duino
2180 1423 2407 1492 Domini,
2445 1428 2499 1481 in
2542 1428 2687 1482 atriis
2723 1429 2907 1485 domus
2936 1428 3032 1485 Dei
3062 1432 3243 1486 nostri.
3273 1432 3409 1488 Eum
3444 1436 3593 1491 enim

1985 1517 2184 1585 quiest
2230 1518 2470 1587 impurus
2514 1528 2570 1576 et
2605 1520 2884 1591 profanus,
2929 1522 3080 1595 nefas
3127 1536 3211 1579 est
3246 1539 3590 1583 sacrosancta

1984 1617 2134 1678 septa
2172 1607 2395 1679 ingredi.
2435 1608 2795 1677 Quamobrem
2820 1614 2866 1669 si
2896 1613 3019 1683 quis
3062 1613 3255 1685 dignus
3283 1626 3368 1689 est
3391 1619 3482 1689 qui
3510 1620 3592 1674 itt-

1980 1697 2345 1767 g'rediatur,is
2365 1718 2581 1774 quoque
2607 1703 2801 1774 digitus
2824 1713 2911 1760 est
2930 1706 3023 1776 qui
3052 1707 3352 1765 benedicat.
3385 1708 3591 1767 Daunus

1980 1790 2125 1845 enim
2170 1792 2264 1848 Dei
2304 1802 2388 1849 est
2428 1796 2563 1851 aulo
2583 1796 2776 1853 similis
2802 1813 2818 1854 :
2841 1807 2896 1853 et
2919 1800 3370 1869 quemadmodum
3394 1818 3463 1858 ex
3487 1804 3587 1859 ad-

1979 1880 2230 1937 versariis
2273 1885 2626 1955 potestatibus
2664 1887 2870 1945 nullam
2892 1887 2977 1945 ias
2996 1900 3080 1946 est
3108 1890 3234 1947 illuc
3257 1890 3482 1963 intrare,
3511 1891 3586 1951 ita

1978 1988 2079 2030 nec
2099 1976 2152 2029 in
2182 1974 2402 2032 domum
2432 1977 2545 2035 Dei.

2049 2065 2307 2132 Quantam
2350 2069 2576 2140 requirat
2608 2072 2930 2127 sanctitatem
2958 2071 3301 2131 Eucherium
3328 2078 3585 2148 receptio:

1975 2154 2173 2226 Corpus
2194 2167 2242 2214 at
2266 2161 2478 2233 sanguis
2503 2161 2714 2218 Domini
2729 2165 2785 2219 in
2811 2164 3178 2233 Escltaristia;
3208 2167 3333 2225 No.1:
3349 2186 3453 2225 non
3475 2182 3582 2227 tota

1971 2264 2150 2305 somno
2194 2253 2562 2330 conmutando.
2586 2284 2666 2299 —
2686 2255 3004 2326 Considera,
3037 2272 3073 2314 o
3096 2258 3279 2325 homo,
3319 2272 3578 2333 quantam

1969 2338 2284 2411 dignitatem
2323 2346 2672 2417 assequeris:
2705 2354 2763 2402 et
2788 2363 2911 2404 cum
2946 2359 3000 2404 tu
3031 2350 3147 2421 ipse
3187 2368 3401 2423 quoque
3442 2363 3579 2409 tent-

1968 2430 2115 2499 plum
2147 2431 2318 2489 factus
2356 2434 2453 2502 sis,
2482 2448 2679 2508 quanta
2702 2454 2733 2494 a
2763 2447 2817 2495 te
2835 2439 2959 2511 jure
2991 2442 3060 2496 sit
3085 2445 3385 2514 praeeundo
3433 2449 3581 2515 puri-

1969 2530 2069 2576 tas.
2112 2518 2395 2590 Quomodo
2439 2539 2619 2585 autem
2666 2529 2978 2588 exbibuerls
3020 2527 3342 2603 puritatem?
3369 2537 3423 2594 Si
3450 2553 3573 2593 om-

1966 2627 2088 2667 nem
2136 2615 2329 2671 malam
2371 2619 2748 2690 cogitationem
2795 2623 3089 2692 expuleris,
3117 2626 3161 2680 si
3198 2624 3393 2683 feceris
3417 2639 3480 2684 ut
3504 2630 3572 2685 ad

1966 2703 2162 2760 mentis
2193 2709 2471 2764 castellum
2516 2710 2796 2767 diabolicis
2841 2714 3145 2770 actionibus
3187 2717 3367 2773 nullus
3392 2731 3575 2790 pateat

1964 2795 2161 2864 aditus,
2196 2799 2542 2872 sitamqaam
2571 2804 2622 2858 in
2643 2805 2848 2860 sanctis
2890 2806 3068 2878 adytis
3114 2820 3376 2880 perpetuo
3421 2822 3570 2870 tuum

1961 2885 2197 2943 animum
2225 2906 2477 2948 exornes.
2504 2893 2561 2948 Si
2588 2894 2733 2949 enim
2754 2896 2809 2949 in
2834 2897 3034 2966 templo
3061 2898 3286 2957 iudaice
3305 2917 3415 2957 non
3442 2902 3570 2959 liee-

1960 2977 2052 3035 bat
2074 2982 2323 3039 omnibus
2351 2987 2595 3055 quemvis
2619 2987 2794 3043 locum
2818 2988 3027 3061 ingredi
3055 3009 3069 3046 :
3100 2993 3198 3049 sed
3226 3006 3380 3050 erant
3398 2983 3567 3053 multa

1958 3080 2014 3127 ct
2036 3074 2185 3128 varia
2211 3074 2543 3141 discrimina,
2566 3088 2621 3134 et
2648 3091 2766 3135 erat
2796 3082 2883 3137 hic
2908 3082 3127 3153 quidem
3153 3084 3306 3141 locus
3342 3091 3562 3158 praesti-

1959 3174 2105 3222 tutus
2147 3170 2449 3243 proselytis,
2485 3171 2575 3229 ille
2617 3188 2749 3229 vero
2773 3173 2976 3243 intimis
3014 3178 3103 3247 qui
3133 3177 3340 3235 fuerant
3363 3181 3436 3236 ab
3459 3183 3560 3238 ini—

1957 3259 2053 3324 tio,
2085 3259 2223 3314 alius
2247 3262 2636 3331 sacerdotibus,
2668 3264 2807 3320 alius
2840 3267 3081 3335 pentiliei
3103 3268 3230 3356 ,oli,
3264 3270 3424 3343 idque
3451 3290 3561 3330 non

1953 3364 2189 3421 semper,
2215 3352 2312 3408 sed
2352 3355 2520 3410 semei
2559 3354 2611 3410 in
2656 3370 2802 3412 anno
2831 3360 3041 3429 :eog’ita
3081 3352 3227 3430 apud
3260 3371 3319 3416 te
3358 3374 3558 3435 quanta

1954 3438 2049 3493 tibi
2077 3441 2359 3498 sanctitate
2382 3458 2519 3513 opus
2557 3445 2647 3510 sit,
2678 3447 2770 3517 qui
2801 3447 2948 3517 signa
2981 3449 3150 3505 multo
3170 3450 3375 3521 majora
3398 3470 3563 3510 acce-

1953 3531 2116 3600 peris,
2142 3547 2301 3603 quam
2325 3550 2446 3605 qua:
2483 3546 2666 3591 sancta
2705 3551 3014 3594 unctorem
3062 3550 3189 3598 tunc
3225 3550 3554 3615 acceperint.

1950 3620 2133 3692 Neque
2158 3624 2299 3679 enim
2320 3625 2632 3693 Clterubim,
2664 3629 2759 3684 sed
2792 3631 3027 3699 ipsorum
3056 3629 3351 3690 Cherubim
3380 3635 3560 3693 Denuo

1956 3726 2085 3766 num
2117 3712 2284 3769 babes
2328 3715 2738 3785 inltabitantent,
2766 3734 2941 3789 neque
2980 3713 3446 3799 urnamgmanna,
3475 3735 3558 3782 tae

1951 3799 2105 3858 bulas
2148 3803 2407 3874 lapideas,
2439 3817 2493 3862 et
2518 3808 2721 3879 virgam
2750 3811 2952 3878 Aaron,
2993 3813 3087 3868 sed
3130 3828 3328 3883 corpus
3356 3825 3411 3871 et
3433 3832 3559 3871 san-

1948 3895 2161 3963 guinem
2204 3896 2554 3964 domiuicum;
2586 3908 2642 3957 et
2688 3900 2946 3971 Spiritum
2992 3918 3091 3975 pro
3129 3904 3301 3972 litera,
3334 3918 3387 3963 et
3428 3924 3554 3980 gra-

1950 3985 2098 4052 tiam,
2127 4003 2247 4057 qaze
2278 3999 2501 4059 superat
2528 3990 2811 4047 humanam
2837 3995 3238 4065 cogitationem,
3266 4007 3325 4053 et
3353 3998 3553 4056 donum
3660 4030 3671 4041 υ

1948 4076 2328 4136 inenarrabile.
2357 4080 2474 4148 Quo
2501 4092 2682 4138 autem
2729 4083 3020 4153 majoribus
3046 4088 3299 4157 signis'ac
3326 4090 3549 4161 symbo-

1949 4167 2016 4223 lis
2041 4178 2096 4225 et
2116 4172 2288 4241 magis
2307 4173 2635 4229 venerandis
2657 4175 2932 4247 mysteriis
2953 4175 3205 4247 dignatus
3222 4192 3304 4243 es,
3332 4194 3405 4236 eo
3433 4198 3552 4235 tua-

1941 4259 2031 4329 jor
2059 4270 2143 4315 est
2161 4272 2203 4315 a‘
2222 4250 2274 4317 te
2293 4265 2596 4334 pra-stands
2630 4267 2906 4331 sanctitas,
2930 4274 2988 4323 et
3008 4282 3078 4323 eo
3102 4269 3211 4324 eris
3235 4270 3426 4339 majori
3450 4273 3551 4327 ob-

1946 4352 2138 4406 noxius
2160 4353 2446 4423 supplicio,
2477 4356 2523 4410 si
2550 4371 2674 4428 qua
2710 4357 2860 4428 jussa
2886 4367 3013 4413 sunt
3029 4360 3375 4416 transilieris.
3394 4361 3449 4416 Ω.
3478 4361 3548 4417 Ia

1943 4444 2173 4499 noctibus
2193 4446 2417 4501 attollite
2437 4464 2615 4503 manu
2634 4458 2825 4504 uestras
2844 4450 2897 4504 in
2917 4461 3116 4508 sancta.
3136 4450 3311 4519 Alius,
3337 4453 3549 4511 Sancte.

1941 4535 2110 4600 Alius,
2131 4535 2474 4607 Sanctiﬁcate.
2493 4538 2561 4593 Et
2580 4540 2855 4596 benedici“
2865 4540 3142 4597 Dentium
3157 4543 3255 4615 (a).
3273 4544 3382 4600 Cur
3392 4545 3548 4613 dixit,

1941 4625 2010 4680 In
2038 4629 2304 4684 noctibus?
2328 4629 2541 4686 Docens
2566 4646 2665 4686 nos
2688 4648 2793 4685 non
2822 4647 2944 4687 eam
2989 4642 3157 4689 totam
3182 4650 3374 4691 somno
3410 4652 3546 4691 con—

1942 4718 2256 4773 sumendam
2314 4734 2464 4787 esse,
2511 4723 2910 4793 ostendensth
2962 4726 3208 4794 puriores
3249 4732 3375 4782 tunc
3420 4742 3546 4785 esse

1939 4822 2149 4877 preces,
2179 4810 2393 4880 quando
2418 4822 2471 4867 et
2509 4828 2664 4867 mens
2709 4824 2795 4868 est
2832 4814 3020 4875 levior.
3049 4824 3107 4872 et
3131 4817 3287 4873 nobis
3310 4827 3396 4876 ea
3425 4820 3546 4888 plus

1938 4898 2058 4953 otii.
2103 4899 2259 4968 Quod
2309 4901 2356 4957 si
2396 4892 2455 4956 in
2503 4915 2660 4959 nocte
2704 4915 2917 4975 oportet
2940 4906 3008 4961 ad
3035 4917 3221 4964 saneta
3261 4910 3541 4978 accedere,

1936 4990 2217 5047 mnsidera
2277 5007 2563 5063 quamnam
2619 5006 2985 5068 consequetur
3041 5000 3286 5066 veniam,
3336 5003 3426 5073 qui
3471 5020 3543 5060 ne

1935 5082 2081 5138 domi
2126 5084 2342 5155 quidem
2387 5085 2482 5141 illo
2524 5095 2769 5158 tempore
2806 5104 2995 5159 preces
3029 5090 3221 5150 fundit.
3269 5094 3538 5165 Propheta

1934 5173 2076 5228 enim
2113 5182 2215 5230 tce
2240 5175 2383 5232 lecto
2422 5178 2641 5244 excitat,
2683 5188 2743 5234 et
2785 5179 3000 5236 deducit
3037 5182 3100 5245 in
3127 5186 3406 5253 templum.
3445 5187 3536 5257 ju-

1935 5265 2067 5319 bens
2094 5276 2257 5321 totam
2283 5268 2389 5323 illic
2421 5279 2632 5324 noctem
2660 5285 2820 5341 agere
2843 5289 2867 5327 τ
2891 5282 2948 5327 at
2968 5283 3023 5326 tu
3053 5290 3121 5329 ne
3144 5274 3291 5330 domi
3317 5278 3535 5347 quidem

1933 5370 2158 5413 manens
2179 5359 2284 5415 hoc
2303 5359 2452 5415 iacis.
2473 5360 2705 5419 Pulchre
2725 5374 2908 5419 autem
2929 5364 3084 5430 dixit,
3104 5365 3313 5431 Sancte.
3329 5367 3534 5425 docens

1932 5464 2053 5505 esse
2098 5450 2358 5505 orandum
2403 5452 2607 5523 absque
2645 5453 2803 5510 malis
2833 5455 3249 5526 cogitationibus
3273 5498 3288 5523 ,
3334 5461 3539 5530 absque

224 5560 309 5609 est
351 5552 533 5623 regina
565 5552 843 5608 vitatum.
896 5552 1022 5610 uses
1070 5568 1200 5623 ergo
1233 5569 1356 5611 cum
1408 5556 1659 5621 sciamus,
1701 5571 1822 5612 eam

1958 5542 2056 5598 vdio
2097 5553 2154 5599 et
2196 5543 2595 5610 malevolentia,
2641 5546 2845 5616 absque
2889 5549 3133 5614 mritis,
3170 5550 3379 5619 absum;
3417 5551 3535 5605 ullo

223 5643 508 5713 diligenter
568 5657 956 5713 persajuamur
978 5687 993 5709 ,
1034 5653 1097 5698 ut
1146 5654 1202 5700 et
1250 5647 1606 5715 presentibus
1660 5646 1822 5704 bonis

220 5730 244 5785 l‘
270 5746 483 5796 cantu,
514 5737 576 5787 et
595 5729 788 5787 futuris
815 5772 829 5785 .
854 5748 977 5803 qua
1017 5733 1175 5790 detur
1214 5736 1366 5791 nobis
1389 5736 1641 5792 omnibus
1665 5751 1817 5793 asse-

215 5823 333 5899 qui,
354 5827 522 5896 gratia
548 5830 605 5881 et
631 5820 960 5895 benignitate
992 5823 1203 5881 Domini
1246 5828 1417 5883 nostri
1438 5828 1565 5885 Jesu
1593 5828 1812 5891 Christi.

1930 5633 2036 5689 alio
2054 5634 2315 5705 ejusmodi
2342 5643 2584 5706 peccato,
2610 5637 2754 5707 quod
2784 5637 2941 5693 aliert
2961 5640 3161 5695 anima
3181 5643 3428 5697 exitium.
3448 5641 3529 5697 ‘Et

1930 5724 2209 5781 benedicite
2247 5725 2545 5782 Dominam.
2569 5727 2687 5783 Hoc
2709 5737 2794 5784 est
2828 5730 2973 5786 enim
3019 5732 3250 5789 maxime
3291 5734 3530 5803 perfecta

1994 5838 2067 5901 (a)
2168 5836 2468 5904 interpretes
2495 5839 2580 5902 qui
2602 5840 2701 5891 sint
2722 5847 2995 5906 ignoratur.
