4218 6434
250 520 405 564 suam
432 502 849 577 possessionem.
877 496 1070 555 Vidisti
1092 493 1365 569 quomodo
1390 489 1690 548 ostenderit
1731 488 1851 558 ejus

253 594 687 655 humanitatem?
714 601 769 650 et
788 591 911 665 ideo
936 577 1199 659 incipiens
1222 586 1378 661 dixit,
1409 582 1640 665 [gradata
1664 580 1851 657 Domi-

250 704 396 757 num,
442 688 563 761 quia
592 686 749 741 bonas
792 663 868 737 est
905 679 1173 735 Dominae.
1230 678 1285 733 5.
1335 663 1592 746 Quia—ego
1615 672 1847 745 cognovi,

251 781 386 852 quod
413 793 626 850 magnas
653 785 724 832 est
752 772 1023 829 Dominus.
1050 770 1190 825 Ecce
1208 767 1375 823 'aliam
1399 764 1555 820 affert
1598 762 1849 827 laudandi

248 888 490 932 causam
534 870 629 926 Dic
671 869 801 923 mihi
846 875 1050 933 autem,
1094 876 1273 934 rogo:
1305 868 1361 916 tu
1386 856 1551 928 nosti,
1591 857 1682 939 alii
1720 871 1850 913 vero

251 977 361 1018 non
390 961 622 1018 narunt?
648 958 858 1015 Norunt
887 954 1127 1027 quidem,
1157 952 1253 1009 sed
1282 965 1389 1007 non
1413 950 1488 1019 ita
1521 956 1581 1004 ut
1606 962 1727 1019 ego.
1753 946 1850 1002 Est

250 1052 398 1110 enim
446 1050 678 1106 maxime
725 1058 1056 1111 sanctorum,
1114 1053 1171 1100 et
1212 1057 1401 1105 eorum
1443 1039 1846 1113 quiplurimum

242 1143 630 1207 ascenderunt,
656 1140 961 1198 accuratius
988 1137 1106 1207 ejus
1127 1147 1460 1206 cognoscere
1485 1133 1843 1204 majestatem,

239 1214 363 1291 non!
380 1234 595 1306 quidem
625 1212 925 1288 universam
956 1228 976 1299 (
1005 1229 1108 1283 hoc
1133 1226 1277 1281 enim
1302 1222 1417 1279 ﬁeri
1452 1222 1844 1295 non‘potest‘),

243 1323 350 1381 sed
375 1314 616 1394 apertius
644 1337 802 1393 quam
830 1320 942 1374 alii.
972 1316 1043 1373 Et
1079 1315 1223 1372 Deus
1265 1325 1436 1373 noster
1464 1330 1574 1385 pra:
1614 1311 1847 1368 euntibus

242 1415 372 1472 diis.
397 1416 555 1480 Ecce,
584 1413 812 1484 inquies,
838 1411 931 1483 qui
961 1410 1085 1465 dicit
1113 1423 1362 1479 magnum
1390 1420 1513 1461 esse
1538 1405 1843 1485 Dominum,

236 1521 300 1571 et
328 1520 404 1562 se
431 1504 487 1562 id
514 1504 751 1568 novisse,
781 1496 1081 1577 procedens
1097 1500 1147 1557 ei
1171 1498 1314 1570 quod
1341 1498 1553 1553 dixerat
1585 1496 1843 1564 detrahit,

233 1605 298 1654 et
322 1612 449 1652 eum
491 1593 701 1651 confert
745 1609 871 1650 cum
897 1593 1049 1656 aliis,
1079 1601 1133 1647 et
1171 1605 1268 1661 per
1308 1580 1764 1658 comparationem
1795 1585 1844 1642 ei

239 1688 619 1749 excellentiam
646 1686 850 1742 tribuit.
876 1683 1247 1755 Nequaquam,
1271 1681 1466 1752 inquit,
1489 1679 1583 1736 sed
1607 1665 1736 1735 iuno
1766 1678 1846 1732 lo-

237 1777 512 1851 quebatur
530 1760 735 1833 habens
759 1776 1020 1837 rationem
1041 1789 1250 1847 eorum,
1268 1772 1359 1844 qui
1377 1770 1689 1848 audiebant,
1704 1784 1844 1851 pau-

238 1870 400 1926 latim
420 1885 518 1929 eos
543 1868 612 1926 ad
641 1868 696 1926 id
734 1868 1023 1925 deducens.
1045 1866 1228 1936 Neque
1253 1864 1398 1921 enim
1426 1863 1530 1919 hoc
1553 1861 1845 1917 admodum

238 1976 501 2033 niagnum
539 1976 662 2019 enim
691 1959 948 2026 ostendit,
992 1956 1137 2030 quod
1163 1957 1372 2013 dicatur
1403 1955 1544 2010 Deus
1580 1961 1702 2011 csSe
1731 1968 1844 2006 mo-

238 2053 414 2122 jor.et
436 2065 658 2124 magnus
685 2064 795 2121 pre
821 2036 927 2105 illis
954 2047 1121 2122 :sed,
1148 2047 1289 2134 sicut
1310 2045 1444 2108 dixi,
1469 2043 1688 2116 adaptat
1721 2056 1840 2097 ora-

240 2144 452 2199 tionem
492 2141 777 2197 humilitati
818 2140 1150 2205 auditorum,
1192 2154 1288 2195 eos
1326 2137 1581 2209 paulatim
1604 2136 1836 2207 erigens.

236 2234 395 2291 Bene
427 2236 570 2292 enim
597 2244 723 2290 tunc
747 2250 873 2291 cum
917 2234 999 2291 eis
1041 2233 1320 2308 agebatur,
1373 2232 1516 2305 quod
1547 2231 1665 2286 haec
1688 2230 1842 2285 audi-

239 2327 472 2393 vissent,
499 2336 550 2381 et
578 2340 835 2396 persuasa
860 2326 1142 2381 haberent.

317 2414 373 2472 2.
446 2417 599 2485 Quod
626 2417 770 2475 enim
799 2432 987 2473 omnes
1026 2417 1158 2471 citra
1179 2415 1348 2488 ullam
1383 2416 1838 2487 comparationem

234 2519 499 2578 superet,
540 2508 777 2565 ostendit
818 2524 914 2579 per
953 2524 1019 2565 ea
1070 2524 1191 2581 qure
1233 2518 1560 2580 sequuntur,
1608 2508 1840 2563 aﬂ‘ercns

235 2600 535 2657 maximum
582 2609 951 2671 argumentum
981 2600 1097 2671 ejus
1143 2602 1427 2670 potentiae,
1458 2611 1512 2655 et
1548 2598 1839 2655 ostendens

235 2705 308 2749 se
332 2690 510 2762 priora
535 2690 741 2748 dixisse
785 2699 1003 2763 propter
1030 2690 1448 2748 imbecillitatem
1470 2692 1784 2747 auditorum
1819 2708 1834 2748 :

236 2790 301 2839 et
328 2780 448 2839 ideo
473 2781 693 2854 quando,
708 2792 912 2840 tantum
940 2786 1213 2850 enuntiat,
1249 2796 1415 2852 parva
1443 2778 1841 2851 dicit;quando

236 2883 423 2933 autem
447 2874 762 2941 conﬁrmat,
789 2885 846 2932 et
887 2876 1253 2943 demonstrat,
1304 2884 1363 2935 et
1387 2874 1511 2945 ejus
1536 2876 1842 2946 majestatis

237 2967 401 3045 affert
424 2969 815 3039 probationem,
860 2984 1049 3041 magna
1078 2970 1295 3039 profert.
1329 2966 1472 3036 Quid
1491 2979 1623 3037 ergo
1647 2976 1839 3039 postea

238 3060 478 3126 adducit,
494 3061 634 3133 quod
661 3061 733 3117 sit
759 3077 826 3117 eo
846 3060 1062 3133 dignum
1084 3070 1163 3128 ,et
1187 3060 1333 3130 quod
1371 3062 1443 3116 sit
1468 3060 1559 3114 Dei
1579 3059 1841 3140 tantum?

241 3152 380 3210 Vide
423 3154 733 3225 :snbjungit
766 3155 910 3210 enim
937 3172 961 3211 :_
999 3152 1053 3209 6.
1084 3152 1270 3208 Omnia
1312 3158 1634 3231 quaeautque
1668 3152 1837 3209 voluit

239 3230 528 3317 nam,
555 3248 671 3318 fecit
699 3247 757 3300 in
794 3245 921 3301 calo
974 3246 1101 3300 etin
1142 3257 1307 3312 terra,
1334 3261 1387 3299 tn
1424 3230 1646 3299 maribus
1698 3254 1745 3299 et
1782 3246 1835 3298 in

238 3337 470 3393 omnibus
513 3337 725 3409 abysaia.
755 3337 943 3393 Vidisti
983 3336 1270 3407 potentiam
1312 3336 1397 3392 cui
1437 3334 1569 3391 nihil
1614 3337 1835 3391 omnino

236 3429 394 3487 deest
419 3433 445 3482 Ἰ
484 3429 660 3485 vidisti
684 3428 887 3485 fontem
912 3428 1079 3483 vitm?
1126 3428 1301 3483 vidisti
1342 3428 1487 3484 vires
1505 3429 1833 3497 inexpugna-

236 3518 380 3577 biles
401 3518 426 3575 ἵ
445 3520 621 3575 vidisti
652 3519 1021 3576 excellentiam
1053 3518 1273 3573 omnino
1312 3517 1782 3588 incomparabilem
1811 3519 1834 3571 ?

236 3610 415 3666 vidisti
437 3619 751 3681 potestatem
775 3624 895 3683 qua:
915 3610 1063 3665 nullo
1092 3608 1250 3664 modo
1278 3608 1628 3679 prohibetur?
1657 3611 1832 3665 vidisti

237 3700 292 3758 ei
315 3702 490 3757 omnia
517 3701 763 3772 expedita
787 3711 843 3758 ct
867 3701 1081 3758 facilia?
1110 3700 1295 3757 Omnia
1319 3703 1484 3770 enim,
1504 3702 1837 3773 inquit,qua:-

237 3808 452 3864 umque
487 3792 641 3848 voluit
666 3792 800 3863 fuit.
832 3791 948 3862 Dic,
975 3791 1226 3849 ubinam?
1263 3792 1331 3847 In
1355 3792 1482 3848 caelo
1517 3802 1564 3847 et
1591 3793 1643 3846 in
1677 3802 1831 3847 terra.

239 3881 357 3939 lloc
379 3893 462 3939 est
488 3899 592 3961 non
613 3883 701 3941 hic
718 3885 912 3953 solum,
936 3884 1031 3941 sed
1051 3884 1210 3941 etiam
1239 3885 1291 3940 in
1309 3885 1462 3941 caelo.
1484 3884 1600 3941 Non
1622 3884 1677 3941 in
1700 3888 1834 3940 creto

240 3973 452 4042 solum,
489 3974 584 4031 sed
629 3975 792 4031 etiam
830 3976 1079 4032 interra.
1124 3974 1241 4030 Non
1265 3975 1437 4031 solum
1453 3977 1504 4030 in
1533 3986 1695 4041 terra,
1738 3977 1833 4033 scd

241 4068 403 4125 etiam
449 4066 521 4123 In
549 4068 805 4134 maribus,
833 4076 883 4123 et
909 4068 964 4123 in
989 4068 1218 4123 omnibus
1257 4067 1486 4140 abyssis.
1532 4067 1635 4124 Per
1671 4069 1833 4140 abys-

241 4173 361 4216 aum
375 4161 519 4217 enim
548 4160 673 4216 dicit
692 4175 813 4232 qua:
834 4169 964 4217 sunt
980 4159 1116 4217 infra
1144 4170 1362 4231 terram,
1384 4162 1832 4233 quemadmodum

240 4250 469 4309 dicendo
482 4252 573 4319 ,In
589 4253 810 4321 cato,ea
834 4268 954 4324 quae
983 4261 1107 4309 sunt
1127 4268 1288 4325 super
1323 4253 1506 4309 cados.
1530 4252 1685 4312 Unde
1704 4270 1825 4310 cum

245 4353 324 4399 tot
346 4353 401 4399 ct
423 4353 565 4399 tanta
592 4346 732 4411 siut,
766 4345 1011 4401 voluntas
1030 4343 1493 4417 ejusuequaquam
1525 4345 1830 4415 impeditur,

242 4435 338 4490 sed
363 4436 540 4490 omnia
560 4435 833 4508 pervadit,
852 4445 907 4491 ct
922 4434 1064 4507 quod
1080 4443 1162 4491 est
1182 4435 1519 4501 admirabile,
1550 4423 1632 4504 is
1655 4429 1743 4506 qui
1770 4453 1832 4492 ea

242 4525 395 4591 fecit,
427 4526 576 4581 nullo
621 4527 868 4598 negotio,
900 4526 985 4582 vel
1013 4524 1233 4592 labore,
1261 4542 1368 4582 non
1406 4526 1590 4597 jussu,
1617 4529 1712 4583 sed
1745 4544 1837 4581 vo-

242 4617 447 4673 luntate
471 4618 630 4674 fecit:
655 4618 827 4673 solum
853 4617 997 4672 enim
1025 4617 1219 4684 voluit,
1244 4628 1300 4673 et
1325 4632 1461 4689 opus
1485 4620 1663 4675 statim
1706 4635 1836 4674 con-

242 4720 527 4780 sequutum
568 4719 670 4764 est.
742 4709 932 4769 Vidisti
985 4709 1255 4781 quomodo
1322 4712 1616 4769 ostenderit
1672 4730 1834 4785 quam

251 4801 418 4858 facilia
446 4817 511 4858 ac
532 4804 747 4873 cepiosa
769 4802 964 4859 fuerint
989 4802 1105 4874 ejus
1126 4818 1288 4873 opera
1304 4846 1319 4868 ,
1348 4815 1402 4861 et
1420 4806 1692 4875 quomodo
1717 4807 1837 4877 ejus

247 4902 482 4965 potestas
522 4893 788 4965 prohiberi
834 4911 942 4952 non
995 4897 1243 4967 poterat?
1274 4898 1476 4953 Deinde
1511 4901 1729 4955 mittens
1757 4900 1838 4955 di-

248 5005 373 5046 cere
403 4988 471 5045 de
498 4990 632 5044 caalo
670 5001 725 5045 et
755 5000 897 5046 terra
947 4999 1003 5047 et
1052 4992 1210 5057 mari,
1241 4991 1398 5050 affert
1447 5009 1509 5049 ea
1563 5011 1684 5067 quae
1713 5006 1839 5050 sunt

247 5083 300 5137 in
344 5080 461 5146 eis,
519 5079 614 5136 sed
664 5095 763 5137 nec
816 5082 996 5137 omnia
1044 5082 1260 5153 quidem
1304 5100 1423 5155 qua:
1468 5096 1596 5140 sunt
1646 5087 1697 5140 in
1734 5087 1834 5150 eis,

246 5174 340 5233 sed
361 5189 487 5231 cum
517 5175 945 5244 praetermisisset
969 5190 1034 5231 ea
1054 5191 1175 5246 quas
1192 5186 1314 5232 sunt
1341 5176 1396 5231 in
1416 5177 1572 5248 ca-lo,
1589 5179 1691 5235 etsi
1716 5191 1842 5235 sunt

244 5265 662 5333 admirabiliora,
694 5266 823 5322 dicit
864 5281 928 5323 ea
953 5283 1073 5339 qua:
1110 5278 1235 5324 sunt
1282 5270 1424 5326 circa
1467 5271 1679 5327 cadum.
1725 5272 1838 5342 Qua

245 5356 314 5413 de
361 5354 457 5413 re?
501 5355 763 5426 Quoniam
812 5356 901 5413 illa
949 5358 1186 5430 quidem,
1238 5361 1339 5417 etsi
1389 5378 1580 5433 magna
1621 5374 1837 5430 essent,

245 5455 401 5503 erant
454 5456 632 5503 tamen
662 5447 844 5504 multis
873 5451 1051 5521 ignota
1083 5467 1096 5504 :
1136 5451 1253 5508 haec
1295 5464 1513 5521 autem,
1558 5457 1691 5514 licet
1739 5459 1842 5513 nii-

247 5555 398 5605 nora,
426 5541 786 5597 cernebantur
815 5551 1013 5609 tamen,
1061 5551 1118 5600 et
1157 5560 1348 5602 omnes
1396 5546 1668 5607 habebant
1715 5566 1843 5623 spe-

248 5642 503 5687 ctatores.
529 5630 666 5701 Quia
690 5647 819 5703 ergo
842 5635 1005 5690 verba
1032 5634 1259 5693 faciebat
1285 5638 1426 5710 apud
1455 5639 1720 5708 homines,
1753 5643 1846 5713 qui

312 5748 343 5821 ξ,
903 5747 1172 5805 absurdum
1193 5758 1263 5805 es!
1276 5766 1294 5817 ,'
1318 5768 1431 5819 qua
1461 5758 1659 5821 quidem
1686 5764 1848 5813 versio

244 5807 432 5867 optime
451 5808 655 5872 quadrat
677 5808 736 5858 ad
759 5812 960 5861 seriem.

1367 373 1731 435 EXPOSI'I'IO
1768 370 1836 429 IN
1880 369 2204 431 PSALHUM
2240 372 2532 430 CXXXIV.

3456 381 3560 437 390

1965 502 2074 543 non
2105 496 2313 544 tantum
2330 486 2435 566 ﬂde
2460 486 2792 545 ducebantur
2806 489 2877 545 ad
2903 505 2967 547 ea
2997 492 3280 563 cogitanda
3304 508 3427 565 quas
3451 512 3560 553 non

1959 578 2313 651 apparebant,
2345 590 2605 651 quantum
2631 594 2696 636 ex
2744 580 2811 637 iis
2848 597 2970 652 quas
3015 582 3348 655 apparebant
3391 587 3560 644 veluti

1962 684 2126 725 manu
2156 669 2491 727 ducebantur
2520 686 2535 723 :
2567 670 2636 727 ab
2666 671 2733 726 iis
2753 671 2939 743 incipit
2971 681 3155 730 texere
3181 675 3479 733 orationem
3505 687 3562 735 et

1958 760 2283 829 doctrinam,
2317 761 2460 833 quod
2484 763 2603 818 aliis
2650 763 2952 827 faciendum
2977 765 3171 822 suadet
3198 766 3303 823 hoc
3344 778 3401 824 et
3441 769 3560 839 ipse

1956 851 2487 931 faciens.Quoduam
2516 854 2651 911 hoc?
2696 857 2861 912 Deum
2901 872 2967 912 ex
3008 857 3127 928 ejus
3153 859 3409 929 operibus
3438 860 3559 917 lau-

1955 942 2106 1013 dare,
2138 961 2262 1017 eum
2289 947 2380 1018 qui
2427 947 2634 1017 singula
2672 947 2791 1018 ejus
2827 963 2991 1019 opera
3017 948 3307 1019 didicerit,
3349 951 3559 1024 ipsique

1958 1049 2056 1103 pro
2076 1035 2302 1106 singulis
2325 1037 2551 1116 gloriam
2580 1038 2801 1094 referre.
2825 1039 2961 1108 Quia
2988 1041 3132 1097 enim
3154 1042 3224 1098 ad
3261 1058 3386 1105 eum
3438 1044 3558 1103 latt-

1954 1123 2190 1195 dandutn
2219 1126 2535 1195 adhortans,
2573 1129 2791 1186 assidue
2818 1128 3033 1186 dicebat
3062 1148 3075 1186 :
3106 1130 3341 1189 Laudato
3372 1151 3555 1190 nomen

1956 1215 2188 1287 Domini,
2211 1218 2436 1287 laudate,
2458 1221 2607 1286 servi,
2634 1221 2907 1277 Dominum
2935 1239 2956 1277 :
2980 1224 3217 1280 ostendit
3235 1226 3396 1283 etiam
3423 1243 3554 1297 quo-

1956 1308 2119 1363 modo
2147 1309 2366 1387 laudare
2394 1319 2660 1381 oporteat,
2688 1311 3063 1389 persequendo
3089 1315 3398 1371 universum
3429 1331 3552 1373 cor-

1954 1414 2055 1469 pus
2095 1410 2378 1470 creaturae,
2400 1402 2705 1482 laudando,
2735 1415 2795 1461 et—
2813 1404 3134 1463 admirando
3158 1408 3174 1440 ¹
3201 1408 3551 1477 sapientiam,

1956 1488 2372 1559 providentiam,
2407 1494 2723 1563 potentiam,
2760 1510 2969 1551 curam.
2993 1496 3130 1553 Hinc
3155 1496 3414 1556 discimus
3444 1512 3556 1554 non

1952 1597 2074 1639 esse
2105 1583 2207 1651 hoc
2228 1585 2401 1640 solum
2432 1597 2672 1652 nostrum
2701 1604 2870 1655 mare,
2897 1590 2996 1646 sed
3024 1591 3189 1645 multa
3236 1601 3293 1647 et
3314 1591 3550 1657 diversa,

1950 1685 2006 1730 et
2026 1674 2228 1730 infinita
2258 1678 2445 1757 maria.
2465 1678 2622 1739 Dixit
2651 1680 2793 1735 enim
2813 1721 2829 1746 ,
2870 1680 2940 1749 In
2965 1683 3194 1738 maribus
3237 1693 3282 1737 et
3317 1684 3551 1739 omnibus

1948 1763 2165 1837 αὐθαδία.
2197 1758 2459 1837 Caspium
2472 1769 2636 1831 enim.
2655 1779 2711 1825 et
2728 1769 2968 1830 Indicum
2982 1781 3041 1827 et
3061 1771 3304 1834 Rubrum
3333 1784 3459 1828 sunt
3481 1776 3551 1828 ab

1948 1854 2053 1911 boc
2081 1858 2264 1923 utique
2289 1857 2579 1928 disjuncta,
2609 1869 2665 1914 et
2689 1858 2936 1917 Oceanus
2959 1856 3052 1933 qui
3080 1863 3251 1919 ambit
3279 1866 3547 1922 extrinse-

1947 1962 2070 2003 cus.
2095 1946 2163 2002 7.‘
2180 1946 2419 2004 Educens
2443 1949 2599 2017 nubes
2625 1950 2689 2005 ab
2709 1961 2930 2007 cruento
2954 1962 3118 2023 tmte.
3149 1955 3322 2021 Alius,
3340 1955 3548 2015 Strato!-

1946 2036 2076 2092 lens.
2103 2039 2276 2104 Alius,
2306 2040 2528 2095 Attranit
2556 2039 2872 2121 abeat-emis
2897 2042 3106 2119 ﬁnibus.
3132 2044 3306 2115 Alius,
3346 2048 3394 2105 Α
3420 2050 3545 2118 lini-

1947 2128 2040 2183 bus
2072 2128 2169 2201 (a).
2197 2129 2308 2185 lloc
2332 2132 2491 2186 etiam
2520 2131 2575 2186 in
2598 2131 2701 2188 Job
2726 2131 2930 2193 dictum
2960 2142 3077 2190 est:
3099 2133 3332 2208 Alligatus
3359 2154 3546 2209 aquom

1945 2222 1998 2275 in
2037 2223 2250 2277 nubibus
2278 2223 2384 2279 suis
2427 2222 2575 2290 (Job.
2604 2223 2696 2280 26.
2738 2225 2817 2295 8).
2847 2224 2917 2281 Et
2957 2224 3210 2284 Salomon
3233 2246 3252 2284 :
3274 2227 3547 2299 Continem

1944 2330 2131 2383 aquam
2167 2316 2221 2369 in
2269 2315 2558 2370 vestimento
2587 2314 2783 2388 (Prov.
2810 2316 2903 2373 30.
2934 2316 3032 2390 ι).
3076 2317 3173 2374 Hic
3211 2329 3392 2376 autem
3434 2338 3542 2377 llutl

1946 2403 2049 2459 hoc
2092 2400 2242 2472 dicit,
2288 2404 2388 2463 sed
2439 2407 2583 2462 aliud
2614 2407 2881 2464 mirabile.
2912 2407 3223 2476 Quidnam?
3260 2412 3416 2481 Quod
3451 2432 3547 2471 aer

1944 2509 2067 2566 cum
2097 2497 2336 2552 crassior
2375 2497 2556 2564 fuerit,
2599 2511 2817 2553 sursum
2878 2497 3053 2556 fertur
3104 2510 3162 2557 et
3211 2506 3536 2561 transmitti-

1944 2594 2051 2657 tur,
2101 2596 2155 2643 et
2180 2587 2423 2643 ascendit
2449 2590 2500 2643 id
2530 2588 2671 2660 quod
2696 2604 2860 2661 grave
2884 2598 2968 2647 est
2987 2633 3002 2657 ,
3031 2591 3131 2665 via
3154 2596 3423 2652 contraria
3456 2598 3541 2653 iu-

1941 2676 2209 2744 grediens.
2241 2677 2572 2745 Admirabile
2594 2688 2775 2735 autem
2802 2688 2885 2736 est
2913 2681 3054 2750 quod
3079 2697 3215 2753 aqua
3240 2684 3293 2739 in
3319 2701 3386 2742 eo
3408 2702 3543 2743 con-

1942 2765 2223 2823 tineatur:
2254 2768 2348 2823 sed
2401 2769 2571 2826 multo
2610 2769 3003 2837 admirabilius,
3030 2758 3172 2843 quod
3207 2775 3257 2829 in
3299 2792 3365 2831 eo
3397 2779 3541 2849 quod

1940 2856 2061 2913 leve
2105 2864 2193 2913 est
2239 2868 2493 2914 contenta
2543 2861 2788 2919 feratur:
2824 2873 2881 2920 et
2927 2864 3106 2920 adhuc
3134 2866 3540 2935 admirabilius,

1941 2945 2085 3016 quod
2114 2960 2252 3016 aqua
2293 2963 2413 3017 qua:
2442 2949 2495 3004 in
2535 2950 2630 3005 illo
2656 2965 2782 3009 aere
2820 2955 3165 3021 continetur,
3197 2968 3479 3028 postquam
3510 2976 3541 3014 o

1942 3034 2084 3121 nube
2110 3034 2399 3104 efﬂuxerit,
2447 3039 2516 3095 ab
2539 3054 2668 3096 aere
2692 3041 2783 3111 qui
2824 3044 3069 3114 sequitur
3090 3086 3106 3110 ,
3156 3062 3264 3101 non
3309 3048 3541 3117 amplius

1941 3128 2299 3194 contineatur,
2328 3130 2421 3185 scd
2453 3131 2688 3201 undique
2715 3133 2944 3203 difﬂuat,
2967 3144 3023 3192 et
3065 3136 3116 3191 in
3150 3146 3347 3193 terram
3388 3139 3541 3197 defe-

1940 3226 2111 3274 ratur.
2137 3221 2301 3292 Atqui
2348 3220 2394 3276 si
2425 3236 2488 3276 ca
2513 3223 2884 3280 contineretur
2909 3241 2975 3281 ex
3014 3236 3237 3295 natura,
3266 3240 3543 3300 oporteret

1937 3324 2058 3365 eam
2084 3310 2245 3366 etiam
2274 3311 2539 3369 contineri
2564 3314 2617 3369 in
2646 3328 2796 3372 aere.
2819 3316 3283 3386 Quemadmodum
3310 3321 3453 3377 enim
3493 3324 3539 3379 si

1937 3403 2059 3474 quis
2078 3410 2250 3458 utrem
2270 3403 2326 3459 in
2343 3419 2523 3460 aerem
2535 3406 2684 3463 abire
2696 3408 2919 3477 sineret,
2934 3425 3071 3481 aqua
3090 3412 3329 3481 plenum,
3344 3414 3540 3472 deinde

1940 3492 2171 3549 ferretur
2188 3494 2257 3551 ab
2270 3510 2414 3563 aere,
2429 3487 2660 3553 ferretur
2673 3500 2835 3555 etiam
2851 3516 2987 3573 aqua
3008 3518 3130 3576 qua:
3144 3504 3289 3560 intus
3299 3508 3543 3564 contine-

1939 3591 2047 3649 tur,
2064 3584 2109 3638 si
2127 3582 2425 3642 efﬂuxisset
2454 3586 2521 3642 ab
2547 3598 2665 3645 utre
2693 3606 2708 3643 :
2740 3588 2813 3645 ita
2842 3603 3264 3662 consentaneum
3290 3598 3540 3655 essethic

1937 3692 2154 3750 quoque
2168 3678 2306 3736 ﬂeri.
2323 3679 2430 3738 Sed
2445 3682 2567 3754 quia
2579 3691 2772 3740 cuncta
2788 3700 2953 3757 opera
2970 3696 3097 3743 sunt
3106 3676 3467 3756 admirabilia,
3485 3703 3543 3748 et

1938 3779 2197 3841 superant
2219 3772 2554 3843 opinionem,
2580 3788 2743 3847 supra
2767 3791 2949 3833 rerum
2979 3778 3223 3835 ordinem
3273 3791 3331 3837 et
3369 3782 3539 3839 ratio-

1940 3875 2063 3916 nem
2094 3875 2311 3918 omnem
2357 3861 2492 3919 ﬂunt
2537 3863 2654 3921 hac
2689 3867 2890 3931 omnia.
2914 3867 3068 3936 Quod
3096 3870 3241 3927 enim
3284 3873 3336 3928 in
3382 3875 3543 3932 nubis

1938 3967 2065 4009 aere
2090 3953 2417 4023 continetur,
2448 3970 2558 4012 non
2578 3957 2885 4015 continetur
2911 3959 2967 4015 in
2994 3975 3118 4017 aere
3139 3965 3229 4034 qui
3249 3967 3537 4039 consequi-

1940 4054 2047 4098 tur.
2080 4044 2270 4101 Vidisti
2321 4062 2436 4101 rem
2482 4046 2855 4105 admirabilem
2877 4091 2893 4111 .
2916 4122 2920 4125 γ
2944 4060 2999 4107 ct
3046 4053 3321 4124 quomodo
3345 4097 3361 4119 ,
3396 4058 3541 4129 quod

1937 4138 2151 4193 caeteris
2180 4138 2390 4195 videtur
2418 4154 2540 4196 esse
2584 4141 2796 4206 minus,
2839 4143 2891 4198 id
2917 4159 3053 4199 'cum
3087 4155 3286 4216 posuit,
3331 4146 3460 4206 fecit
3487 4165 3546 4205 ut

1942 4216 2399 4285 sit’adtuirabile?
2429 4230 2634 4287 Deinde
2658 4232 2895 4288 ostendit
2919 4234 3081 4289 etiam
3110 4237 3255 4292 aliud
3302 4237 3541 4296 admira-

1942 4318 2070 4387 bile,
2102 4320 2310 4384 dicens,
2343 4322 2419 4377 Ab
2453 4332 2676 4379 extremo
2710 4334 2891 4393 term,
2920 4325 3042 4395 vel,
3074 4328 3119 4381 Α
3141 4344 3341 4383 sannio
3370 4338 3542 4387 terra.

1939 4410 2057 4468 Non
2106 4414 2281 4471 solum
2319 4414 2465 4470 enim
2493 4414 2812 4483 ascendunt,
2841 4416 2937 4473 sed
2965 4419 3130 4474 etiam
3168 4418 3392 4487 vadunt,
3442 4438 3546 4477 nec

1940 4504 2031 4560 ubi
2076 4513 2475 4578 apparuerunt,
2522 4505 2631 4562 illic
2672 4506 2931 4562 emittunt
2968 4507 3242 4577 pluviam,
3282 4508 3379 4565 sed
3418 4525 3543 4568 cum

1941 4597 2109 4651 multa
2127 4606 2270 4668 saepe
2283 4596 2400 4652 loca
2419 4598 2909 4669 praetercurrerint,
2929 4598 3056 4654 alibi
3079 4599 3280 4656 imbres
3305 4602 3543 4671 pariunt,

1944 4687 2247 4742 civitatibus
2276 4696 2332 4743 et
2356 4686 2607 4759 gentibus
2632 4687 2940 4758 praeteritis.
2987 4687 3107 4745 Non
3152 4699 3396 4764 estergo
3441 4692 3547 4750 hoc

1942 4778 2115 4834 solum
2143 4777 2409 4845 mirabile,
2454 4778 2598 4849 quod
2637 4770 3143 4846 susto'lluntur,sed
3183 4781 3349 4839 etiam
3399 4785 3545 4857 quod

1944 4869 2200 4926 incedunt
2228 4881 2499 4942 tamquam
2529 4871 2581 4925 in
2616 4870 2887 4940 tabulatis,
2910 4870 3147 4929 ferentes
3174 4882 3379 4931 tantam
3425 4892 3552 4933 mm

1944 4961 2049 5017 lem
2078 4977 2359 5030 aquarum.

2017 5056 2071 5112 3.
2106 5055 2243 5110 Mira
2269 5055 2629 5111 elementorum
2650 5057 3019 5127 contrariorum
3050 5058 3261 5126 minio;
3288 5072 3550 5129 ventorum

1944 5149 2252 5213 commoda;
2282 5148 2417 5202 renti
2454 5148 2707 5219 quomodo
2749 5150 2803 5204 in
2842 5150 3111 5207 thesauris.
3139 5183 3214 5199 -—
3240 5150 3474 5227 Fulgura
3500 5158 3552 5210 in

1948 5243 2169 5314 pluviam
2212 5242 2349 5312 fecit.
2384 5241 2518 5297 Vide
2562 5257 2751 5297 rursus
2802 5242 2947 5299 aliud
2994 5244 3280 5311 mirabile,
3309 5246 3554 5305 diversas

1948 5344 2171 5391 naturas
2193 5333 2596 5390 convenientes.
2622 5332 2807 5405 Neque
2851 5335 2997 5391 enim
3039 5334 3252 5408 fulgure
3288 5339 3555 5409 estquid-

1948 5442 2108 5497 quam
2138 5426 2307 5497 magis
2347 5425 2584 5499 igneum,
2625 5442 2801 5498 neque.
2847 5428 3003 5497 aquis
3038 5438 3125 5485 est
3161 5429 3362 5502 aliquid
3408 5431 3523 5502 frigi

1950 5516 2105 5573 dius:
2137 5532 2200 5572 ea
2235 5508 2415 5571 tamen
2459 5516 2767 5580 miscentur,
2802 5533 2902 5574 nec
2922 5517 3346 5586 confunduntur,
3381 5537 3555 5593 neque

1951 5616 2440 5679 contemperautur,
2483 5606 2577 5664 sed
2622 5623 2955 5678 unaquzequc
2992 5622 3277 5668 conservat
3316 5626 3445 5668 suos
3494 5614 3556 5666 tio

2020 5765 2037 5795 ¹
2073 5770 2155 5812 Hm
2177 5775 2343 5817 voces.
2369 5768 2416 5813 et
2437 5761 2749 5817 admirando,
2767 5761 2948 5815 domat
2969 5766 3019 5815 in
3042 5765 3188 5817 Savil.

2019 5826 2095 5885 (α)
2129 5825 2213 5884 (ριιὶ
2236 5826 2331 5874 sint
2354 5822 2405 5873 bi
2426 5825 2729 5887 interpretes
2752 5824 3019 5887 ignoratur.
