4154 6470
742 472 848 527 τοι

734 595 864 638 "nos.
917 584 1128 636 Mitht‘lls
1178 583 1317 634 enim
1366 581 1500 649 ignis
1545 580 1596 632 in
1640 593 1797 647 aqua,
1830 588 1884 631 et
1924 593 2056 647 aqua
2087 577 2139 631 in
2171 578 2312 646 igne,

748 690 921 743 neque
965 674 1049 727 hic
1089 671 1230 725 illam
1260 670 1562 733 exsiccavit,
1607 683 1705 723 nec
1741 669 1825 721 illa
1868 682 1989 722 eum
2036 668 2311 721 exstinxit.

746 764 903 834 Atqui
932 761 1102 832 fulgur
1139 772 1223 817 est
1256 761 1373 831 igne
1406 758 1563 815 solari
1609 758 1832 824 acutius,
1872 767 1926 812 et
1968 756 2313 826 Splendidius,

744 862 798 907 et
836 869 901 908 eo
938 853 1104 923 magis
1138 860 1312 915 secat,
1350 864 1415 904 ac
1443 848 1647 904 dividit.
1686 847 1744 903 Id
1784 855 2005 903 testatur
2035 847 2200 911 visus,
2225 846 2315 914 qui

747 958 871 998 cum
926 942 1085 997 radiis
1134 940 1261 995 solis
1303 938 1513 995 assidue
1554 938 1929 1009 congreditur;
1974 938 2113 991 illius
2140 946 2316 992 autem

745 1035 997 1103 impetum
1027 1046 1093 1087 ne
1121 1031 1379 1087 tantillum
1404 1031 1617 1101 quidem
1640 1029 1783 1087 ferre
1804 1038 1996 1100 potest.
2024 1030 2087 1084 Et
2113 1029 2192 1083 sol
2224 1043 2317 1099 per

743 1134 912 1180 totum
958 1123 1099 1179 diem
1135 1123 1322 1178 calum
1363 1122 1657 1191 percurrit;
1698 1122 1825 1177 illud
1867 1130 2045 1177 autem
2093 1122 2315 1176 minimo

743 1223 1015 1271 momento
1040 1223 1291 1283 temporis
1336 1212 1636 1267 universum
1676 1211 1859 1266 orbem
1889 1218 2082 1266 terr-te:
2123 1224 2313 1281 quem-

738 1302 1026 1359 admodum
1054 1300 1294 1357 Christus
1317 1314 1525 1371 quoque
1551 1306 1775 1354 testatur
1796 1298 1979 1355 dicens
2009 1317 2023 1354 :
2057 1299 2313 1368 Quaad-

743 1397 946 1449 modunt
973 1396 1146 1465 raw
1157 1390 1499 1463 proﬁciscitur
1528 1390 1589 1445 ab
1616 1392 1821 1457 oriente,
1848 1400 1895 1446 et
1918 1401 2128 1463 apparet
2152 1407 2312 1462 usque

745 1486 813 1540 σά
841 1483 1143 1539 occidentem
1168 1481 1379 1555 (lculi.
1408 1482 1498 1538 st.
1528 1482 1641 1554 37).
1674 1481 1776 1550 Qui
1804 1482 2033 1551 ρτοάιάι
2059 1490 2228 1536 oculos
2250 1482 2314 1536 de

743 1576 986 1631 thesauris
1020 1576 1143 1630 suis.
1194 1572 1317 1628 llzec
1363 1582 1446 1630 est
1490 1587 1679 1628 rursus
1721 1572 1821 1627 alia
1858 1580 2059 1626 natura:
2083 1556 2309 1642 species,

737 1682 858 1737 qum
898 1665 1051 1721 nobis
1080 1678 1183 1719 non
1209 1678 1429 1735 parvum
1459 1677 1610 1717 usum
1632 1662 1872 1726 exhibet,
1897 1661 1991 1717 sed
2023 1671 2225 1716 tantum
2254 1670 2311 1715 ut

746 1761 865 1813 vitae
912 1767 1106 1812 nostra:
1133 1754 1433 1826 'plurimum
1472 1752 1732 1819 conferat,
1773 1760 1827 1807 et
1862 1753 2046 1807 labore
2071 1752 2317 1807 confecta

741 1864 963 1918 corpora
990 1856 1196 1903 recreet
1215 1862 1278 1903 ac
1305 1845 1599 1918 refrigeret,
1630 1856 1684 1901 et
1706 1861 1885 1902 aerem
1916 1845 2114 1901 efﬁciat
2139 1847 2307 1901 levio-

742 1954 877 1993 rem.
904 1937 1014 1993 Hoc
1044 1947 1125 1992 est
1147 1937 1288 1993 enim
1315 1951 1505 1992 munus
1524 1944 1823 2001 ventorum,
1852 1950 2027 1991 aerem
2052 1938 2309 1991 suscitare

740 2048 803 2087 ac
831 2032 1103 2098 ventilare,
1143 2046 1231 2097 ne,
1260 2032 1304 2086 si
1332 2031 1401 2084 sit
1432 2030 1734 2093 immobilis,
1765 2042 2155 2101 eormmpatur,
2201 2030 2311 2086 fru-

738 2136 861 2180 etus
891 2133 1172 2188 maturare,
1222 2137 1445 2194 corpora
1487 2123 1710 2179 nutrire.
1748 2121 1882 2191 Quid
1926 2137 2076 2188 vero,
2115 2123 2308 2178 dixerit

738 2214 1019 2286 quispiam,
1045 2228 1172 2269 usus
1192 2228 1378 2270 eorum
1419 2213 1473 2268 in
1506 2212 1857 2283 navigatione,
1907 2222 2140 2282 tempora
2192 2213 2309 2282 qui-

739 2308 837 2362 bus
862 2315 1008 2363 certo
1044 2315 1099 2362 et
1132 2306 1419 2362 constituto
1462 2304 1649 2361 ordine
1686 2305 1949 2369 oriuntur,
1992 2312 2047 2359 et
2080 2304 2178 2358 sibi
2228 2305 2305 2358 in-

740 2409 821 2453 ter
872 2412 932 2453 se
976 2398 1206 2453 vicissim
1246 2396 1463 2463 cedunt,
1503 2397 1557 2451 in
1596 2396 1728 2452 mari
1769 2396 1991 2451 choreas
2030 2395 2305 2461 ducentes,

735 2497 791 2543 et
815 2488 1492 2559 nautas'transportantes?
1529 2486 1624 2541 llic
1659 2486 1802 2543 enim
1854 2486 2177 2551 transmittit,
2222 2487 2308 2542 ille

736 2594 865 2635 vero
909 2578 1124 2649 excipit,
1149 2588 1202 2634 et
1224 2578 1517 2634 contrarias
1536 2578 1649 2631 vias
1689 2577 2056 2647 ingrediuntur
2077 2586 2131 2631 et
2153 2576 2306 2631 mini-

735 2679 929 2735 strant,
958 2680 1014 2725 et
1040 2684 1211 2739 pugna
1236 2683 1420 2726 eorum
1447 2677 1530 2724 est
1550 2682 1735 2723 rursus
1764 2669 1882 2723 vita:
1910 2677 2104 2722 nostra
2139 2666 2300 2723 utilis.

735 2763 853 2819 Alia
898 2763 1173 2818 innumera
1214 2760 1315 2817 dici
1360 2769 1576 2831 possent
1608 2770 1880 2816 ventorum
1909 2774 2146 2815 munera.
2182 2759 2305 2815 llaec

736 2862 910 2907 tamen
933 2852 1111 2907 omnia
1138 2849 1393 2920 propheta
1415 2850 1838 2920 praetermittens,
1864 2858 1918 2906 et
1935 2850 2160 2905 auditori
2190 2849 2305 2919 col-

733 2940 941 3015 ligeada
989 2941 1311 3013 relinquens,
1362 2955 1544 2997 eorum
1586 2940 1941 2997 fabricationis
1995 2942 2299 2999 facilitatem

731 3032 988 3087 ostendit.
1029 3032 1160 3118 Nam
1189 3031 1331 3103 quod
1357 3031 1507 3099 dixit,
1539 3030 1621 3088 Es
1646 3033 1891 3089 thesauris
1912 3032 2035 3102 satis,
2069 3050 2173 3088 non
2204 3033 2306 3089 boc

731 3122 1009 3194 signiﬁcat,
1037 3122 1243 3193 iiquos
1281 3132 1708 3178 esse'ventorum
1736 3122 2038 3189 thesauros,
2065 3122 2162 3179 sed
2189 3123 2306 3193 ejus

733 3216 821 3285 qui
847 3215 1129 3269 constituit
1142 3211 1444 3269 facilitatem
1465 3212 1675 3280 indicat,
1699 3221 1756 3270 et
1781 3229 1937 3284 quam
1967 3214 2036 3268 sit
2061 3223 2303 3269 creatura

736 3316 973 3377 prompta
1010 3314 1063 3361 et
1083 3305 1346 3376 expedita.
1378 3304 1833 3374 Quemadmodum
1858 3306 1999 3361 enim
2026 3306 2118 3377 qui
2144 3305 2308 3363 habet

734 3398 801 3452 in'
818 3396 1066 3453 thesauro
1089 3438 1105 3463 ,
1134 3411 1321 3453 secure
1346 3396 1553 3463 omnia,
1580 3404 1636 3452 et
1658 3396 1869 3468 quando
1896 3398 2027 3462 vult,
2058 3397 2301 3469 profert:

734 3492 805 3545 ita
850 3489 1006 3545 etiam
1044 3488 1277 3543 universi
1319 3485 1505 3557 Opifex
1542 3487 1721 3543 omnia
1760 3487 1914 3543 facile
1952 3488 2208 3555 condidit,
2246 3496 2305 3543 et

736 3591 938 3636 unum:
959 3579 1188 3637 tradidit.
1222 3576 1384 3636 Vides
1409 3590 1603 3651 quanta
1632 3580 1701 3636 sit
1728 3580 1890 3637 etiam
1918 3582 1971 3637 in
1996 3596 2120 3636 aere
2144 3581 2300 3637 dill‘e-

735 3674 925 3740 rentia,
967 3670 1408 3744 Quemadmodum
1460 3680 1584 3727 sunt
1626 3671 1677 3727 in
1716 3687 1851 3743 aqua
1886 3680 1940 3726 et
1970 3672 2090 3742 igne
2119 3672 2299 3728 multa

736 3764 1092 3820 mutationes“?
1116 3764 1384 3833 Aquarum
1428 3762 1568 3818 enim
1610 3762 1726 3819 alia:
1753 3772 1877 3819 sunt
1907 3764 2153 3831 fontium,
2190 3766 2306 3822 alite

738 3872 864 3911 vero
894 3856 1132 3921 marinae,
1151 3855 1271 3909 alia:
1300 3854 1680 3921 autem-aerias,
1698 3854 1814 3908 alia:
1830 3853 2027 3910 suntin
2054 3854 2304 3922 nubibus,

736 3948 856 4002 alim.
885 3945 1275 4000 vero'ctelestcs
1293 3984 1308 4009 ,
1335 3944 1453 3999 aliae
1479 3944 1821 4015 supra‘cte'los
1838 3986 1860 4010 ,
1889 3945 2005 3999 alia:
2033 3945 2306 4001 subterra-

739 4054 873 4094 ηοω.
902 4037 967 4092 Et
993 4038 1043 4091 in
1067 4039 1209 4107 igne,
1241 4037 1327 4091 hic
1349 4034 1561 4107 quidem
1600 4044 1682 4091 est
1712 4036 1762 4090 in
1789 4038 1919 4099 sole.
1962 4037 2052 4092 ille
2093 4053 2218 4092 vero
2253 4039 2303 4092 in

739 4130 882 4195 luna,
925 4129 1062 4183 alius
1105 4128 1155 4182 iu
1196 4127 1386 4192 stellis,
1424 4126 1559 4181 alios
1584 4126 1635 4181 in
1668 4126 1893 4197 fulgure,
1917 4128 2054 4182 alius
2082 4128 2133 4182 in
2156 4143 2303 4189 aere,

739 4219 873 4272 alius
893 4217 981 4287 qui
1024 4216 1080 4271 iit
1115 4232 1179 4271 ex
1210 4215 1386 4286 lignis,
1408 4216 1495 4286 qui
1524 4226 1605 4270 est
1632 4215 1769 4286 apud
1797 4231 1914 4280 nos,
1946 4226 1997 4271 et
2025 4218 2069 4270 is
2095 4218 2184 4287 qui
2226 4226 2308 4271 est

740 4310 791 4363 in
828 4306 1080 4372 lucernis,
1116 4307 1249 4361 alius
1286 4306 1373 4376 qui
1413 4321 1481 4359 ex
1516 4314 1693 4361 terra:
1726 4316 1808 4362 est
1832 4309 1972 4363 enim
1998 4322 2142 4378 smpe
2167 4307 2309 4377 ejus-

737 4396 882 4451 modi
909 4396 1065 4466 ignis,
1096 4397 1186 4468 qui
1205 4410 1237 4451 e
1261 4405 1398 4450 terra
1424 4384 1616 4459 editur,
1646 4398 1782 4453 sicut
1818 4397 1991 4454 fontes
2015 4414 2268 4469 aquarum
2291 4418 2304 4454 :

737 4489 873 4543 alius
895 4488 982 4557 qui
1016 4487 1073 4541 flt
1101 4502 1166 4541 ex
1194 4486 1390 4541 collisis
1420 4486 1694 4557 lapidibus,
1724 4490 1856 4544 alius
1891 4490 1978 4558 qui
2014 4500 2097 4545 est
2133 4492 2184 4544 in
2218 4504 2310 4544 eo-

738 4579 842 4633 mis
885 4578 1161 4643 arborum,
1206 4592 1326 4647 quin
1368 4578 1495 4647 ipsa:
1532 4591 1740 4647 quoque
1782 4576 2137 4635 colliduntur:
2176 4579 2311 4634 alius

743 4680 917 4724 autem
964 4669 1015 4723 in
1052 4667 1378 4723 fulminibus.
1412 4666 1486 4721 Ita
1516 4667 1757 4723 etiamin
1786 4684 1912 4724 aere
1933 4710 1953 4734 ,7
1982 4670 2067 4726 hic
2100 4670 2309 4739 quidem

739 4773 821 4817 est
847 4763 1093 4827 crassior,
1126 4761 1321 4831 quiest
1373 4760 1512 4817 circa
1526 4775 1639 4816 .nos
1661 4803 1676 4826 ,
1702 4761 1805 4817 ille
1843 4777 1971 4817 vero
2024 4762 2263 4817 subtilior
2295 4781 2309 4818 :

738 4854 828 4925 qui
852 4863 1027 4907 autem
1053 4860 1134 4907 est
1156 4852 1420 4922 superior,
1451 4854 1616 4922 magis
1638 4851 2140 4921 igneusNentorum
2176 4868 2313 4923 quo-

735 4960 842 5015 que
881 4952 1005 4998 sunt
1051 4942 1230 4998 multa
1280 4941 1627 4998 diﬂerentim:
1680 4943 1765 4997 hic
1804 4943 2016 5012 quidem
2042 4944 2309 5005 subtilior.

737 5035 824 5089 ille
854 5048 980 5088 vero
1003 5034 1270 5088 crassior:
1300 5032 1435 5087 alius
1473 5032 1729 5101 frigidior,
1757 5032 1897 5088 alius
1924 5033 2147 5089 siccior:
2180 5034 2314 5088 alius

739 5124 1023 5185 humidior.
1045 5127 1178 5181 alius
1204 5124 1442 5180 calidior.
1474 5127 1580 5180 Aer
1594 5128 1770 5179 autem
1794 5133 1848 5181 et
1877 5126 2064 5193 nubes,
2092 5127 2176 5180 hic
2202 5126 2316 5193 qui-

738 5216 861 5272 dem
916 5217 1134 5282 tardior,
1173 5215 1265 5271 illa
1290 5229 1419 5270 vero
1445 5215 1775 5285 progreditur
1801 5215 2057 5282 celerius,
2095 5215 2315 5286 perinde

740 5322 803 5363 ac
830 5308 873 5363 si
902 5317 1045 5364 esset
1067 5322 1249 5378 eques.
1290 5306 1361 5363 lta
1395 5308 1552 5363 etiam
1592 5306 1643 5364 in
1683 5308 1910 5364 nubibus
1936 5317 1990 5363 et
2013 5311 2205 5375 ventis,
2235 5309 2315 5362 hie

742 5401 956 5471 quidem
992 5408 1120 5454 sunt
1157 5397 1528 5455 similes-umis
1548 5408 1615 5455 et
1644 5398 2070 5468 uasisaqnariis,
2099 5407 2159 5453 ut
2194 5413 2313 5469 qua:

745 5489 1027 5560 aliquando
1064 5486 1373 5563 sintplenze
1397 5489 1547 5559 aquis
1568 5530 1584 5555 ,
1622 5488 1907 5559 aliquando
1932 5490 2168 5544 ferantur
2203 5489 2317 5542 ina-

748 5596 875 5636 nes:
902 5581 1019 5635 alia:
1043 5594 1171 5637 vero
1198 5588 1325 5636 sunt
1361 5578 1571 5636 ﬂabello
1588 5580 1818 5636 similes.
1861 5579 1940 5635 'l'u
1977 5589 2153 5635 autem
2201 5579 2317 5634 bzec

749 5684 1036 5747 eorumque
1082 5671 1442 5727 diversitatem
1486 5680 1544 5728 et
1591 5670 1898 5726 varietatem
1947 5670 2313 5735 considerans,

749 5762 1014 5821 admirare
1032 5763 1306 5835 Opiﬁcem.
1329 5762 1381 5820 8.
1411 5762 1512 5831 Qui
1543 5764 1780 5832 percussit
1806 5763 2132 5832 primogenita
2155 5759 2319 5835 Egy-

750 5852 844 5924 prt.
875 5851 1153 5925 Postquam
1176 5852 1316 5909 dixit
1351 5853 1618 5921 gct‘eralia
1640 5893 1655 5919 ,
1679 5862 1735 5908 et
1761 5852 1991 5909 ostendit
2022 5852 2109 5906 Dei
2138 5854 2311 5925 prot'io

1474 467 1540 522 8.
1584 466 1854 521 JOANNIS
1882 463 2363 520 CHRYSOSTtNl
2403 462 2716 518 AitCllli-ZP.
2758 462 3290 520 (ZONSTANTINOP.

3902 470 4011 523 399

2430 576 2659 629 dentiam
2687 577 2737 630 in
2769 577 3070 631 universum
3106 578 3290 632 orbem
3314 587 3497 643 tet-rte,
3531 593 3625 646 per
3652 578 3877 648 fulgura,
3912 601 4011 655 ρετ

2426 678 2633 735 ventos,
2670 682 2767 737 per
2789 681 2991 733 aerem,
3023 683 3117 737 per
3144 669 3332 734 nubes,
3365 686 3457 739 per
3481 671 3705 739 pluvias,
3734 682 3788 727 et
3815 689 4010 728 eorum

2425 772 2591 828 nugas
2608 759 2800 828 arguit,
2822 758 2919 829 qui
2930 759 3114 813 dicunt
3139 756 3522 829 providentiam
3545 776 3713 832 usque
3732 764 3799 818 ad
3822 766 4010 820 lunam

2425 848 2725 919 pertingere
2756 846 2831 921 (α)
2858 866 2871 901 :
2895 849 3101 903 accedit
3140 848 3210 903 ad
3248 850 3551 920 singularia,
3599 867 3789 925 nempe
3829 855 3897 910 ad
3936 871 4011 912 ea

2422 956 2541 1007 qua:
2581 941 2846 1012 sigillatim
2886 943 3233 1013 privatimque
3269 942 3470 999 Iudaeis
3505 944 3642 1000 facta
3670 956 3814 1001 sunt.
3844 947 4007 1015 Quod

2421 1028 2563 1084 enim
2590 1038 2754 1095 terra,
2785 1040 2841 1085 et
2868 1030 3081 1095 calum,
3112 1040 3166 1087 et
3194 1032 3439 1087 universa
3466 1050 3587 1105 qua:
3612 1036 3874 1099 videntur.
3906 1039 4008 1093 Dei

2420 1118 2795 1189 benignitatem
2825 1122 3076 1187 sentiant,
3102 1137 3166 1177 ex
3196 1123 3259 1177 iis
3283 1139 3402 1192 qua:
3422 1124 3562 1180 dicta
3592 1136 3716 1181 sunt
3743 1129 4006 1183 ostendit:

2418 1219 2675 1265 utautem
2719 1211 2939 1266 memori
2981 1220 3037 1267 et
3075 1224 3228 1282 grato
3267 1215 3447 1269 animo
3485 1213 3699 1271 Judaos
3738 1219 4003 1285 eﬂlceret,

2418 1308 2601 1354 narrat
2664 1300 2823 1355 etiam
2881 1302 3198 1372 singularia,
3266 1305 3555 1360 ostendens
3626 1309 4003 1365 adversorum

2417 1389 2611 1457 Deum,
2641 1399 2697 1445 et
2723 1392 2811 1461 qui
2842 1393 3075 1446 omnium
3101 1406 3284 1448 curam
3309 1395 3465 1464 gerit,
3493 1397 3572 1451 eis
3600 1398 3839 1466 quadam
3868 1418 4004 1470 pro-

2416 1478 2529 1549 pria
2556 1478 2805 1536 beneﬁcia
2836 1480 3075 1552 largitum
3102 1496 3240 1537 esse.
3283 1483 3613 1555 Quamquam
3642 1504 3761 1559 qure
3793 1490 3843 1543 in
3874 1490 4004 1546 illos

2415 1584 2627 1641 quoque
2670 1570 2898 1639 ﬂebant,
2941 1582 3093 1627 erant
3136 1588 3321 1628 rursus
3361 1577 3647 1645 generalia.
3692 1580 3843 1647 Quod
3894 1583 4000 1649 ipsi

2415 1660 2557 1715 enim
2589 1660 2743 1717 electi
2768 1672 2949 1717 essent
2974 1677 3038 1716 ex
3066 1663 3219 1727 aliis,
3252 1663 3303 1717 id
3330 1663 3557 1720 faciebat
3584 1676 3640 1721 ut
3677 1668 3793 1723 illos
3827 1687 4004 1725 temu-

2416 1751 2686 1806 larentur:
2718 1753 2859 1823 quod
2885 1753 3079 1811 Paulus
3102 1770 3313 1826 quoque
3334 1757 3657 1827 signiﬁcans,
3688 1760 3813 1815 dicit
3842 1780 3857 1815 :
3882 1762 3999 1817 Eo-

2414 1856 2525 1894 rum
2564 1840 2745 1895 delicto
2781 1842 2917 1896 salus
2943 1842 3189 1912 gentibus,
3223 1854 3278 1899 ut
3304 1849 3811 1921 sarcinulam!
3836 1851 3994 1907 Rom.

2416 1930 2505 1995 Η,
2539 1931 2599 1986 Η
2632 1930 2676 2000 ).
2717 1931 3171 1998 Quemadmodum
3197 1936 3339 1991 enim
3369 1948 3537 2007 pater,
3570 1954 3689 1993 eum
3716 1940 3807 1995 lilii
3833 1946 3904 1997 ab
3928 1960 3999 1997 eo

2413 2021 2700 2076 abscedunt
2717 2062 2733 2087 ,
2780 2037 2943 2077 unum
2972 2038 3039 2078 ex
3064 2024 3141 2080 eis
3167 2026 3333 2080 sumit
3359 2038 3413 2081 et
3439 2029 3716 2085 considere
3740 2031 3870 2086 facit
3895 2048 3959 2086 sn
3976 2066 3994 2075 -

2414 2125 2506 2180 pra
2530 2126 2622 2166 sua
2655 2127 2863 2183 genua:
2895 2129 2999 2169 non
3032 2116 3131 2169 hoc
3164 2126 3340 2172 autem
3378 2118 3512 2174 facit
3546 2132 3771 2191 propter
3810 2125 3993 2189 illum,

2412 2201 2505 2256 sed
2532 2203 2698 2257 multo
2727 2205 2891 2275 magis
2940 2214 3156 2275 propter
3203 2207 3368 2271 alios,
3405 2220 3463 2263 ut
3488 2226 3554 2265 eo
3575 2213 3774 2269 honore
3797 2219 3993 2286 perciti

2412 2290 2479 2347 ad
2508 2302 2708 2362 patrem
2729 2304 3025 2359 accurrunt,
3059 2297 3301 2353 eamdem
3336 2299 3711 2371 indulgentiam
3736 2308 3945 2359 sensuri
3974 2328 3992 2362 :

2412 2384 2482 2437 ita
2509 2384 2666 2438 etiam
2700 2387 2837 2439 Deus
2858 2387 2987 2442 fecit
3013 2386 3229 2442 Judzeis.
3257 2389 3355 2445 Eis
3379 2392 3520 2446 enim
3560 2408 3665 2447 non
3706 2410 3870 2464 super
3898 2411 3997 2466 ge-

2414 2487 2539 2540 nua,
2593 2474 2685 2528 sed
2732 2490 2890 2545 super
2932 2476 3169 2539 brachia,
3199 2488 3257 2533 ut
3286 2480 3413 2535 dicit
3448 2484 3723 2552 propheta,
3747 2494 3800 2538 et
3824 2500 3996 2557 super

2411 2562 2625 2619 dorsum
2661 2568 2943 2636 assumptis
2970 2568 2989 2636 (
3018 2567 3152 2623 Osee
3183 2570 3265 2625 tt.
3293 2570 3327 2625 5
3357 2571 3398 2637 ),
3424 2586 3543 2639 quae
3566 2576 3794 2628 sunteis
3819 2590 3993 2644 expe-

2412 2655 2569 2711 tenda
2616 2655 2856 2727 largitur,
2893 2660 3163 2731 templum,
3207 2661 3489 2726 sacriﬁcia,
3521 2672 3574 2717 et
3606 2680 3723 2732 qua:
3750 2667 3995 2721 maxime

2408 2759 2489 2801 ac-
2518 2760 2639 2803 cum
2684 2748 2885 2818 majore
2929 2764 3054 2804 cura
3102 2752 3429 2821 querellam,
3478 2754 3530 2807 in
3578 2753 3717 2808 bello
3764 2756 3990 2821 auxilia,

2409 2840 2675 2906 victorias,
2699 2850 2916 2911 tropea,
2946 2857 3121 2896 rerum
3147 2851 3477 2899 terrenarum
3517 2846 3745 2917 Copinm,
3783 2857 3837 2901 et
3877 2847 3995 2902 fru-

2408 2941 2589 2989 ctuum
2618 2933 2935 2989 fertilitatem
2966 2934 3137 3004 (Deut.
3170 2934 3241 2990 32
3292 2935 3380 2995 Il)
3407 2976 3423 3001 .
3466 2938 3544 2993 eis
3570 2936 3690 2991 illos
3717 2938 3994 2994 instruens

2409 3033 2465 3079 et
2489 3025 2783 3089 adornans,
2811 3034 2863 3079 ct
2890 3025 3023 3079 alios
3050 3025 3114 3079 ad
3145 3025 3532 3082 mulationem
3562 3027 3848 3083 adducens.
3876 3028 3993 3085 Sed

2410 3115 2660 3185 quoniam
2689 3115 2897 3170 evasuri
2923 3125 3074 3170 erant
3100 3116 3348 3187 improbi,
3379 3118 3423 3171 si
3449 3118 3529 3172 cis
3542 3128 3807 3187 perpetuo
3834 3120 3995 3174 blan—

2408 3206 2632 3270 diretur,
2657 3207 2801 3275 ipsos
2819 3222 3029 3277 quoque
3050 3223 3144 3277 per
3161 3208 3419 3277 supplicia
3445 3210 3772 3264 moderatur.
3796 3210 3989 3281 Magna

2407 3305 2489 3352 est
2514 3297 2654 3352 enim
2686 3296 2778 3351 Dei
2806 3296 3060 3367 sapientia
3080 3337 3099 3365 ,
3143 3308 3198 3352 et
3219 3298 3271 3352 in
3297 3298 3459 3354 rebus
3502 3297 3823 3354 difﬁcillimis
3844 3301 3991 3355 viam

2408 3387 2712 3457 exitumque
2738 3386 2961 3442 invenit.

2483 3478 2537 3532 4.
2572 3476 2901 3532 Providentia
2923 3476 3019 3531 Dei
3042 3477 3110 3531 ad
3129 3477 3297 3531 omnia
3311 3479 3557 3549 pertinet.
3576 3477 3779 3534 ~—’V’tde
3799 3489 3992 3535 autem

2408 3566 2680 3639 propheta:
2718 3568 3071 3638 prudentiam,
3101 3568 3190 3637 qui
3229 3582 3258 3621 a
3286 3568 3623 3637 generalibus
3648 3568 3713 3623 ad
3744 3573 3854 3624 lucc
3883 3570 3992 3625 de-

2407 3663 2558 3719 duxit
2585 3665 2880 3718 orationem
2910 3679 2924 3717 :
2974 3678 3043 3717 ne
3085 3663 3206 3732 quis
3242 3662 3384 3717 enim
3430 3662 3621 3716 stultus
3652 3663 3993 3718 existimaret

2414 3756 2506 3812 Dei
2536 3754 3145 3827 providentiamﬂcrsari
3172 3755 3223 3807 in
3246 3753 3600 3823 singularibus
3616 3794 3631 3819 ,
3655 3752 3865 3823 quando
3897 3770 3995 3808 ve-

2410 3850 2489 3904 nit
2534 3847 2599 3902 ad
2643 3847 2925 3919 generalia,
2952 3854 3082 3900 tunc
3128 3844 3241 3898 lure
3280 3858 3492 3914 quoque
3519 3844 3726 3914 attingit
3751 3842 3942 3899 dicens
3975 3864 3991 3899 :

2414 3941 2515 4008 Qui
2544 3922 2787 4009 percussit
2826 3938 3154 4008 primogenita
3183 3934 3418 4008 Egypti.
3466 3936 3659 3990 Annon
3698 3936 3849 3990 vobis
3908 3938 3995 3990 t'i-

2408 4031 2603 4086 dentur
2651 4030 2765 4085 iure
2814 4030 2980 4099 magis
3014 4026 3161 4082 tcta
3199 4041 3318 4081 esse
3365 4035 3583 4095 prepter
3626 4024 3884 4081 indures?
3933 4028 3992 4081 Si

2412 4123 2567 4193 igitur
2581 4121 2885 4183 ostendero,
2916 4119 3032 4175 inec
3052 4133 3262 4190 quoque
3286 4120 3418 4172 tacta
3442 4133 3561 4173 esse
3592 4124 3806 4187 propter
3827 4118 3991 4184 alios,

2410 4214 2534 4285 quid
2564 4214 2742 4270 dicent
2769 4215 2805 4269 ii
2834 4210 3195 4285 quicﬂutiunt
3223 4214 3314 4269 Dei
3349 4214 3728 4285 providentiam
3769 4213 3833 4267 ad
3872 4215 3994 4267 uni-

2413 4321 2564 4362 versa
2606 4308 2824 4362 minime
2855 4308 3122 4377 pertinere
3148 4308 3170 4359 ἲ
3210 4306 3491 4372 Quomodo
3528 4320 3655 4375 ergo
3681 4314 3856 4375 potest
3888 4306 3994 4359 hoc

2412 4398 2655 4453 ostendi?
2682 4396 2841 4453 Certe
2864 4398 3056 4453 suilicit
3082 4413 3109 4450 a
3142 4398 3250 4453 Deo
3273 4398 3545 4453 enuntiata
3570 4399 3831 4453 sententia
3871 4414 3995 4467 qun:

2416 4488 2517 4544 ltoc
2554 4488 2833 4560 signiﬁcat,
2862 4498 2917 4543 et
2964 4488 3130 4544 dicit:
3168 4488 3243 4543 ἰη
3282 4489 3540 4542 ostendam
3564 4488 3689 4542 inte
3717 4490 3994 4557 potentiam

2416 4595 2599 4643 meam,
2628 4590 2675 4634 et
2700 4588 2753 4632 ut
2785 4580 3110 4634 annuntietttr
3135 4595 3313 4632 nomen
3343 4596 3506 4632 meum
3531 4579 3582 4632 iu
3605 4581 3833 4633 uniuersa
3853 4588 3996 4632 terra

2416 4673 2607 4747 (Exod.
2652 4673 2705 4729 9.
2754 4672 2857 4736 {6;
2896 4671 3048 4726 fiant.
3077 4671 3143 4726 '9.
3172 4672 3281 4738 ΓΙ).
3338 4670 3525 4725 Vidisti
3577 4681 3799 4724 mortem
3847 4670 3995 4723 illam

2417 4766 2578 4821 fuisse
2605 4765 2935 4834 evangelium
2957 4805 2972 4828 ,
3004 4771 3057 4818 et
3092 4763 3297 4832 plagam
3327 4762 3466 4815 illam
3503 4762 3754 4816 divinitus
3786 4762 3998 4814 immis-

2417 4869 2529 4909 sam
2569 4854 2731 4909 fuisse
2762 4853 3213 4924 praedicationem,
3239 4861 3295 4906 ut
3322 4866 3438 4920 qua
3464 4852 3657 4921 ubique
3682 4850 3999 4920 pervaderet

2418 4954 2474 4999 et
2526 4944 2613 4998 Dei
2667 4944 2954 5013 potentiam
3006 4943 3361 5012 praedicaret?
3410 4942 3651 4997 Universi
3692 4956 3816 5011 ergo
3845 4941 4001 4998 orbis

2420 5036 2679 5090 teri-arum
2705 5048 2889 5090 curam
2916 5034 3072 5104 gerit,
3113 5034 3274 5088 etiam
3312 5033 3526 5103 quando
3566 5049 3654 5090 res
3688 5032 3995 5089 iudtcorum

2419 5127 2770 5181 administrat.
2803 5125 2961 5197 Atqui
3000 5126 3290 5196 potentiam
3334 5140 3483 5181 suam
3512 5126 3639 5181 olim
3669 5142 3878 5197 quoque
3907 5127 4001 5183 de-

2420 5221 2669 5285 claravit,
2717 5230 2773 5275 ut
2814 5218 3112 5289 inioseplt,
3162 5228 3220 5273 ut
3268 5220 3321 5273 in
3374 5219 3663 5286 Abraham,
3716 5219 3809 5274 sed
3857 5234 4003 5275 nunc

2422 5320 2597 5366 tamen
2633 5311 2887 5380 apertius.
2913 5308 3229 5378 Quomodo?
3265 5309 3416 5364 Tunc
3438 5308 3651 5379 quidem
3683 5324 3775 5379 per
3799 5308 4006 5363 benen-

2420 5402 2595 5457 cintn:
2629 5416 2768 5456 nunc
2803 5408 2979 5455 autem
3025 5414 3119 5470 per
3163 5400 3407 5470 plagam:
3453 5413 3555 5455 nec
3597 5399 3917 5464 intermitttt,
3955 5408 4014 5450 ut

2417 5491 2527 5562 jam
2564 5483 2709 5561 stupe
2748 5488 2890 5555 dixi,
2920 5490 3133 5549 assidue
3153 5498 3208 5544 et
3236 5490 3289 5544 in
3318 5503 3632 5559 unaquaque
3657 5488 4005 5559 generatione

2422 5582 2655 5652 seipsum
2679 5581 2983 5646 ostendere,
3004 5590 3061 5637 et
3082 5597 3178 5652 per
3198 5595 3360 5652 opera
3388 5580 3726 5636 manifestum
3750 5578 4003 5636 reddere.

2422 5674 2538 5731 Non
2569 5675 2618 5729 id
2643 5684 2821 5731 autem
2846 5689 3061 5745 semper
3080 5673 3203 5731 facit
3230 5672 3420 5730 eodem
3448 5672 3630 5740 modo,
3657 5671 3752 5727 sed
3780 5672 3929 5728 varie
3954 5686 4006 5728 et

2424 5789 2797 5907 Πιέῃὶῗὲῗᾶ
2811 5802 2874 5842 eo
2898 5788 3126 5848 stultitia
3166 5796 3423 5849 venerant,
3459 5796 3515 5839 ut
3538 5785 3662 5838 talea
3692 5797 3847 5850 nugas
3875 5798 4003 5837 eont-
