4218 6448
211 522 453 584 diversis
494 518 708 584 modis;
749 525 876 572 tunc
909 511 1130 585 quidem
1175 521 1270 579 per
1304 516 1530 561 uxorem
1555 493 1811 562 Abrahae,

213 615 509 675 sterilitate
543 610 689 668 illam
717 606 968 677 afﬂigens
993 613 1016 670 ξ
1041 604 1228 675 postea
1258 603 1443 653 autem
1470 605 1569 663 per
1596 586 1816 652 famem,

213 705 423 764 deinde
443 718 543 777 per
572 697 986 769 rerum'copism
1010 709 1031 761 ;
1055 699 1178 766 post
1202 690 1320 746 haec
1347 698 1485 742 vero
1502 698 1611 777 per
1639 680 1823 777 plagas

214 772 707 868 frequentissimas.
735 790 999 860 Quoniam
1034 799 1165 857 ergo
1200 774 1632 840 candet-nabant
1653 772 1821 868 Deum

217 860 631 951 iuxbeeiuitatis,
663 881 765 953 ipsi
786 887 844 936 et
871 874 1257 950 primogenitos
1282 868 1615 931 occiderunt,
1638 870 1695 920 et
1714 860 1822 918 ﬂu-

217 980 377 1035 vium
399 981 779 1033 amurum:
806 984 874 1027 eo
896 968 1013 1037 ipso
1033 973 1276 1036 tempore
1299 960 1445 1016 vires
1462 967 1677 1030 quoque
1697 965 1825 1045 suas

216 1069 310 1126 eis
340 1064 578 1123 ostendit
606 1077 712 1135 per
742 1059 987 1132 quadam
1012 1052 1176 1128 paulo
1196 1044 1534 1108 obscuriora.
1557 1043 1828 1103 Obsistri-

219 1174 329 1219 εει
369 1136 514 1216 enim
538 1153 934 1227 Egyptiorum,
976 1164 1098 1207 cum
1136 1143 1375 1202 crudelia
1400 1141 1487 1198 illa
1512 1139 1662 1212 jusss
1687 1152 1825 1194 con-

222 1248 603 1321 scripsissent,
629 1255 688 1302 et
740 1256 946 1299 szevum
991 1238 1134 1310 regis
1194 1232 1467 1291 decretum
1500 1229 1825 1321 ,elusisseot,

222 1317 429 1413 magna
458 1351 636 1396 rerum
662 1328 816 1406 copia
841 1322 1056 1388 donata
1080 1336 1227 1389 sunt.
1249 1324 1486 1395 Utraque
1505 1329 1687 1413 autem
1709 1317 1829 1374 bes

222 1412 392 1493 cant
412 1430 507 1489 Dei
534 1425 883 1500 providentia
899 1463 917 1491 ,
945 1420 1152 1486 scilicet
1176 1414 1321 1490 quod
1348 1412 1687 1473 etmulieres
1710 1424 1828 1465 ma-

223 1525 409 1600 jorem
460 1521 709 1577 virtutem
756 1510 1113 1579 ostenderint,
1155 1506 1403 1600 quamAii
1446 1512 1677 1578 quarum
1712 1510 1830 1600 erat

227 1596 405 1686 caput
427 1611 731 1670 redimitum
759 1605 1063 1665 diademate
1086 1621 1103 1660 :
1128 1610 1187 1659 et
1205 1597 1349 1672 quod
1375 1612 1469 1654 eas
1486 1596 1829 1653 remunerata

230 1708 339 1772 sit,
382 1714 437 1761 et
475 1705 530 1761 in
569 1715 815 1774 magnam
856 1695 1269 1756 multitudinem
1298 1706 1395 1750 eas
1435 1686 1828 1772 propagaverit.

231 1796 377 1857 Illud
405 1796 571 1861 enim,
600 1791 857 1865 Bmfecit
883 1782 1227 1847 obstetricibus
1254 1781 1454 1860 (had.
1484 1784 1537 1838 t.
1563 1779 1659 1853 90)
1678 1819 1697 1846 ,
1727 1779 1834 1834 hoc

229 1896 350 1956 est,
379 1887 611 1943 Esteusa
637 1892 723 1942 est
744 1896 932 1941 eamm
955 1879 1205 1952 cognatio
1233 1894 1250 1934 :
1277 1876 1475 1934 etenim
1504 1888 1601 1945 per
1626 1888 1691 1951 ea
1716 1872 1833 1947 ipsa

233 1978 528 2047 besielicia,
552 1975 674 2049 quas
707 1974 764 2031 in
802 1971 1018 2031 Judazos
1059 1964 1421 2049 contulerunt,
1466 1964 1771 2023 mercedem
1800 1978 1832 2018 a

235 2070 361 2129 Deo
378 2057 717 2140 acceperunt.
734 2064 999 2143 Quoniam
1024 2076 1154 2136 ergo
1178 2075 1289 2141 non
1311 2058 1625 2138 occidebant
1644 2069 1835 2141 eorum

237 2161 498 2223 instamus.
551 2170 892 2216 numerosam
940 2155 1151 2229 prolem
1183 2154 1266 2211 eis
1304 2152 1447 2210 Deus
1478 2150 1703 2222 largitus
1729 2157 1834 2205 est.

239 2251 358 2311 Sed
382 2250 629 2321 quoniam
656 2247 949 2321 pergebant
987 2261 1113 2305 esse
1149 2243 1374 2318 stupidi,
1408 2255 1465 2300 ει
1502 2241 1650 2297 omni
1674 2255 1841 2298 sensu

243 2349 462 2421 privati,
486 2346 747 2402 acriorem
771 2342 853 2401 eis
884 2342 1095 2414 plagam
1118 2337 1359 2417 inflixit:
1396 2346 1454 2394 et
1494 2336 1683 2393 didicit
1718 2336 1840 2407 qui-

242 2440 374 2497 dem
404 2436 688 2493 universus
710 2432 860 2490 orbis
888 2442 1068 2495 terra,
1108 2428 1415 2487 didicerunt
1450 2435 1632 2500 autem
1674 2425 1838 2492 etiam

244 2514 528 2607 5mm:
566 2529 663 2584 sed
705 2527 783 2583 nn
819 2512 1037 2599 quidem
1064 2539 1131 2581 ex
1159 2510 1367 2592 auditu,
1397 2521 1461 2604 ιιι
1482 2512 1661 2578 autem
1691 2514 1746 2576 in
1774 2519 1841 2576 iis

245 2623 410 2682 malis
442 2636 561 2693 qua:
588 2617 825 2690 sibiipsis
851 2624 1167 2686 evenerrmt,
1210 2621 1268 2671 et
1303 2615 1443 2682 visu,
1472 2622 1528 2669 et
1559 2611 1840 2682 rei'expe-

248 2712 443 2772 riemis
496 2710 591 2767 Dei
640 2716 965 2781 potestatem
1005 2704 1277 2763 viderunt.
1328 2702 1544 2759 Etenim
1589 2700 1715 2758 ideo
1761 2700 1844 2756 eis

226 2803 521 2878 praedixit,
569 2816 655 2857 ne:
677 2799 953 2856 videretur
994 2796 1117 2855 esse
1163 2797 1317 2869 plaga
1357 2795 1597 2867 vulgaris
1628 2793 1842 2862 mortis,

249 2910 377 2966 qua
404 2892 622 2949 fortuito
648 2891 828 2963 aliquo
854 2904 983 2947 casu
1022 2888 1312 2946 evenisset.
1340 2886 1497 2958 Quod
1537 2887 1718 2958 itaque
1739 2885 1844 2941 ali—

250 2986 379 3043 cubi
404 2984 605 3042 dictum
631 2992 715 3040 est
740 2982 809 3039 de
833 2981 1144 3049 Scrutare,
1171 2979 1279 3037 hoc
1303 2979 1391 3036 hic
1422 2992 1639 3051 quoque
1663 2977 1845 3034 dicere

255 3091 561 3149 possumus.
585 3072 895 3149 Qudnam?
927 3070 1206 3128 Dominam
1241 3071 1297 3125 in
1332 3071 1498 3129 medio
1524 3069 1848 3126 inimicorum

244 3166 634 3242 ,tttsrnnt(Psal.
654 3164 778 3223 509.
790 3164 870 3234 2).
887 3163 1004 3221 Non
1018 3162 1162 3222 etiim
1178 3162 1259 3220 eis
1281 3162 1335 3218 in
1349 3160 1691 3228 solitudinem
1711 3159 1847 3217 edu-

257 3261 384 3328 ctis,
409 3274 509 3315 nec
537 3258 592 3315 in
618 3258 797 3328 aliquo
821 3256 930 3313 alio
955 3254 1097 3321 loco,
1133 3253 1229 3311 sed
1269 3252 1324 3308 in
1352 3253 1467 3324 ipsa
1490 3252 1709 3310 civitate
1736 3253 1848 3323 pla-

252 3364 377 3422 gam
403 3348 603 3406 intulit.
631 3347 763 3404 Vide
784 3356 966 3403 autem
991 3346 1052 3402 in
1086 3345 1199 3417 ipsa
1228 3345 1388 3417 etiam
1415 3347 1569 3416 plaga
1603 3345 1848 3402 clemen-

258 3438 596 3512 tism.(‘apit
617 3440 761 3496 enim
791 3439 940 3512 prius
962 3452 993 3492 a
1021 3438 1327 3510 pecoribus,
1351 3444 1409 3493 ct
1436 3447 1563 3494 tunc
1585 3436 1652 3492 ad
1686 3437 1850 3492 homi-

256 3547 356 3591 nes
400 3531 682 3603 processit.
705 3529 837 3598 Quis
873 3543 1004 3601 ergo
1043 3543 1151 3585 non
1192 3527 1489 3586 admiretur
1529 3529 1845 3600 potentiam,

258 3622 530 3700 quomodo
573 3622 752 3679 omnia
800 3623 854 3679 in
901 3638 1011 3678 uno
1058 3622 1318 3693 temporis
1366 3630 1639 3678 momento
1690 3620 1847 3677 simul

259 3714 457 3781 attulit,
474 3712 858 3785 indulgentiam
890 3714 1038 3780 item,
1063 3721 1120 3768 et
1145 3713 1461 3784 sapientiam
1489 3711 1850 3787 ineti‘abilem?

240 3806 444 3879 'Neque
470 3804 614 3862 enim
638 3803 778 3861 banc
806 3804 1033 3875 primum
1057 3802 1265 3875 plagam
1292 3802 1505 3871 inﬂixit,
1535 3817 1632 3859 cos
1657 3803 1851 3860 volens

261 3914 356 3970 per
380 3898 514 3954 alias
537 3898 830 3973 corrigere.
870 3882 970 3953 nec
992 3895 1208 3968 quando
1228 3895 1439 3963 inflixit,
1467 3910 1573 3950 non
1600 3911 1853 3968 praenun-

264 3993 447 4048 tiatam
468 3989 679 4047 inﬂixit.
699 3987 1097 4059 Quamobrem?
1121 3987 1191 4045 Ut
1215 4003 1309 4045 cos
1333 3987 1514 4044 verbis
1538 3989 1849 4060 castigaret,

262 4094 319 4141 et
342 4098 412 4140 ne
435 4081 751 4143 devenirent
770 4079 839 4137 ad
868 4094 1047 4136 rerum
1077 4078 1462 4155 experientiam
1495 4096 1510 4132 :
1539 4094 1640 4135 nec
1665 4094 1853 4135 rursus

260 4174 514 4248 quoniam
534 4187 643 4229 non
658 4170 886 4230 correcti
910 4169 1149 4237 fuerunt,
1178 4169 1423 4248 permisit
1441 4178 1502 4224 ut
1528 4179 1672 4227 esset
1699 4170 1851 4243 plaga

262 4245 440 4323 dubia.
460 4263 541 4321 Ne
557 4263 677 4336 quis
700 4263 843 4323 enim
866 4245 1198 4319 existimaret
1220 4260 1441 4316 fortuito
1464 4269 1560 4316 aut
1578 4260 1847 4329 morbum,

264 4367 358 4414 aut
382 4366 589 4429 pestem
619 4355 873 4412 incidisse
890 4395 908 4423 ,
927 4347 1061 4411 'vide
1086 4360 1220 4425 quot
1239 4368 1331 4410 res
1354 4363 1697 4410 concurrant.
1728 4353 1852 4409 Pri-

263 4465 411 4508 mum
449 4463 637 4505 omnes
673 4448 726 4504 in
757 4462 861 4504 una
890 4455 1069 4503 nocte.
1099 4446 1351 4504 Secundo
1374 4448 1555 4504 omnia
1581 4431 1851 4519 primoge-

267 4542 398 4600 nita.
419 4540 475 4598 Si
496 4540 638 4597 enim
660 4538 849 4597 fuisset
876 4539 1061 4615 pestis,
1092 4553 1198 4593 non
1224 4538 1337 4593 sola
1364 4540 1626 4610 tetigisset
1653 4539 1855 4609 primo-

260 4634 461 4705 genita,
492 4632 742 4699 secundis
778 4643 909 4685 vero
950 4626 1319 4703 pepercisset:
1361 4628 1459 4685 sed
1489 4644 1679 4686 omnes
1718 4630 1851 4685 citra

264 4721 431 4777 ullum
459 4721 747 4777 discrimen
778 4718 1120 4791 pervasisset.
1136 4717 1341 4787 Tertio,
1370 4718 1417 4773 si
1447 4718 1633 4776 fuisset
1662 4718 1849 4790 pestis,

264 4826 374 4867 non
395 4810 740 4866 abstinuth
764 4802 986 4866 omnino
1004 4823 1039 4871 a
1060 4808 1283 4877 Judmis,
1306 4824 1408 4865 nec
1426 4809 1572 4866 solos
1590 4810 1855 4881 tetigisset

261 4900 567 4976 Egyptios,
596 4900 692 4957 sed
715 4916 782 4958 ea
806 4901 978 4973 multo
1021 4901 1199 4975 magis
1232 4915 1459 4972 corpora
1498 4899 1846 4979 confecisset,

261 5008 386 5066 qua
415 4991 595 5048 labore
619 5000 677 5048 et
708 4992 944 5058 miseria,
976 5000 1030 5049 et
1057 4998 1138 5047 tot
1161 5000 1217 5048 et
1244 4991 1406 5047 tantis
1429 4990 1586 5047 malis
1609 4989 1853 5048 confecta

262 5085 497 5150 fuerant,
540 5098 662 5155 qua
706 5079 1021 5154 paupertate
1061 5092 1119 5139 et
1156 5081 1300 5138 fame
1340 5081 1664 5155 jampridem
1714 5081 1854 5138 adeo

261 5174 521 5231 exhausta
556 5183 751 5231 erant:
784 5162 893 5230 non
916 5189 1123 5246 regum
1150 5182 1207 5231 et
1242 5188 1429 5230 eorum
1456 5174 1547 5245 qui
1571 5183 1726 5231 erant
1752 5190 1853 5231 au-

264 5269 512 5323 ctoritate
537 5277 592 5323 et
620 5265 877 5337 dignitate
902 5265 1136 5339 prarditi,
1162 5266 1257 5335 .qni
1286 5265 1455 5321 libere
1478 5266 1535 5321 et
1558 5280 1749 5322 secure
1776 5268 1856 5322 vi-

268 5358 483 5421 vebant,
524 5355 717 5429 quibus
760 5357 938 5414 omnia
989 5371 1110 5428 quae
1156 5356 1224 5412 ad
1270 5357 1472 5413 cultum
1500 5366 1555 5413 et
1591 5356 1660 5412 ad
1692 5341 1854 5413 vitam

266 5448 533 5519 pertinent
574 5446 787 5505 abunde
826 5449 1200 5518 suppetebant.
1231 5446 1291 5505 Si
1318 5446 1508 5505 fuisset
1528 5446 1718 5519 pestis,
1746 5462 1854 5505 non

268 5550 489 5612 repente
538 5540 796 5606 venisset,
838 5539 934 5597 sed
981 5549 1264 5611 antequam
1310 5540 1617 5612 ingruisset,
1651 5541 1854 5611 praevia

271 5631 530 5690 adventus
551 5632 699 5701 signa
723 5623 975 5686 dedisset.
1000 5628 1154 5685 Nunc
1177 5626 1354 5685 autem
1377 5629 1496 5686 haec
1520 5630 1677 5685 simul
1701 5629 1853 5696 lium,

252 5734 329 5781 ut
353 5722 722 5797 Egyptiorum
749 5731 1001 5793 arguatur
1025 5720 1269 5776 vecordia
1306 5720 1541 5777 :etenlm
1572 5730 1690 5791 post
1721 5720 1858 5789 hanc

280 5816 475 5887 plagam
517 5820 571 5870 et
612 5816 893 5883 postquam
929 5820 1115 5883 aperte
1156 5810 1469 5868 didicissent
1493 5826 1611 5867 esse
1640 5814 1844 5885 plagam

1359 381 1727 447 IXPOSITIO
1764 377 1831 436 IN
1867 374 2198 435 PSALUUII
2225 372 2523 431 CXXXIV.

3420 361 3524 417 δεδι

1923 489 2180 549 divinitus
2227 489 2925 567 inimissam,_porseqnuti
2979 492 3108 542 sunt
3161 479 3383 542 Iudaeas
3434 480 3527 550 qui

1921 590 2284 649 recesserant,
2300 575 2444 652 quod
2474 588 2557 636 est
2581 578 2795 651 signum
2835 576 3092 634 maxima:
3111 590 3302 634 eorum
3329 590 3526 633 vecor-

1924 671 2029 728 dia
2052 680 2111 729 et
2140 671 2241 728 Dei
2266 670 2497 749 maxime
2525 667 2791 726 defensio.
2807 667 3074 739 Quoniam
3098 666 3241 732 enim
3268 673 3436 726 erant
3453 666 3529 723 si-

1923 770 2353 836 gnacessaturs,
2385 776 2449 818 ea
2475 759 2741 833 ejusmodi
2768 759 2907 832 signi
2932 760 3086 825 exitu
3105 758 3532 830 conclusit,.qun

1926 871 1992 913 ea
2033 869 2157 926 qua
2184 862 2312 909 ante
2339 852 2478 910 facta
2508 861 2636 909 sunt
2657 851 2903 910 defendit
2923 839 3067 923 apud
3104 867 3200 909 eos
3226 853 3316 923 qui
3344 853 3532 909 roinnt

1925 943 2230 1003 attendere.
2275 940 2358 1001 Ne
2407 944 2530 1016 quis
2582 944 2726 1001 enim
2783 944 3028 1010 diceret,
3075 940 3189 999 Cur
3240 945 3538 1015 puniuntur

1928 1051 2141 1105 omnes,
2178 1050 2303 1093 cum
2328 1051 2423 1107 rex
2448 1034 2669 1093 ludens
2694 1032 2998 1101 detineret,
3023 1044 3079 1091 et
3105 1043 3358 1106 ροωιηι
3388 1052 3405 1093 ε
3440 1051 3541 1104 μ...

1900 1124 1901 1127 “
1932 1131 2035 1187 hoc
2060 1126 2306 1186 ultimum
2332 1128 2494 1185 solvit
2518 1127 2658 1184 bane
2684 1125 3100 1183 dubitationem.
3125 1125 3539 1197 Quomodo-per

1931 1222 2212 1280 ultimum?
2234 1220 2499 1291 Quoniam
2530 1216 2745 1292 quando
2773 1232 3029 1291 percussa
3057 1229 3184 1274 sunt
3208 1232 3397 1275 eorum
3420 1219 3539 1289 pri-

1932 1314 2221 1385 mogenita,
2250 1311 2339 1369 vel
2364 1311 2533 1368 invito
2556 1316 2686 1382 rege
2720 1308 2942 1379 Judcos
2980 1309 3327 1381 expulerunt.
3358 1307 3555 1379 Quare-

1931 1408 2099 1465 etiam
2120 1409 2173 1464 si
2189 1402 2491 1463 voluissent
2510 1405 2581 1459 ab
2607 1404 2777 1470 initio,
2803 1404 3108 1476 potuissent
3125 1416 3249 1460 esse
3272 1417 3342 1460 eo
3370 1417 3542 1474 supeb

1932 1501 2130 1558 riores.
2152 1498 2452 1571 Nonigitur
2477 1513 2658 1570 regem
2688 1496 2814 1555 ideo
2838 1511 2944 1552 non
2974 1498 3239 1566 vicerunt,
3265 1494 3407 1569 quod
3428 1510 3543 1552 non

1934 1596 2191 1664 possent,
2230 1590 2495 1673 sedquod
2535 1590 2761 1646 nollent.
2790 1588 3096 1671 Quinetiam
3136 1603 3200 1647 ca
3226 1602 3349 1663 qua:
3394 1596 3545 1661 posto

1935 1699 1999 1741 ea
2044 1690 2383 1755 consequuta
2416 1691 2500 1741 est
2541 1682 2903 1756 persequatur
2918 1681 3143 1755 ιιι-ἰωᾳι
3179 1698 3387 1742 εοιιων
3417 1698 3560 1741 aut--

1938 1774 2160 1848 piiticat.
2996 1802 2997 1805 η
3234 1844 3239 1848 ν

2011 1869 2068 1927 5.
2108 1867 2225 1924 Hoc
2249 1858 2417 1924 etiam
2432 1866 2615 1925 evenit
2644 1866 2699 1923 in
2725 1865 2879 1925 διαὶ.
2908 1856 3147 1936 Quando
3165 1866 3313 1924 enim
3341 1866 3460 1938 ejus
3480 1866 3549 1924 ni

1939 1960 2070 2016 lium
2091 1960 2306 2031 eripere
2324 1959 2632 2029 oportebat,
2662 1972 2855 2016 omnes
2873 1959 3035 2031 vulgo
3061 1966 3403 2019 assentsmes
3427 1960 3560 2035 regi

1939 2068 2101 2120 eum,
2144 2054 2357 2121 tametsi
2383 2052 2558 2125 legem
2586 2052 2673 2109 ille
2711 2052 3083 2126 trsnSgressus
3114 2062 3297 2123 esset,
3327 2054 3547 2125 eripue-

1940 2152 2069 2199 runt
2091 2142 2168 2218 (ι.
2192 2142 2323 2216 Reg.
2347 2143 2438 2199 14.
2458 2142 2551 2216 45)
2584 2142 2839 2215 :qnando
2862 2153 3041 2225 autem
3062 2130 3276 2201 volebat
3298 2144 3551 2204 occidere

1945 2228 2024 2293 tot
2044 2234 2471 2303 sacerdotes,_ne
2511 2228 2701 2293 vocem
2724 2235 2949 2313 quidem
2972 2232 3292 2305 emiserunt,
3324 2251 3428 2294 nec
3452 2252 3553 2295 eos

1941 2329 2300 2387 detonderunt
2328 2313 2409 2402 (ι’.
2440 2324 2686 2401 ma.
2714 2328 2827 2401 ιτ).
2855 2326 3020 2397 Quod
3040 2314 3086 2385 si
3116 2337 3243 2385 tunc
3280 2316 3555 2389 liabcbaut

1945 2424 2192 2476 naturam
2214 2435 2338 2491 qua
2360 2434 2462 2491 pro
2481 2420 2562 2477 eis
2583 2421 2804 2488 faceret,
2830 2418 2918 2477 bic
2936 2421 3099 2477 etiam
3127 2420 3400 2479 habebant
3414 2422 3556 2494 juris

1946 2526 2218 2571 naturam.
2246 2513 2415 2570 Erant
2436 2514 2583 2570 enim
2608 2507 2943 2589 sacerdotes,
2964 2523 3022 2571 et
3045 2521 3164 2570 erat
3197 2513 3378 2572 caedes
3399 2514 3554 2571 nefa-

1946 2605 2049 2669 ria,
2080 2614 2136 2662 et
2157 2604 2237 2661 ira
2274 2619 2384 2661 non
2426 2614 2496 2662 es
2531 2613 2685 2662 recto
2720 2602 2927 2674 judicio
2965 2606 3228 2676 'prmecta.
3255 2603 3364 2662 Sed
3396 2604 3556 2679 hujus

1947 2701 2025 2758 rei
2041 2713 2204 2756 causa
2219 2707 2336 2755 erat
2348 2698 2697 2768 socordia,et
2720 2697 2867 2773 quod
2884 2694 3228 2759 sacerdotum
3248 2702 3423 2760 vicem
3446 2720 3555 2759 non

1947 2791 2104 2848 valde
2121 2790 2399 2850 dolebant.
2426 2790 2558 2849 Vide
2576 2806 2710 2873 ergo
2726 2807 2848 2865 qua
2869 2793 3008 2849 mala
3026 2803 3212 2866 postea
3227 2793 3517 2853 inciderint
3539 2815 3554 2851 :

1951 2882 2093 2938 illius
2135 2883 2283 2939 enim
2325 2882 2668 2956 negligentia:
2705 2898 2816 2941 non
2859 2883 3006 2942 leves
3032 2900 3224 2958 pinnas
3266 2886 3555 2945 dederunt.

1949 2975 2177 3045 Quando
2206 2990 2338 3047 ergo
2356 2975 2553 3033 factum
2581 2975 2744 3033 fuerit
2769 2976 2971 3050 aliquid
2996 2976 3287 3048 nefarium,
3308 2995 3470 3039 nemo
3488 2983 3557 3037 sit

1954 3068 2101 3124 iners
2123 3074 2179 3123 et
2206 3066 2448 3138 ignavus,
2478 3067 2575 3124 sed
2620 3068 2744 3140 igne
2776 3067 3055 3126 ardentior
3083 3087 3099 3125 :
3128 3085 3231 3127 nec
3258 3058 3437 3141 minus
3460 3072 3561 3127 do-

1953 3162 2080 3230 leat,
2106 3175 2267 3233 quam
2300 3161 2336 3217 ii
2378 3160 2573 3232 quibus
2599 3159 2659 3217 tit
2683 3159 2875 3233 injuria
2895 3201 2911 3229 ,
2938 3170 2994 3219 et
3022 3162 3096 3220 ita
3140 3162 3370 3235 plurima
3417 3165 3558 3222 mala

1952 3252 2231 3308 sistentur.
2260 3250 2338 3306 Ab
2363 3249 2569 3307 bonum
2586 3264 2746 3324 usque
2766 3252 2839 3308 ad
2856 3267 3031 3325 pecus.
3058 3252 3167 3310 Cur
3192 3246 3374 3312 autem
3394 3254 3577 3313 etiam.

1953 3342 2189 3414 pecora?
2227 3341 2491 3412 Quoniam
2544 3353 2767 3415 propter
2813 3342 3060 3402 homines
3104 3344 3241 3403 facta
3288 3357 3449 3418 sunt,
3493 3363 3579 3407 ea.

1952 3450 2169 3507 quoque
2191 3435 2347 3505 punit
2370 3440 2594 3507 propter
2622 3434 2918 3508 hominem,
2949 3448 3010 3495 ut
3035 3450 3232 3513 augeat
3268 3441 3519 3500 timorem
3538 3485 3561 3511 ,

1955 3542 2012 3586 ιιι
2036 3530 2376 3587 intentiorem
2385 3528 2588 3587 reddat
2606 3530 2989 3605 calamitatem,
3005 3541 3066 3590 ut
3085 3534 3331 3596 ostendat
3348 3536 3559 3612 plagam

1953 3636 2075 3677 esse
2101 3620 2360 3677 divinitus
2384 3620 2701 3688 immissam,
2730 3630 2788 3678 et
2812 3621 3015 3680 bellum
3044 3624 3339 3695 procedere
3363 3626 3435 3693 de
3453 3642 3561 3685 ειυς

1954 3713 2041 3768 lis.
2069 3712 2125 3769 9.
2159 3711 2342 3769 Emisit
2362 3712 2512 3794 signa
2543 3723 2596 3770 et
2628 3710 2865 3787 prodigis
2889 3714 2947 3770 in
2970 3716 3261 3790 medietas}
3304 3715 3565 3793 ﬂama.

1955 3807 2092 3879 Quid
2116 3815 2222 3871 est,
2254 3805 2321 3863 In
2347 3806 2514 3862 medio
2541 3807 2619 3861 tsi
2635 3807 2664 3862 2
2690 3806 2787 3865 Vel
2813 3807 2991 3865 locum
3019 3808 3171 3881 dicit,
3200 3810 3283 3867 vel
3314 3811 3584 3876 idoneas.

1953 3900 2115 3973 quod,
2164 3899 2466 3957 manifeste.
2511 3898 2648 3957 illud
2676 3890 2849 3968 enim,
2872 3898 2942 3955 In
2977 3901 3165 3967 medio,
3191 3893 3397 3975 Ibique
3413 3903 3561 3975 idem

1954 3990 2218 4065 signiﬁcat
2243 3991 2388 4064 quod
2413 3998 2622 4063 aperte,
2651 4000 2711 4049 ut
2735 3992 2953 4065 quando
2976 3993 3107 4052 dicit
3131 3974 3332 4053 alicubi
3355 4038 3371 4063 ,
3412 3974 3574 4053 Feci;

1955 4086 2170 4141 saturem
2208 4084 2264 4143 in
2292 4084 2461 4141 medio
2486 4093 2637 4142 ιιι-ω
2673 4083 2848 4161 (Psat.
2878 4087 2968 4146 73.
3002 4086 3092 4159 ιι)
3119 4105 3137 4144 :
3165 4097 3249 4145 est
3270 4088 3416 4146 enim
3447 4105 3567 4149 meo

1955 4177 2103 4234 dium
2130 4176 2470 4259 maniiestttm
2490 4177 2763 4235 omnibus.
2794 4176 2984 4235 Emisit
3004 4180 3219 4254 signed
3245 4182 3484 4256 prodigia
3507 4182 3566 4237 in

1957 4267 2123 4325 medio
2155 4268 2250 4338 mi,
2276 4266 2527 4342 Egypts.
2565 4267 2698 4327 Iure
2721 4279 2903 4327 autem
2927 4271 3136 4342 optimo
3166 4289 3180 4329 :
3207 4286 3273 4328 ea
3294 4274 3439 4329 enim
3468 4272 3565 4330 tie-

1958 4362 2085 4418 bant
2103 4361 2173 4418 ad
2192 4362 2610 4431 correctionem,
2627 4370 2685 4419 et
2700 4361 2768 4419 ad
2787 4377 2882 4419 eos
2901 4362 3267 4424 ostendendos
3290 4365 3381 4436 qui
3402 4375 3568 4423 erant

1957 4448 2227 4511 lucraturi
2261 4469 2275 4508 :
2320 4468 2430 4510 non
2469 4462 2676 4510 temere
2701 4453 2848 4511 enim
2889 4454 3232 4521 eveniebant,
3259 4455 3356 4512 sed
3400 4456 3567 4516 modo

1957 4545 2464 4623 admirabilissimo:
2494 4560 2664 4618 quare
2684 4554 2737 4602 et
2761 4559 2827 4601 co
2846 4546 2991 4618 quod
3017 4546 3305 4617 feriebant,
3327 4563 3396 4605 eo
3417 4550 3563 4622 quod

1958 4637 2295 4702 mirabiliter,
2347 4637 2614 4709 duplicem
2652 4636 2953 4694 aﬂ'erebant
2978 4638 3284 4697 utilitatem.
3314 4638 3381 4696 Ιιι
3418 4639 3568 4697 Pho-

1958 4747 2185 4797 raonsm,
2208 4731 2331 4785 etin
2357 4746 2529 4785 onum
2544 4745 2714 4785 ursos
2739 4731 2873 4802 ejus.
2898 4730 3089 4787 Vidisti
3107 4731 3405 4803 potentiam
3428 4732 3567 4791 inef-

1959 4823 2211 4880 fabilem?
2233 4821 2505 4895 quomodo
2532 4836 2654 4877 cum
2697 4836 2889 4879 omnes
2929 4812 3088 4879 simul
3126 4830 3348 4892 essein,
3388 4824 3458 4883 dc
3484 4827 3568 4884 eis

1958 4926 2233 4989 sumptum
2272 4926 2357 4974 est
2379 4916 2697 4987 supplicium
2719 4956 2736 4983 ,
2763 4924 2822 4973 et
2854 4915 2929 4972 illi
2956 4915 3173 4988 quidem
3200 4917 3564 4988 patiebantur,

1957 5010 2048 5064 alii
2075 5024 2206 5065 vero
2238 5006 2628 5065 lucrabantur?
2655 5007 2937 5076 Quomodo
2959 5017 3142 5064 autem
3167 5009 3319 5077 dicit,
3360 5008 3429 5066 Ιιι
3449 5026 3567 5066 om.

1958 5117 2047 5157 nes
2075 5116 2245 5156 seruos
2268 5101 2379 5172 ejus
2398 5100 2425 5155 γ
2449 5100 2608 5172 Atqui
2636 5114 2745 5155 non
2768 5099 3039 5159 habebant
3063 5115 3261 5159 omnes
3288 5102 3566 5176 primogeo

1961 5194 2071 5253 uita
2101 5211 2117 5249 :
2145 5190 2241 5248 sed
2266 5190 2394 5248 dicit
2423 5191 2492 5248 de
2511 5192 2629 5247 aliis
2648 5191 2841 5263 signis,
2873 5200 2929 5248 et
2951 5191 3079 5248 dum
3104 5192 3157 5248 in
3186 5190 3428 5266 Egypto
3448 5196 3566 5266 qui.

1959 5280 2083 5365 dem
2111 5284 2166 5340 lii
2194 5285 2499 5349 ferirentur,
2522 5284 2729 5339 lucrum
2757 5281 3027 5343 faciebant
3059 5282 3231 5340 Judaei
3254 5299 3269 5338 :
3294 5284 3567 5341 dum-anu

1960 5389 2069 5437 tem
2113 5380 2169 5434 in
2217 5378 2505 5434 solitudine
2546 5375 2810 5433 beneficio
2851 5376 3024 5433 Judzni
3072 5374 3439 5443 afficerentur,
3471 5378 3561 5433 alii

1956 5471 2282 5545 juvabantur
2302 5468 2415 5545 (e);
2442 5478 2499 5527 et
2525 5470 2705 5543 plagas
2725 5469 2942 5544 quidem
2964 5468 3160 5527 inﬂixit
3179 5470 3446 5539 hostibus.
3464 5469 3575 5539 bos

2026 5628 2101 5694 (α)
2132 5624 2330 5694 Quando
2352 5627 2455 5694 alt,_
2481 5626 2663 5694 ἶιιιόξῇε
2697 5628 2746 5676 in
2781 5626 3046 5694 politianus
3349 5627 3576 5694 afl'ectis,.

1964 5688 2113 5742 etiam
2147 5690 2271 5739 alios
2292 5689 2758 5753 beneﬂdoad‘ectos
2780 5689 2950 5753 fuisse,
2974 5690 3024 5739 id
3064 5688 3299 5753 lntelhgit
3334 5691 3399 5740 de
3428 5688 3562 5753 vulgi

1964 5754 2219 5819 [troiniscut
2244 5751 2935 5819 Innumerabilijnultitndiue,
2955 5764 3071 5819 qua;
3094 5764 3208 5803 cum
3227 5751 3330 5819 illi_a_
3346 5751 3565 5819 profecta

1966 5813 2189 5868 narratur
2232 5813 2377 5863 ﬁxisti
2409 5826 2513 5879 cap.
2560 5814 2631 5864 ιδ.
2676 5815 2736 5863 ιιι
2754 5822 2893 5866 erant
2924 5813 3485 5883 alimigenaahﬁbptii
3512 5820 3580 5867 et.
