4154 6460
668 432 775 489 395

669 564 797 605 vero
820 548 994 605 alecit
1021 547 1322 611 beneﬂciis,
1348 562 1442 618 per
1470 556 1692 616 utraque
1725 561 1913 602 omnes
1928 546 2141 615 juvans.
2171 545 2239 600 Et

666 655 766 697 cur
793 655 899 695 non
930 641 1027 694 hos
1059 653 1269 711 quoque
1296 636 1553 693 benelicio
1582 637 1787 692 allicit?
1812 636 2073 705 Quoniam
2096 634 2240 692 soliti

668 740 797 787 sunt
840 730 1074 799 plerique
1102 728 1343 783 homines
1370 728 1606 799 percussi
1648 722 1822 797 p'otius
1858 742 2016 798 quam
2041 725 2241 782 beneﬂ-

664 822 753 877 cio
775 820 947 877 allecti
977 821 1139 876 Deum
1166 834 1469 889 agnoscere.
1494 817 1644 886 Quod
1671 816 1812 873 enim
1841 816 2007 873 nollet
2030 830 2124 871 eos
2143 830 2242 885 pu-

667 912 804 977 nire,
831 912 947 967 vide
967 927 1087 967 eum
1108 910 1321 966 assidue
1343 910 1693 975 diﬂercntetn,
1711 918 1767 965 et
1784 909 1961 979 plagas
1980 907 2239 963 cohiben-

666 1011 773 1056 tem
813 1011 867 1057 et
896 1016 991 1070 per
1023 1012 1244 1071 utraque
1282 998 1648 1055 ostendentem
1678 1000 1966 1068 potentiam
2004 1012 2155 1053 suam
2184 1007 2241 1055 et

661 1080 1023 1146 clementiam.
1071 1089 1228 1158 Atqui
1270 1099 1353 1145 sat
1378 1090 1563 1144 luisset
1587 1096 1706 1158 post
1734 1087 2236 1155 unam,secundsm

661 1192 719 1241 et
741 1184 944 1240 tertiam
963 1222 978 1248 ,
1012 1192 1276 1253 tamquam
1296 1183 1383 1252 qui
1418 1180 1605 1236 morbo
1630 1180 1999 1238 immedicabili
2024 1179 2235 1236 labora-

662 1284 802 1339 rent,
832 1289 926 1329 eos
949 1275 1165 1328 omnino
1187 1273 1405 1342 perdere
1421 1290 1435 1326 :
1451 1282 1506 1327 at
1530 1272 1714 1338 noluit,
1731 1272 1824 1327 sed
1849 1280 2233 1342 etquamquam

659 1365 833 1418 {utitra
864 1367 1155 1433 pmciret,
1182 1371 1236 1417 et
1262 1360 1401 1432 quod
1431 1376 1532 1417 nec
1551 1362 1752 1431 quinta,
1780 1375 1880 1415 nec
1925 1368 2105 1424 sexta,
2135 1375 2235 1416 nec

657 1455 863 1509 decima
908 1454 1155 1508 meliores
1197 1453 1352 1506 lnturi
1395 1461 1575 1507 essent
1598 1493 1614 1518 ,
1642 1466 1747 1505 non
1780 1451 2026 1505 destitit‘
2058 1451 2233 1506 facere

656 1560 775 1616 quae
798 1559 890 1600 sua
915 1554 1063 1600 erant
1088 1560 1101 1596 :
1125 1542 1263 1597 unde
1278 1543 1507 1598 maxime
1527 1539 1648 1611 ejus
1672 1551 2007 1611 potestatem,
2024 1556 2227 1606 curam,

656 1638 968 1709 sapientiam
999 1649 1053 1692 et
1080 1638 1365 1691 bonitatem
1395 1635 1645 1690 admirari
1673 1650 1882 1705 aequum
1906 1645 2007 1690 est.
2037 1635 2233 1690 Poten-

657 1727 785 1783 tiam
811 1766 827 1791 ,
870 1726 1015 1797 quod
1058 1727 1410 1796 percusserit;
1447 1742 1628 1781 curam
1656 1767 1674 1793 ,
1705 1726 1848 1797 quod
1893 1724 2227 1791 cohibuerit;

655 1816 968 1887 sapientiam
996 1857 1012 1883 ,
1044 1817 1183 1887 quod
1208 1833 1327 1871 cum
1363 1818 1523 1872 sciret
1562 1816 1739 1871 futura
1764 1858 1779 1882 ,
1807 1833 1926 1887 qua:
1956 1832 2048 1871 sua
2074 1827 2230 1873 erant

656 1909 875 1964 fecerit:
903 1909 1045 1979 quod
1071 1910 1243 1980 ipsum
1268 1924 1479 1981 quoque
1506 1919 1587 1967 est
1615 1911 1859 1965 maxima:
1891 1911 2189 1966 clementiae
2208 1950 2225 1975 ,

653 1998 795 2068 quod
822 1999 1039 2071 incipiat
1062 2013 1092 2053 a
1121 2000 1415 2054 minoribus
1437 2039 1452 2064 ,
1480 1999 1622 2071 quod
1647 1998 1715 2054 ab
1737 2000 1801 2054 iis
1827 2016 1945 2071 quae
1970 2015 2077 2055 non
2104 2009 2230 2056 sunt

654 2094 858 2149 ratione
878 2092 1114 2162 praedita.
1143 2092 1491 2163 Progrediens
1514 2102 1689 2147 autem
1714 2091 1885 2161 ipsum
1913 2106 2125 2162 quoque
2151 2107 2226 2148 re-

653 2198 775 2255 gem
804 2184 1010 2253 attigit,
1038 2183 1178 2253 quod
1207 2184 1366 2239 etiam
1398 2183 1625 2238 maxime
1645 2180 1773 2238 fecit
1795 2189 1851 2236 ut
1872 2181 2227 2251 praedicaren-

654 2283 741 2329 tur
758 2288 876 2343 qua
898 2274 1230 2330 eveniebant.
1252 2274 1381 2342 Qua:
1397 2274 1536 2329 enim
1561 2274 1763 2343 privato
1780 2272 1937 2327 alicui
1954 2273 2223 2340 accidunt,

652 2365 819 2422 latere
843 2368 1000 2423 etiam
1020 2375 1434 2422 consentaneum
1458 2379 1569 2422 est:
1597 2366 1808 2437 quando
1832 2373 2009 2421 autem
2034 2366 2118 2420 vir
2144 2374 2228 2421 est

652 2458 873 2529 insignis
896 2458 986 2528 qui
1016 2458 1220 2527 plagam
1242 2457 1473 2528 accipit,
1504 2456 1637 2510 nihil
1665 2464 1805 2511 vetat
1830 2455 2114 2527 quominus
2139 2470 2226 2512 res

654 2549 851 2619 ubique
889 2548 1148 2603 audiatur.
1181 2546 1466 2619 Postquam
1511 2562 1639 2602 vero
1677 2547 1810 2602 dixit
1837 2563 2049 2603 causam
2078 2589 2093 2611 ,
2127 2563 2225 2602 cur

653 2638 976 2709 percusserit
1008 2679 1024 2705 ,
1069 2638 1198 2695 dicit
1227 2639 1385 2694 etiam
1411 2639 1611 2711 plagas.
1638 2638 1742 2694 Sed
1768 2654 1939 2709 neque
1964 2653 2055 2695 eas
2080 2655 2222 2708 saepe

650 2738 888 2786 recenset
915 2770 931 2795 ,
960 2744 1130 2798 neque
1153 2729 1421 2801 sigillatint
1449 2729 1780 2799 persequitur
1812 2747 1825 2783 :
1855 2728 1949 2783 sed
1977 2744 2097 2783 eum
2128 2746 2221 2785 eas

647 2836 756 2876 nuo
784 2820 945 2877 verbo
964 2819 1331 2889 signiﬁcamet,
1361 2821 1719 2890 pwtereurrit
1747 2818 1971 2876 dicendo
1990 2861 2007 2887 ,
2036 2818 2220 2875 Emisit

650 2912 798 2981 signa
827 2921 873 2964 et
901 2910 1131 2981 prodigia
1145 2911 1197 2963 in
1218 2910 1381 2963 medio
1410 2910 1485 2963 tui
1508 2951 1525 2977 ,
1548 2909 1796 2981 .Eggpte.
1817 2908 2018 2965 Deinde
2044 2910 2223 2964 educit

648 3018 833 3059 rursus
858 3003 1108 3075 populum
1136 3018 1198 3057 ex
1224 3002 1455 3074 Egypto
1478 3004 1528 3057 in
1554 3003 1822 3058 desertum
1847 3047 1862 3069 ,
1897 3004 2090 3073 ubique
2126 3018 2221 3058 os-

653 3093 875 3149 tendens
903 3108 963 3149 se
1004 3109 1110 3149 non
1140 3108 1259 3151 esse
1295 3093 1459 3149 Deum
1502 3103 1703 3149 tantum
1748 3094 1970 3163 alicujus
2007 3094 2171 3163 partis
2199 3134 2215 3160 ,

650 3203 749 3244 nec
779 3188 829 3241 iu
857 3202 1016 3242 unam
1055 3186 1222 3241 solam
1252 3185 1523 3257 regionem
1557 3186 1885 3241 dominatum
1924 3186 2167 3240 obtinere
2198 3226 2215 3253 ,

644 3278 740 3337 sed
784 3280 836 3334 in
881 3278 1182 3334 universum
1212 3278 1395 3334 orbem
1438 3288 1611 3332 terrae.
1653 3278 1915 3343 Quocirca
1942 3275 2217 3344 subjunxit

643 3368 862 3423 dicens:
893 3369 979 3423 ιθ.
1012 3367 1112 3433 Qui
1132 3369 1373 3439 percussit
1398 3378 1567 3438 gentes
1596 3368 1781 3421 multas
1812 3409 1829 3432 ,
1867 3376 1913 3420 et
1942 3366 2124 3421 occidit
2146 3381 2217 3419 re-

650 3475 736 3525 ges
754 3457 909 3526 fortes
935 3472 956 3510 .'
979 3471 1077 3527 per
1103 3465 1266 3511 totam
1287 3457 1425 3511 viam
1453 3458 1669 3525 pignora
1692 3456 1853 3510 variis
1881 3456 2051 3510 modis
2076 3470 2214 3524 prato

644 3550 778 3602 bens
796 3562 906 3601 sua:
936 3546 1212 3616 potentiae,
1244 3555 1297 3601 et
1326 3546 1377 3600 in
1401 3546 1528 3617 ipsis
1554 3546 1805 3601 docendis
1839 3562 1929 3614 per
1955 3561 2041 3600 res
2071 3549 2213 3614 ipsas

641 3639 926 3695 deducens.
957 3638 1059 3694 Per
1086 3638 1225 3694 bella
1252 3636 1396 3694 enim
1420 3638 1595 3707 priora
1620 3653 1832 3707 quoque
1856 3636 2075 3701 docuit,
2106 3650 2211 3691 non

643 3741 879 3787 naturam
896 3731 1054 3797 aeris,
1069 3745 1172 3785 non
1186 3730 1474 3799 potentiam
1486 3730 1998 3795 elementorum,nec
2015 3728 2213 3800 aliquid

636 3822 780 3877 aliud
807 3820 1102 3891 ejusmodi,
1130 3822 1224 3876 sed
1268 3821 1661 3891 imperatoriam
1704 3837 1916 3875 manum
1946 3861 1961 3887 ,
1981 3837 2099 3890 qua:
2118 3836 2213 3876 eos

638 3914 865 3970 ducebat
881 3955 896 3981 ,
911 3929 1007 3983 pro
1020 3916 1097 3969 eis
1112 3913 1309 3968 bellum
1326 3926 1531 3983 gerere;
1555 3920 1608 3967 et
1624 3923 1903 3981 utrumque
1916 3926 2008 3979 per
2019 3919 2215 3965 utrum-

638 4021 742 4075 que
760 4004 992 4060 ostendit
1013 4045 1029 4070 ,
1059 4019 1155 4074 per
1177 4018 1242 4058 ea
1281 4017 1398 4071 quae
1432 4002 1567 4057 facta
1611 4010 1734 4056 sunt
1764 4002 1814 4055 in
1854 4001 2081 4071 igyptc
2106 4044 2121 4068 ,
2149 4016 2210 4057 ea

638 4113 758 4165 quse
787 4095 838 4148 in
860 4092 1145 4149 solitudine
1164 4092 1301 4146 iacta
1324 4101 1467 4157 sunt,
1496 4100 1549 4146 et
1575 4106 1666 4161 per
1693 4108 1757 4146 ea
1783 4108 1901 4162 quae
1930 4091 2063 4145 facta
2085 4102 2211 4147 sunt

642 4190 692 4240 in
720 4184 1034 4251 solitudine,
1061 4200 1123 4240 ea
1149 4199 1267 4252 qua:
1304 4184 1356 4238 in
1386 4182 1617 4253 Algypto
1645 4194 1769 4238 sunt
1793 4183 1954 4238 edita.
1985 4184 2210 4255 Quando

639 4277 779 4331 enim
830 4276 928 4343 ipsi
966 4275 1165 4343 absque
1192 4274 1355 4328 armis
1386 4315 1403 4339 ,
1431 4274 1548 4328 acie
1580 4315 1592 4335 ,
1623 4284 1677 4328 et
1716 4276 1897 4344 praelia
1920 4316 1935 4341 ,
1966 4268 2211 4331 inimicos

642 4366 989 4435 proﬂigabant
1015 4405 1029 4428 ,
1061 4364 1141 4420 eis
1176 4372 1358 4433 aperte
1395 4364 1706 4418 ostendebat
1736 4405 1751 4430 ,
1791 4380 1851 4420 se
1887 4367 1940 4420 in
1980 4366 2211 4437 lEgypto

636 4470 851 4525 quoque
891 4472 995 4509 non
1042 4468 1175 4523 opus
1201 4452 1449 4508 habuisse
1484 4454 1758 4508 elementis
1785 4465 1845 4509 ut
1869 4472 1928 4509 ea
1956 4457 2210 4513 adversus

637 4548 757 4600 illus
787 4554 1023 4599 moveret
1048 4584 1063 4607 ,
1089 4543 1184 4599 sed
1208 4543 1367 4598 variis
1395 4553 1452 4599 et
1488 4543 1717 4599 diversis
1742 4546 1914 4600 modis
1943 4548 2207 4602 volentem

636 4652 783 4691 suam
806 4635 1087 4691 ostendere
1102 4636 1409 4705 potentiam,
1433 4634 1689 4690 creaturis
1714 4636 1781 4691 ad
1796 4653 1855 4692 ea
1889 4653 2041 4693 usum
2067 4655 2206 4695 esse.

643 4730 725 4783 ll.
757 4727 893 4781 Scon
914 4743 1079 4799 regem
1093 4726 1500 4781 Amorrluzorum
1519 4737 1565 4780 et
1591 4726 1667 4797 Og
1688 4743 1850 4797 regem
1876 4727 2064 4785 Busan.
2090 4729 2209 4785 Non

640 4818 972 4887 persequitur
1000 4817 1158 4871 urbes
1185 4856 1200 4882 ,
1232 4832 1403 4886 neque
1428 4818 1484 4871 in
1511 4817 1729 4886 singulis
1753 4818 2047 4875 insistendo
2074 4835 2207 4889 pau-

638 4911 783 4966 latim
810 4918 991 4964 narrat
1010 4910 1209 4979 praelia,
1238 4910 1333 4965 sed
1360 4925 1545 4963 rursus
1574 4925 1765 4980 magno
1784 4912 1962 4966 animo
1986 4923 2207 4981 praeter-

633 5002 802 5055 currit
844 4994 1264 5052 innumerabiles
1314 5009 1554 5054 catervas
1624 5002 2021 5057 miraculorum.
2070 5002 2204 5058 Cum

634 5092 778 5145 enim
807 5099 984 5158 posset
1010 5089 1298 5153 immorari,
1322 5099 1377 5145 et
1402 5090 1709 5160 tragmdiam
1743 5092 1885 5145 illam
1916 5093 2206 5162 ampliﬁca-

635 5197 712 5242 re,
738 5195 841 5233 non
865 5179 965 5234 hoc
993 5179 1121 5234 facit
1145 5197 1157 5233 :
1185 5180 1276 5235 sed
1300 5195 1421 5236 cum
1443 5180 1670 5235 maxima
1695 5198 1755 5237 se
1780 5184 1997 5239 olIerret
2022 5186 2206 5240 multi-

636 5273 761 5327 tudo
785 5288 970 5329 eorum
999 5289 1117 5342 qua:
1145 5287 1175 5326 a
1203 5272 1311 5327 Deo
1337 5282 1481 5342 gesta
1504 5284 1665 5339 sunt,
1690 5290 1752 5329 ea
1777 5277 1955 5331 omnia
1980 5286 2203 5346 praeter-

633 5364 898 5422 currendo
916 5364 1263 5436 prosequitur.
1287 5365 1443 5435 Atqui
1473 5365 1548 5419 illi
1578 5366 1787 5435 quidem
1816 5378 1969 5424 erant
1990 5370 2203 5435 armati,

636 5466 693 5509 et
721 5454 878 5511 urbes
908 5455 1135 5509 munitas
1164 5454 1473 5510 habitabant
1502 5498 1517 5520 ,
1549 5465 1602 5511 et
1644 5458 1720 5511 rei
1768 5459 2013 5516 militaris
2042 5469 2099 5516 et
2124 5460 2200 5515 in-

636 5543 907 5600 struenda
927 5542 1059 5601 aciei
1078 5554 1236 5601 erant
1262 5546 1413 5617 periti
1444 5563 1457 5599 ε
1493 5547 1545 5600 bi
1578 5561 1702 5601 vero
1732 5549 1975 5616 exsules,
2005 5558 2060 5606 et
2090 5551 2205 5606 bel-

633 5699 739 5757 alii,
783 5701 865 5762 qui
900 5700 1238 5751 beneﬁciorum
1290 5704 1334 5751 in
1368 5704 1608 5753 Israelitas
1644 5704 1923 5755 collatorum
1954 5715 2203 5758 consortes

632 5769 788 5811 erant.

698 5824 713 5857 ³
748 5821 902 5881 soul,
928 5836 1017 5871 non
1041 5822 1235 5874 desistit.

1422 427 1479 485 8.
1518 427 1794 484 JOANNIS
1828 422 2298 484 ωωῖδοδτοω
2334 428 2647 487 Ακωιερ.
2688 433 3214 495 οοκδτωγιυοι».

3818 445 3928 501 396

2350 545 2492 601 landi
2523 548 2721 618 ignari,
2744 565 2773 604 s
2799 550 2953 622 longa
2979 556 3238 611 servitute
3274 565 3329 611 et
3362 555 3613 610 diuturna
3639 560 3927 628 tyrannide

2344 636 2573 704 libenti,
2590 639 2728 695 {alite
2749 649 2803 696 et
2825 646 3079 699 aerumnis
3096 647 3418 716 consumpti.
3436 647 3683 705 omnibus
3701 648 3768 704 ad
3790 651 3926 705 acci-

2346 727 2595 797 piendam
2642 731 2886 800 injuriam
2936 735 3199 803 expositi:
3228 736 3325 792 sed
3364 736 3452 792 illa
3490 737 3720 794 ducente
3758 754 3925 794 manu

2344 819 2580 874 omnimn
2606 822 2959 891 potentissimi
2990 833 3163 880 erant.

2414 910 2469 966 ϐ.
2499 910 2625 966 Erat
2652 914 2809 968 etiam
2836 914 3035 969 bellum
3055 915 3280 985 justum.
3310 916 3498 989 Neque
3522 920 3666 975 enim
3705 934 3802 976 eos
3833 919 3924 974 in-

2342 1001 2625 1070 vasissent,
2653 1003 2755 1058 nisi
2791 1003 2867 1057 illi
2895 1004 2975 1059 eis
2994 1020 3213 1061 cauum
3240 1006 3518 1062 dedissent
3541 1048 3558 1073 ,
3588 1017 3645 1063 et
3668 1010 3811 1064 viam
3840 1010 3925 1065 eis

2342 1092 2806 1161 interclusissent,
2847 1095 2989 1166 quod
3036 1106 3150 1151 erat
3186 1108 3440 1154 extretnc
3470 1100 3875 1156 inhumanitatis
3903 1120 3921 1157 :

2340 1193 2396 1239 et
2435 1183 2693 1241 Idumaeos
2730 1200 2835 1241 non
2863 1186 2987 1241 sivit
3028 1186 3098 1242 ad
3135 1186 3337 1244 bellum
3363 1191 3639 1247 accedere.
3668 1190 3748 1248 No
3769 1192 3921 1248 estin

2339 1273 2552 1329 silentio
2579 1276 2925 1342 confidentes,
2954 1286 3076 1348 post
3100 1277 3218 1334 hac
3236 1295 3417 1335 rursus
3441 1281 3750 1338 invaderent
3772 1322 3789 1349 ,
3817 1283 3922 1339 sed

2337 1363 2537 1418 scirent
2560 1381 2679 1420 cum
2706 1367 3021 1435 quibusnam
3044 1368 3247 1425 bellare
3269 1408 3286 1435 ,
3312 1384 3343 1424 a
3367 1370 3557 1440 quibus
3588 1387 3715 1428 vero
3745 1373 3920 1429 absti-

2343 1469 2472 1509 nere
2493 1466 2785 1525 oporteret,
2817 1457 2917 1513 hoc
2937 1458 3064 1515 l'acit
3092 1461 3146 1515 in
3176 1461 3462 1518 solitudine
3484 1505 3498 1527 ,
3529 1479 3625 1534 per
3650 1478 3738 1518 res
3764 1465 3918 1534 ipsas

2338 1543 2508 1613 legem
2534 1545 2615 1599 eis
2641 1549 2969 1604 constituens
2990 1590 3008 1616 ,
3033 1550 3299 1620 quomodo
3329 1561 3595 1621 oporteret
3625 1554 3696 1607 uti
3716 1555 3798 1609 eis
3823 1555 3921 1625 qui

2336 1632 2443 1687 illis
2470 1646 2831 1691 occurrerent.
2854 1635 2922 1691 Et
2950 1639 3122 1693 om
3147 1656 3301 1710 regna
3328 1640 3591 1695 Chanaan.
3617 1642 3808 1697 Vidisti
3837 1660 3914 1698 ex

2335 1724 2419 1779 bis
2444 1724 2625 1781 doceri
2670 1729 2971 1784 universum
3005 1731 3191 1786 orbem
3220 1732 3423 1787 terra?
3451 1732 3918 1801 Quemadmodum

2332 1817 2475 1871 enim
2507 1816 2642 1886 ignis
2669 1818 2869 1887 spinas,
2898 1820 2969 1873 ita
2990 1820 3027 1875 ii
3053 1835 3240 1875 omnes
3265 1821 3593 1890 invaserunt,
3625 1839 3725 1879 nec
3754 1833 3915 1893 pote-

2334 1913 2417 1960 rat
2458 1908 2738 1977 quisquam
2782 1922 2878 1964 eos
2929 1910 3216 1966 sustinere.
3259 1910 3397 1967 Audi
3437 1927 3565 1981 ergo
3615 1914 3743 1983 quid
3769 1914 3922 1970 dicat

2331 1995 2567 2062 Balaam,
2599 2000 2689 2069 qui
2719 2012 2824 2053 non
2846 2014 2878 2053 a
2909 1998 3205 2070 prophetis,
3236 2017 3341 2056 non
3370 2017 3401 2055 a
3444 2001 3589 2057 lose
3613 2002 3876 2059 didicerat
3897 2044 3915 2068 ,

2328 2085 2423 2141 sed
2453 2102 2484 2139 ι
2509 2086 2669 2141 rebus
2699 2086 2866 2155 ipsis:
2898 2086 3021 2143 ιια
3060 2099 3136 2143 est
3178 2106 3300 2159 gens
3341 2106 3458 2160 qua
3490 2090 3671 2162 elingit
3705 2108 3917 2148 om

2330 2183 2517 2228 terrast
2550 2174 2625 2246 (α)
2664 2173 2851 2247 (Nunt.
2879 2176 2971 2231 22.
3000 2177 3083 2248 4).
3117 2176 3307 2234 Vidisti
3336 2180 3550 2250 proprie
3566 2180 3765 2237 dictam
3792 2198 3920 2238 meo

2330 2264 2608 2335 taphoram
2631 2265 2657 2319 τ
2675 2264 2792 2321 Non
2810 2266 2947 2323 dixit
2964 2307 2981 2333 ,
3004 2267 3133 2336 Quae
3158 2268 3353 2324 bellum
3381 2270 3518 2340 gerit
3536 2310 3552 2335 ,
3584 2287 3704 2341 qua
3738 2273 3920 2327 lundit

2327 2364 2384 2411 et
2409 2356 2635 2422 evertit,
2662 2357 2757 2413 sed
2775 2399 2791 2421 ,
2817 2356 2948 2424 Qua
2973 2358 3148 2429 elingit
3173 2399 3190 2424 ,
3220 2360 3406 2416 volens
3440 2360 3722 2417 ostendere
3748 2378 3917 2433 quam

2328 2444 2487 2501 facile
2542 2447 2611 2501 ab
2656 2448 2740 2503 eis
2790 2450 3027 2519 pariatur
3076 2449 3295 2507 victoria
3335 2492 3350 2514 ,
3400 2461 3457 2506 et
3503 2452 3773 2521 quomodo
3824 2453 3914 2508 ci-

2328 2546 2407 2591 tra
2435 2540 2747 2608 sanguinem
2775 2539 2843 2595 ab
2864 2540 2943 2595 eis
2964 2550 3161 2611 tropca
3183 2541 3473 2611 erigantur,
3499 2552 3555 2597 et
3578 2541 3692 2597 sola
3720 2557 3915 2599 eor-itm

2327 2626 2633 2683 incursione
2674 2628 2873 2685 inimici
2919 2630 3283 2701 prodigi-utor.
3331 2630 3448 2687 Non
3488 2647 3625 2703 opus
3650 2674 3667 2701 ,
3695 2634 3869 2705 inquit
3894 2676 3912 2699 ,

2327 2717 2525 2771 habent
2585 2718 2842 2774 instructa
2901 2720 3017 2775 acie
3041 2761 3057 2787 ,
3105 2735 3205 2776 nec
3262 2731 3318 2776 ut
3366 2722 3609 2793 prmiittm
3664 2725 3919 2780 commit—

2327 2816 2469 2861 tatur
2499 2848 2515 2874 ,
2568 2807 2663 2862 sed
2720 2818 2921 2864 tantum
2979 2810 3229 2867 invadere
3269 2814 3398 2867 satis
3436 2823 3571 2880 est,
3626 2825 3683 2870 et
3725 2815 3912 2869 omnia

2324 2900 2404 2953 eis
2426 2899 2641 2955 cedunt.
2672 2899 2787 2955 Non
2815 2901 2987 2956 solum
3015 2905 3155 2958 enim
3187 2911 3245 2957 ut
3271 2903 3388 2974 lege
3415 2905 3541 2960 belli
3569 2916 3625 2962 et
3652 2898 3914 2961 instructa

2323 2992 2438 3046 acie
2462 2993 2734 3047 vincerent
2757 2992 2953 3058 elleeit,
2983 3008 3052 3049 ne
3080 2995 3199 3064 quis
3230 3010 3292 3050 ea
3334 3012 3452 3065 qua:
3480 2997 3691 3062 ﬂebant,
3723 2997 3803 3054 eis
3829 3008 3915 3052 at-

2324 3080 2595 3146 tribueret,
2632 3082 2727 3136 sed
2753 3082 3017 3137 elementa
3058 3084 3204 3139 orbis
3229 3094 3384 3141 terrm
3410 3087 3462 3141 in
3487 3102 3582 3143 eos
3604 3102 3915 3144 commove-

2322 3168 2412 3223 bat
2440 3186 2455 3223 :
2484 3178 2540 3225 et
2563 3169 2684 3225 ideo
2715 3171 2923 3227 animos
2942 3187 3127 3229 eorum
3154 3175 3383 3245 primum
3409 3175 3765 3246 dejiciebatet
3784 3194 3911 3252 per-

2323 3260 2587 3325 turbabat,
2631 3271 2686 3317 et
2722 3262 2919 3319 cadens
2955 3265 3159 3335 grando
3197 3266 3395 3323 multos
3431 3270 3681 3340 perdidit,
3722 3282 3779 3328 et
3822 3272 3910 3329 sol

2321 3352 2486 3418 stetit,
2512 3363 2567 3407 et
2591 3353 2787 3408 bellum
2814 3355 3024 3425 longius
3052 3358 3333 3428 protraxit,
3358 3369 3413 3415 et
3437 3360 3604 3416 multa
3644 3362 3912 3432 ejusmodi

2319 3444 2649 3500 admirabilia
2679 3445 2815 3501 facta
2843 3456 2992 3514 sunt,
3036 3459 3091 3504 et
3134 3449 3378 3506 tubarum
3421 3455 3631 3508 sonitus
3652 3455 3736 3510 vel

2320 3536 2685 3592 vehementius
2722 3539 2774 3592 in
2820 3546 2993 3594 turres
3021 3540 3231 3595 irruens
3256 3556 3439 3597 muros
3463 3542 3646 3598 diruit.
3673 3543 3786 3599 Hoc
3812 3560 3911 3599 au-

2319 3636 2423 3682 tent
2453 3630 2688 3699 utrisque
2719 3630 2813 3683 fuit
2837 3631 2983 3685 utile.
3010 3630 3140 3685 Nam
3169 3642 3225 3687 et
3252 3632 3326 3687 illi
3354 3632 3657 3699 discebant,
3703 3635 3910 3691 bellum

2317 3731 2422 3771 non
2452 3717 2562 3787 geri
2587 3719 2655 3773 ab
2681 3719 3012 3784 hominibus;
3041 3730 3095 3775 et
3121 3720 3174 3775 hi
3201 3721 3529 3777 docebantur
3556 3732 3613 3777 ut
3638 3723 3705 3779 ad
3730 3726 3911 3785 Deum

2316 3810 2660 3879 respicerent,
2686 3826 2783 3867 nec
2813 3828 3060 3883 umquam
3082 3813 3149 3869 de
3168 3814 3330 3869 rebus
3351 3815 3514 3885 gestis
3535 3831 3597 3872 se
3614 3816 3907 3886 jactarent,

2318 3917 2606 3973 nmgnosve
2628 3903 2844 3973 spiritus
2867 3914 3156 3971 sumerent,
3174 3894 3280 3963 sed
3308 3922 3369 3962 se
3397 3907 3618 3964 honeste
3641 3920 3695 3963 et
3717 3909 3911 3965 modo-

2317 4002 2430 4048 rate
2474 4004 2741 4064 gererent.
2771 3995 2884 4050 Hoc
2912 3997 3055 4052 enim
3095 3998 3254 4051 modo
3282 3998 3474 4055 vicisse
3511 3999 3684 4069 majus
3710 4001 3789 4054 eis
3813 4015 3912 4056 or-

2317 4093 2621 4139 namentum
2642 4086 2913 4149 all'crehat,
2942 4101 3097 4156 quam
3120 4088 3291 4141 solum
3316 4090 3524 4155 vicisse,
3554 4100 3611 4142 ut
3642 4089 3782 4159 quzid
3804 4106 3855 4144 et
3876 4106 3908 4146 s

2313 4173 2617 4241 Splendidus
2653 4175 2920 4241 redderet,
2951 4186 3005 4231 et
3031 4178 3347 4232 modestiam
3382 4178 3635 4245 doceret;
3662 4179 3909 4248 splendi-

2313 4266 2410 4319 dos
2455 4275 2619 4331 certe,
2659 4266 2798 4335 quod
2841 4268 2998 4322 talem
3045 4268 3299 4323 haberent
3329 4270 3739 4339 imperatorem;
3785 4286 3909 4326 mo-

2312 4357 2493 4411 destos
2520 4368 2716 4415 autem.
2748 4359 2888 4426 quod
2920 4360 3186 4428 pneclaris
3210 4360 3322 4414 suis
3351 4361 3500 4415 lactis
3528 4377 3634 4415 non
3663 4363 3906 4417 intume-

2313 4456 2541 4501 scerent.
2588 4448 2672 4500 l2.
2704 4447 2769 4501 Et
2797 4448 2935 4502 dedit
2960 4459 3145 4503 terram
3170 4467 3344 4504 eorum
3379 4451 3723 4519 hereditatem,
3752 4452 3907 4506 Iure-

2312 4540 2517 4591 ditatem
2548 4537 2710 4593 Israel
2729 4541 2915 4609 populo
2952 4557 3062 4595 suo.
3092 4540 3206 4596 Hoc
3245 4556 3456 4612 quoque
3491 4552 3575 4598 est
3609 4544 3902 4599 maximum

2313 4630 2647 4693 miraculum,
2679 4632 2818 4700 quod
2850 4648 2954 4686 non
2980 4634 3151 4688 solum
3177 4634 3532 4703 expellerent,
3564 4635 3658 4690 sed
3698 4645 3903 4692 terram

2310 4721 2469 4774 etiam
2516 4736 2775 4791 occupare
2802 4732 3037 4790 possent,
3079 4732 3133 4779 et
3159 4726 3318 4780 urbes
3361 4724 3679 4781 distribuere
3712 4744 3724 4781 :
3753 4730 3903 4796 quod

2312 4812 2390 4866 eis
2425 4827 2635 4881 quoque
2663 4829 2903 4881 magnam
2949 4815 3217 4885 prtebebat
3256 4816 3603 4881 voluptatem,
3646 4833 3899 4887 magnum

2311 4917 2703 4968 ornamentum,
2736 4921 2977 4975 magnam
3001 4907 3258 4962 lmtitiam.
3290 4907 3345 4963 ld
3366 4918 3543 4964 autem
3572 4910 3660 4963 Dei
3682 4926 3907 4981 quoque

2310 5004 2391 5049 est
2419 4997 2685 5063 potentiae.
2713 4996 2823 5051 Non
2849 4999 2990 5053 enim
3014 5014 3170 5067 parva
3197 5015 3282 5055 res
3304 5009 3386 5057 est
3410 5016 3700 5070 occupasse
3722 5003 3911 5071 regio.

2312 5102 2432 5142 nem
2460 5086 2711 5154 hostium,
2744 5089 2837 5144 sed
2879 5090 2946 5145 ad
2973 5090 3071 5145 hoc
3099 5108 3308 5163 quoque
3338 5110 3530 5163 magno
3558 5096 3648 5150 Dei
3694 5097 3909 5155 auxilio

2311 5192 2442 5247 opus
2470 5189 2569 5232 est.
2602 5181 2688 5235 l3.
2717 5180 2951 5247 Domine,
2977 5199 3156 5238 nomen
3180 5194 3320 5241 tuum
3350 5187 3401 5239 in
3421 5196 3684 5253 uernum,
3718 5198 3761 5240 et
3791 5205 3908 5244 nte-

2309 5269 2518 5323 moriale
2546 5281 2685 5324 tuum
2722 5271 2775 5323 in
2800 5274 3167 5341 generationem
3210 5284 3257 5327 et
3298 5277 3689 5346 generationem.
3718 5278 3905 5348 Alius,

2312 5360 2611 5414 Ilecordalio
2636 5362 2707 5419 tui
2738 5363 2837 5429 (lt).
2866 5362 2963 5421 llic
2985 5364 3251 5433 intercipit
3274 5367 3530 5423 orationis
3555 5372 3747 5424 seriem
3774 5371 3907 5439 glo-

2309 5452 2621 5517 rilieatione,
2664 5452 2805 5521 quod
2850 5470 3061 5524 semper
3082 5456 3259 5511 solent
3291 5458 3458 5512 sancti
3509 5458 3703 5513 facere.
3733 5460 3905 5517 Pass.

2308 5557 2463 5610 quam
2503 5543 2641 5596 enim
2672 5543 2739 5597 de
2768 5542 2859 5597 Dei
2891 5546 3159 5601 miraculis
3196 5546 3391 5616 aléquid
3420 5548 3600 5605 dicere
3630 5550 3903 5620 incipien-

2370 5652 2453 5724 (a)
2475 5658 2581 5724 ilice
2604 5660 2718 5724 sunt
2741 5655 3075 5724 v_erba_Moebi.
3098 5670 3193 5724 non
3219 5658 3441 5724 Habenti.
3463 5674 3557 5709 nec.
3580 5675 3783 5724 parvum
3816 5679 3903 5713 m-

2307 5713 2741 5823 teresttgriscrimen
2766 5716 2869 5765 haec
2895 5717 3019 5766 inter
3044 5725 3098 5767 et
3120 5717 3200 5767 illa
3217 5733 3326 5781 (piae
3352 5723 3397 5769 in
3430 5718 3554 5771 libro
3576 5713 3906 5781 S‘utuerornsu

2327 5787 2454 5833 egon
2542 5808 2551 5819 .

2373 5833 2443 5896 ab)
2477 5842 2583 5883 Haec
2609 5837 2942 5899 interpretatio
2966 5839 3102 5903 Cllqu
3134 5850 3195 5890 su
3218 5853 3477 5907 tenuatur.
