4222 6472
226 409 362 467 $91

227 532 361 592 trs,
411 522 721 582 inﬂammati
759 521 981 589 fuerint,
1011 535 1118 578 non
1160 520 1307 590 prius
1348 517 1414 572 ad
1458 517 1618 572 linem
1667 530 1853 587 perve-

224 614 436 683 niunt,
474 631 633 687 quam
678 628 776 685 pro
816 614 881 669 iis
918 627 1039 684 qua:
1077 609 1219 672 dicta
1243 620 1369 665 sunt
1395 607 1563 664 Deum
1590 594 1757 678 gloria
1800 616 1856 662 et

228 707 418 765 laude
445 698 741 773 alfeeerint,
772 713 829 763 et
855 707 927 761 ita
955 717 1111 760 suum
1139 700 1463 769 desiderium
1491 689 1852 769 impleverim.

224 799 411 868 Quod
439 801 602 856 etiam
644 795 841 853 Paulus
875 795 1073 866 ubique
1112 793 1238 849 facit
1276 809 1292 849 :
1324 780 1556 847 maxime
1579 801 1756 847 autem
1798 790 1852 845 iu

218 883 536 962 prun-auiis
561 889 921 962 Epistolarum
939 929 955 956 ,
987 899 1042 943 ut
1067 884 1283 958 quando
1310 885 1439 941 dicit
1463 884 1721 941 Eeclesiis
1747 882 1855 939 Ga-

225 982 398 1036 latia-
435 998 449 1033 :
474 976 661 1034 Gratia
690 978 827 1034 nobis
851 964 904 1033 et
934 994 1089 1053 paza
1110 974 1239 1031 Deo.
1266 975 1424 1032 Patre
1449 988 1642 1041 nostra,
1667 985 1713 1029 et
1745 973 1852 1029 Do-

221 1071 393 1123 mino
411 1068 542 1124 lese
565 1062 788 1135 Christo,
810 1068 895 1139 qui
913 1058 1050 1122 dedit
1066 1066 1289 1138 seipsttnt
1311 1054 1408 1136 pro
1432 1067 1647 1145 peccatis
1666 1065 1851 1120 nostris

220 1162 534 1216 secundum
577 1160 883 1216 uoluntatem
920 1159 1021 1216 Dei
1046 1169 1094 1215 et
1133 1145 1309 1214 Patris
1341 1156 1523 1221 nostri,
1567 1160 1650 1219 cui
1684 1148 1852 1231 gloria

220 1254 291 1309 in
348 1239 542 1310 ὶεαιισ
582 1252 903 1309 saeculorum.
930 1252 1088 1307 Amen
1114 1250 1256 1325 (sat.
1282 1252 1335 1308 t.
1367 1252 1422 1321 ξ..
1453 1252 1533 1319 5).
1559 1250 1630 1306 Et
1653 1251 1707 1306 in
1732 1250 1851 1321 epi-

219 1340 393 1402 stola
422 1345 491 1399 ad
517 1342 835 1401 Romanos:
870 1341 1099 1411 Quorum
1121 1341 1353 1415 adoptio,
1380 1350 1428 1397 et
1454 1340 1641 1414 gloria,
1668 1349 1717 1396 et
1737 1341 1851 1396 cul-

222 1443 359 1501 tus,
385 1444 435 1490 et
457 1418 747 1506 proscissio,
783 1422 1013 1507 pontu]
1028 1444 1217 1505 patres,
1247 1442 1296 1505 et
1320 1433 1595 1507 aequitiae
1618 1431 1849 1489 Christus

228 1526 537 1581 mundun
560 1541 783 1589 carnem,
811 1524 902 1594 qui
927 1533 1002 1580 est
1028 1539 1183 1595 super
1205 1523 1378 1578 omnia
1405 1522 1689 1578 (mediam
1712 1521 1850 1577 Deus

223 1617 295 1672 iis
333 1615 736 1679 “lardum
777 1613 954 1687 (Rom.
983 1614 1042 1671 9.
1081 1614 1162 1693 ι).
1202 1611 1273 1669 Et
1313 1627 1499 1670 rursus
1520 1612 1647 1669 alibi
1675 1630 1690 1668 :
1723 1610 1850 1684 Regi

224 1716 425 1763 autem
451 1706 753 1762 seculorum
772 1705 1068 1769 ιωωτωιξ,
1088 1704 1347 1769 inuisibili,
1374 1705 1473 1772 soli
1491 1694 1710 1774 sapienti
1736 1701 1847 1759 Deo

226 1798 421 1854 honor
446 1792 748 1870 etplariain
772 1795 960 1852 secula
984 1797 1306 1853 ecculm.
1333 1795 1494 1851 Amen
1519 1797 1599 1865 (i.
1630 1794 1766 1850 Tim.
1791 1800 1844 1852 l.

228 1893 373 1963 l7).
408 1889 483 1945 lta
511 1891 671 1947 etiam
697 1890 785 1946 hic
810 1874 1214 1963 prophetatum
1246 1881 1426 1944 mente
1451 1886 1709 1959 agitasset
1733 1887 1847 1963 uni-

233 1998 464 2039 versam
492 1982 586 2039 Dei
607 1976 1023 2054 providentiam,
1070 1980 1278 2052 plagam
1318 1980 1372 2034 in
1410 1970 1666 2052 Egypto,
1697 1979 1843 2051 varia

229 2086 306 2133 et
319 2076 533 2134 diveua
558 2074 815 2132 beneﬁcia
835 2076 956 2145 qua
975 2074 1028 2129 in
1054 2072 1342 2135 solitudine
1358 2071 1536 2129 abillo
1562 2072 1615 2134 in
1629 2070 1845 2157 Iudaeos

229 2166 444 2225 collata
469 2159 756 2241 saneque
777 2179 874 2237 pro
899 2164 1003 2221 illis
1029 2163 1289 2222 adversus
1315 2162 1499 2219 hostes
1525 2162 1661 2218 facta
1682 2171 1800 2217 sunt
1826 2182 1842 2219 :

232 2257 322 2313 ab
364 2257 483 2326 eius
535 2255 789 2311 ineﬁ'abili
838 2253 1168 2333 benignitate
1216 2251 1614 2318 inﬂammatus,
1666 2253 1847 2307 emisit

233 2340 717 2422 gloriﬁcationem,
739 2340 926 2402 dicens
949 2333 1225 2423 :Domine,
1253 2360 1433 2398 piamen
1459 2353 1602 2398 tuum
1626 2344 1682 2397 in
1699 2353 1846 2399 teter-

237 2456 397 2506 mun,
424 2438 662 2515 Dauniae,
690 2430 983 2493 memoriale
1003 2445 1144 2490 tuum
1162 2451 1194 2488 a
1212 2434 1535 2507 generatione
1555 2426 1609 2488 in
1634 2450 1849 2507 genera-

236 2534 460 2586 tionem.
487 2528 602 2586 Hoc
640 2537 757 2596 est,
795 2526 975 2584 Gloria
1003 2539 1089 2582 tua
1118 2535 1197 2582 est
1224 2535 1497 2599 perpetua.
1530 2524 1674 2582 Nihil
1698 2527 1842 2599 enim

237 2626 298 2679 ei
328 2622 482 2679 ,πω
530 2621 697 2677 ullum
739 2619 1141 2697 detrimentum,
1164 2618 1294 2674 nihil
1318 2597 1439 2697 eam
1481 2597 1845 2688 interrumpit:

237 2717 345 2772 sed
372 2726 461 2772 est
486 2698 718 2784 semper,
760 2721 816 2769 et
841 2695 1026 2768 manet
1045 2695 1413 2791 immutabilis,
1446 2719 1514 2773 et
1545 2700 1577 2766 a
1615 2725 1847 2767 conver-

239 2808 406 2864 sione
432 2806 651 2861 omnino
674 2804 868 2868 aliena,
892 2802 1092 2860 ﬂorens
1128 2818 1195 2877 ac
1223 2805 1443 2875 vigens.
1474 2803 1612 2873 Quid
1640 2812 1723 2859 est
1748 2818 1845 2857 au-

241 2906 383 2962 tem,
406 2882 705 2949 Memoridus
726 2904 867 2949 tum
894 2893 949 2948 in
975 2894 1345 2966 generationem
1369 2903 1417 2948 et
1437 2894 1846 2965 garerationem?

242 2986 373 3052 Tui,
402 2987 591 3056 lnquit,
622 2985 876 3041 memoria
898 2999 1006 3040 non
1031 2984 1247 3050 desinit,
1274 2994 1329 3040 et
1347 2983 1508 3039 ﬁnem
1530 2999 1635 3039 non
1658 2984 1841 3041 habet.

244 3081 343 3137 14.
376 3079 510 3148 Quia
523 3065 774 3151 iudicabit
798 3076 1046 3133 Dominus
1068 3078 1312 3150 populum
1336 3094 1505 3144 suam,
1536 3088 1582 3131 et
1607 3077 1661 3131 in
1689 3077 1843 3133 servis

243 3175 357 3230 suis
380 3172 746 3243 deprecabitur.
774 3168 870 3227 Vel
899 3179 1123 3242 utraque
1147 3170 1264 3226 haec
1288 3169 1391 3226 dici
1418 3180 1644 3240 possunt
1661 3170 1730 3225 de
1754 3184 1845 3241 po-

245 3266 399 3337 pulo,
420 3263 561 3337 quod
586 3264 655 3320 de
677 3278 745 3319 eo
770 3276 963 3335 poenas
984 3269 1182 3325 sumet,
1211 3271 1268 3319 et
1297 3271 1479 3332 postea
1504 3262 1759 3331 cessabit,
1786 3272 1843 3321 et

244 3358 400 3428 ipsos
424 3354 683 3413 recreabit
713 3369 729 3407 :
759 3353 844 3409 vel
882 3352 1115 3419 divisim,
1149 3350 1585 3427 Consolationem
1622 3354 1840 3423 quidem

243 3448 496 3520 accipiet,
540 3446 611 3503 de
654 3446 852 3521 populo
888 3462 904 3501 :
947 3442 1206 3499 Judirabit
1229 3434 1443 3508 autem,
1475 3444 1542 3500 de
1579 3443 1839 3499 hostibus.

248 3539 368 3596 Iloc
394 3548 498 3601 est,
528 3535 653 3593 illos
695 3534 909 3606 quidem
954 3533 1256 3599 recreabit;
1288 3532 1391 3588 hoc
1425 3533 1572 3589 enim
1602 3534 1704 3589 sibi
1732 3534 1846 3590 vult

248 3629 381 3688 illud
408 3670 425 3691 .
452 3627 885 3686 (immolationem
928 3626 1182 3697 accipiet;
1210 3624 1474 3680 Judicabit
1516 3636 1695 3683 autem
1748 3627 1844 3682 ho-

246 3731 366 3780 stes
394 3740 408 3777 :
440 3720 543 3795 hoc
561 3730 665 3788 est,
686 3719 757 3779 de
777 3719 906 3790 ipsis
930 3732 1117 3791 pmnas
1143 3727 1339 3775 sumet.

327 3816 383 3873 7.
414 3815 618 3873 Deinde
638 3812 890 3885 quoniam
911 3826 1017 3866 non
1043 3819 1252 3890 poterat
1271 3798 1456 3867 dicere
1475 3825 1664 3867 eorum
1697 3820 1845 3869 recte

251 3907 521 3975 facta,hac
540 3903 862 3976 justiﬁcandi
888 3903 1096 3963 ratione
1113 3903 1297 3970 utitur,
1312 3917 1507 3973 nempe
1518 3904 1734 3958 nomine
1750 3918 1846 3974 po-

250 3999 386 4069 puli,
398 4007 453 4054 et
468 3997 682 4068 nomine
696 4007 992 4051 servorum.
1011 3994 1143 4051 Cum
1167 4003 1345 4050 autem
1362 3992 1519 4060 dixit,
1536 3989 1846 4065 Deprréabio

254 4099 358 4157 tur,
394 4086 628 4145 ostendit
662 4086 1148 4151 reconciliationem
1181 4100 1305 4142 esse
1336 4085 1479 4141 illius
1516 4086 1840 4153 clementia,

251 4195 361 4237 non
392 4189 568 4235 autem
593 4194 660 4234 ex
698 4177 911 4251 illorum
940 4175 1167 4231 meritis.
1194 4174 1290 4253 libi
1328 4177 1473 4233 enim
1494 4176 1843 4251 deprecatio,

252 4272 411 4327 venia
462 4283 599 4343 opus
651 4277 737 4324 est
781 4286 796 4324 :
847 4267 937 4325 ubi
986 4277 1165 4324 autem
1209 4282 1346 4339 Opus
1392 4277 1479 4326 est
1517 4272 1691 4339 venia,
1735 4288 1845 4330 non

250 4371 379 4421 sunt
426 4372 572 4419 recte
625 4363 882 4417 factorum
933 4366 1152 4429 merita,
1200 4361 1297 4417 sed
1346 4371 1431 4419 est
1474 4371 1685 4434 tempus
1734 4366 1848 4425 cle-

252 4453 489 4511 mentite.
535 4451 797 4521 Quoniam
839 4466 969 4521 ergo
1016 4451 1150 4507 dixit
1197 4454 1441 4524 superius
1481 4454 1847 4513 :.Heatoriale

250 4556 399 4601 tum
424 4545 478 4599 in
504 4543 876 4617 generationem
913 4551 960 4596 et
997 4544 1392 4613 generationem,
1422 4545 1525 4601 soli
1552 4550 1732 4602 autem
1775 4563 1844 4603 ex

248 4639 369 4695 aliis
395 4636 640 4711 gentibus
668 4635 771 4707 ipsi
808 4640 935 4690 tunc
965 4634 1130 4707 Deum
1175 4634 1278 4690 sibi
1320 4636 1717 4707 adscribehant,
1750 4654 1847 4708 per

251 4733 356 4789 hoc
379 4728 487 4788 tale
510 4730 636 4802 quid
656 4727 939 4801 signiﬁcat,
965 4735 1023 4784 et
1046 4727 1197 4795 dicit,
1221 4727 1379 4786 Salus
1403 4729 1583 4800 populi
1611 4731 1847 4788 ostendit

250 4835 399 4881 tuam
428 4822 567 4897 apud
596 4821 793 4877 multos
818 4820 1064 4891 gloriam.
1091 4820 1223 4888 Qua:
1246 4822 1391 4877 enim
1417 4830 1607 4878 natura
1631 4823 1678 4883 ci
1704 4822 1848 4881 inest

248 4915 456 4988 gloria,
484 4914 584 4969 etsi
612 4911 793 4968 nullus
818 4925 939 4968 eum
980 4910 1124 4966 colat
1162 4920 1219 4967 et
1257 4912 1545 4981 observet,
1585 4922 1847 4986 perpetuo

250 5014 454 5071 manet,
475 5012 533 5061 et
557 5019 658 5059 nec
685 5002 873 5065 minui.
902 5015 1005 5057 nec
1026 5000 1270 5068 dissolvi,
1298 5017 1397 5058 nec
1416 5004 1610 5058 mutari
1632 5012 1844 5073 potest:

249 5112 375 5171 qua
414 5096 488 5152 sit
511 5104 689 5151 autem
715 5094 832 5166 ejus
856 5092 996 5163 apud
1041 5093 1241 5149 multos
1282 5094 1537 5157 laudatio.
1583 5111 1614 5150 a
1664 5105 1846 5153 nostra

249 5191 414 5247 etiam
458 5189 629 5245 salute
668 5185 1001 5247 ostendetur.
1045 5200 1166 5240 cum
1207 5202 1305 5243 nos
1343 5189 1633 5256 civitatem,
1673 5190 1846 5246 sulem

250 5296 479 5347 sacram,
511 5289 567 5337 et
594 5275 850 5349 templum
889 5279 1274 5346 receperimus,
1306 5288 1364 5336 ct
1397 5281 1633 5351 pristinre
1663 5283 1847 5354 reipu-

253 5373 408 5430 hlicm
430 5368 661 5427 restituti
686 5369 963 5426 fuerimus.
1067 5424 1081 5431 ,

328 5462 731 5521 Simulacrorum
772 5462 986 5519 vanitas.
1029 5462 1246 5519 Damon
1289 5479 1380 5518 cur
1416 5463 1571 5518 idolis
1605 5464 1842 5519 assideat.

256 5584 329 5601 -—-
354 5553 442 5610 15.
492 5552 783 5609 Simulacra
825 5555 1048 5625 gentium
1083 5563 1348 5625 argentum
1375 5563 1423 5608 et
1451 5571 1630 5608 astrum
1651 5596 1667 5620 ,
1690 5572 1847 5627 opera

258 5663 496 5703 ruentium
534 5645 817 5702 hominum;
861 5646 1129 5714 Quoniam
1184 5648 1237 5703 in
1287 5646 1548 5717 principio
1600 5647 1843 5714 dixerat,

261 5738 506 5795 Dominus
534 5748 701 5792 autem
729 5746 895 5791 uoster
925 5752 1033 5808 prce
1058 5737 1286 5792 omnibus
1317 5738 1435 5803 diis,
1480 5746 1533 5791 ct
1575 5738 1720 5793 visus
1765 5749 1847 5797 est

254 5824 825 5898 pcrpomparatiouem
887 5828 1220 5885 introducere
1261 5826 1541 5896 qzzamdam
1584 5829 1845 5883 excellen-

1370 399 1732 465 EXPOSITIO
1770 398 1837 457 IN
1873 398 2200 487 Ρελιμωι
2237 398 2524 460 CXXXIV.

3458 402 3564 460 398

1963 514 2091 569 tiam
2139 527 2360 586 propter
2412 518 2830 575 imbecillitatem
2873 533 3060 575 eorum
3101 518 3189 591 qui
3234 518 3561 585 audiebant,

1962 604 2085 660 vide
2112 607 2381 675 quomndo
2406 598 2519 665 hoc
2532 609 2710 666 verbis
2745 610 3053 680 ampliﬁcat.
3096 611 3387 681 Postquam
3416 612 3562 667 enim

1961 711 1992 751 a
2020 696 2111 753 Dei
2156 699 2390 767 potentia
2439 698 2647 769 initium
2692 700 2868 769 duxit,
2908 711 2963 758 et
2999 702 3136 757 dixit
3166 717 3290 772 qum
3338 703 3389 756 in
3430 707 3566 757 caelo

1961 788 2106 852 sunt,
2141 804 2263 861 quae
2300 790 2354 844 in
2397 800 2561 857 terra,
2586 806 2709 861 qum
2742 793 2794 847 in
2822 792 3053 865 abyssis,
3079 809 3199 863 qua:
3230 794 3282 847 in
3322 791 3560 859 Judzcis,

1959 894 2081 949 quae
2104 879 2158 934 in
2183 882 2416 951 propria,
2444 896 2566 953 quas
2591 883 2646 938 in
2667 883 2837 939 aliena
2866 893 3028 947 terra,
3058 901 3178 956 quae
3208 885 3261 939 in
3294 884 3560 950 hostibus,

1957 979 2077 1039 quae
2107 960 2159 1025 in
2183 970 2450 1042 gentibus,
2484 971 2624 1029 facta
2648 984 2795 1038 sunt,
2816 973 3011 1031 deinde
3028 990 3152 1031 cum
3174 975 3294 1045 ejus
3316 974 3565 1046 benigni-

1956 1071 2123 1127 tatem
2154 1077 2457 1120 revocasset
2486 1065 2543 1121 in
2580 1068 2918 1134 memoriam,
2961 1065 3275 1133 bonitatem,
3314 1066 3560 1124 clemen-

1958 1155 2106 1218 tiam,
2133 1157 2487 1225 curationem,
2512 1159 2855 1234 sapientiam,
2885 1167 2940 1214 et
2970 1159 3283 1227 potentiam,
3304 1167 3361 1223 et
3387 1158 3555 1215 Deum

1955 1261 2077 1301 esse
2105 1248 2498 1313 universorum.
2527 1262 2584 1305 et
2607 1248 2844 1305 universi
2872 1249 3021 1305 orbis
3048 1258 3205 1305 terra
3242 1264 3429 1305 curam
3465 1263 3561 1319 ge-

1952 1351 2076 1418 rere
2119 1335 2480 1418 ostendisset,
2499 1338 2686 1394 irridet
2708 1339 2965 1409 deinceps
2991 1348 3049 1394 et
3076 1339 3378 1395 ludiﬁcatur
3403 1338 3561 1395 idoli-

1952 1416 2387 1497 corumdeorum
2418 1416 2863 1507 imbecillitatem,
2890 1439 2949 1489 et
2968 1434 3151 1488 statim
3196 1432 3265 1488 ab
3308 1434 3421 1503 ipsa
3461 1447 3559 1487 ua-

1955 1526 2072 1573 tura
2116 1519 2170 1573 in
2199 1520 2345 1589 ipsos
2391 1520 2664 1575 invehitur
2693 1539 2711 1578 :
2739 1522 2849 1576 imo
2875 1537 3009 1579 vero
3052 1508 3226 1592 ipsum
3259 1537 3455 1578 nomen
3485 1522 3554 1577 ad

1952 1621 2138 1662 eorum
2185 1610 2660 1680 reprehensionem
2696 1611 2935 1683 adducit.
2981 1610 3187 1669 Idolum
3226 1612 3371 1667 enim
3420 1611 3553 1668 nihil

1952 1706 2036 1753 est
2060 1698 2206 1755 aliud
2233 1715 2392 1771 quam
2418 1701 2544 1773 quid
2588 1701 2910 1759 imbecillum
2947 1710 3003 1758 et
3038 1702 3334 1772 abjectotn,
3372 1712 3432 1777 et
3454 1717 3556 1758 uo-

1952 1806 2075 1845 meu
2122 1806 2350 1848 summa:
2390 1783 2735 1849 inﬁrmitatis.
2779 1793 3041 1864 Quocirca
3072 1793 3197 1850 hinc
3218 1794 3435 1864 incipit,
3462 1795 3553 1850 dic

1949 1870 2102 1950 cens,
2130 1883 2422 1953 Sitnulaera
2442 1886 2669 1957 peritiam
2691 1894 2960 1959 argutam
2983 1896 3033 1941 et
3051 1902 3256 1941 amat.
3286 1886 3548 1952 Primum,

1949 1977 2094 2048 quod
2118 1979 2499 2047 simulacrum;
2525 1979 2846 2048 secundum,
2866 1979 3011 2050 quod
3036 1977 3272 2037 inanima
3292 1979 3548 2044 materia;

1952 2069 2191 2137 tertium,
2221 2071 2364 2141 quod
2392 2070 2496 2127 hoc
2522 2072 2642 2142 ipso
2662 2072 2807 2143 quod
2834 2080 2962 2128 sunt
2987 2072 3294 2138 siumlacra,
3326 2079 3434 2127 non
3458 2086 3545 2126 so.

1950 2159 2060 2213 lum
2089 2174 2155 2214 ex
2196 2160 2393 2243 seipsis
2436 2161 2724 2228 imbccllla,
2766 2158 2890 2217 vilia
2919 2170 2976 2219 et
3018 2162 3244 2235 abiecta.
3269 2164 3406 2226 sint,
3452 2162 3549 2218 sed

1948 2252 2110 2305 etiam
2134 2252 2279 2321 quod
2319 2252 2389 2309 ab
2418 2244 2728 2309 hominibus
2766 2254 2921 2309 facta.
2946 2252 3207 2327 Quocirca
3250 2254 3548 2324 subiunxit,

1953 2340 2123 2412 Opera
2142 2359 2384 2399 maneam
2407 2345 2688 2411 hostium,
2709 2344 2852 2416 quod
2872 2345 3087 2415 quidem
3108 2353 3193 2402 est
3211 2346 3440 2403 maxima
3462 2362 3552 2403 re-

1950 2433 2238 2504 prehensio
2280 2450 2466 2492 eorum
2512 2437 2603 2508 qui
2647 2436 2735 2492 illa
2781 2428 2995 2503 colunt;
3026 2452 3221 2507 nempe
3256 2418 3399 2508 quod
3424 2451 3547 2493 cum

1950 2528 2049 2597 ipsi
2076 2528 2185 2583 sint
2212 2530 2267 2584 in
2295 2544 2457 2585 causa
2481 2544 2580 2585 cur
2598 2543 2662 2586 ea
2690 2529 2821 2598 sint,
2849 2528 2903 2584 in
2930 2528 3013 2585 eis
3038 2538 3221 2586 tamen
3250 2543 3364 2585 sua:
3387 2520 3559 2600 speni‘

1948 2619 2447 2675 salutis'collocenl.
2473 2620 2560 2676 l6.
2588 2618 2662 2675 οι
2681 2620 2887 2687 habent,
2915 2629 2962 2675 et
2983 2636 3085 2675 non
3107 2619 3392 2690 loquentur.
3418 2619 3552 2677 Oesn.

1949 2709 2026 2764 los
2063 2710 2267 2782 habent,
2296 2721 2347 2767 et
2374 2727 2475 2766 non
2513 2711 2772 2767 uidebunt.
2796 2713 2888 2768 17.
2910 2711 3074 2775 Δίῃ-ιι
3111 2712 3314 2777 habent,
3355 2722 3405 2768 et
3443 2731 3550 2770 non

1948 2803 2176 2859 audient.
2209 2802 2389 2874 Neque
2424 2805 2557 2859 enim
2604 2814 2677 2860 est
2716 2804 2926 2875 spiritus
2952 2804 3006 2860 in
3051 2822 3141 2860 ore
3179 2806 3428 2876 ipsorum.
3454 2808 3545 2864 18.

1948 2894 2156 2951 Similes
2178 2896 2282 2951 illis
2308 2897 2438 2966 ﬁant
2459 2897 2546 2966 qui
2571 2896 2771 2967 faciunt
2794 2912 2876 2962 ea,
2906 2905 2955 2952 et
2978 2912 3151 2953 omnes
3169 2899 3258 2967 qui
3280 2900 3550 2966 conﬁdunt

1947 2990 2001 3045 in
2026 2990 2119 3046 eis.
2167 2990 2262 3059 οε,
2308 2992 2500 3061 inquit,
2549 2992 2752 3056 Italian,
2805 3002 2854 3048 et
2893 3010 2996 3048 non
3038 2994 3324 3067 loquentia.
3355 2991 3545 3047 Vidisti

1948 3081 2217 3151 quomodo
2241 3090 2400 3153 auget
2424 3083 2749 3151 irrisionem,
2773 3091 2831 3140 et
2856 3083 3096 3140 fraudem
3115 3083 3390 3154 coarguit?
3407 3081 3553 3151 Quo-

1947 3173 2091 3228 niam
2125 3174 2269 3230 enim
2311 3188 2373 3229 ea
2403 3190 2548 3245 smpe
2592 3183 2810 3231 movent
2851 3175 3146 3240 dzemones,
3178 3175 3447 3231 ﬁctionem
3492 3184 3548 3231 et

1948 3265 2252 3320 simulatum
2278 3275 2454 3320 actum
2495 3280 2684 3321 eorum
2710 3265 2929 3336 detegit,
2956 3264 3248 3321 ostendens
3292 3279 3397 3321 non
3424 3280 3547 3320 esse

1946 3357 2191 3429 spiritum
2223 3357 2275 3411 in
2303 3370 2400 3411 ore
2429 3356 2688 3425 ipsorum.
2720 3356 2785 3411 Et
2828 3371 3072 3427 quamam
3103 3365 3189 3411 est
3213 3370 3374 3412 causa
3403 3355 3545 3426 quod

1948 3447 2123 3503 malus
2157 3446 2370 3503 daemon
2396 3446 2601 3517 absque
2644 3446 2752 3525 illis
2794 3446 2925 3502 nihil
2955 3447 3101 3513 facit,
3133 3462 3234 3503 nec
3272 3446 3547 3518 loquitur?

1946 3539 2211 3608 Quoniam
2256 3540 2448 3608 stupri,
2487 3539 2758 3606 adulterii,
2804 3549 2859 3595 et
2885 3540 3357 3596 innumerabilium
3387 3540 3543 3594 vitio-

1948 3648 2067 3687 rum
2098 3631 2364 3687 columna:
2388 3639 2516 3686 sunt
2541 3630 2731 3686 horum
2760 3631 3169 3686 simulacrorum
3201 3632 3384 3703 ﬁgura:
3409 3649 3425 3687 :
3450 3622 3550 3707 do;-

1946 3737 2079 3777 cens
2106 3736 2204 3778 eos
2228 3721 2319 3793 qui
2344 3721 2676 3777 seducuntur
2697 3762 2715 3789 ,
2742 3736 2839 3792 per
2865 3722 3039 3790 ipsum
3064 3731 3362 3779 statuarum
3389 3737 3550 3792 aspe-

1946 3823 2096 3868 ctum
2123 3827 2217 3867 eas
2239 3827 2329 3868 res
2357 3813 2585 3882 imitari,
2605 3827 2830 3884 quarum
2853 3812 3076 3884 ﬁguram
3115 3815 3405 3885 praeferunt
3448 3827 3552 3870 ata-

1949 3912 2077 3971 tuae,
2106 3904 2186 3959 eis
2210 3903 2410 3960 assidet
2434 3918 2497 3959 ea
2526 3917 2768 3969 movens,
2803 3912 2859 3960 et
2883 3905 3175 3973 decipiens.
3210 3899 3411 3961 Deinde
3436 3921 3549 3962 rur-

1949 4010 2043 4051 sus
2065 3996 2171 4052 alio
2215 3994 2594 4051 ludiﬁcationis
2620 4011 2817 4066 genere
2859 4010 2922 4051 ea
2962 3995 3312 4067 aggreditur:
3342 3994 3552 4053 Similes

1948 4088 2055 4144 illis
2084 4089 2211 4159 ﬁant
2238 4088 2323 4157 qui
2352 4089 2548 4159 facium
2576 4104 2656 4143 ea.
2682 4086 2980 4143 Considera
3004 4086 3146 4158 apud
3178 4099 3231 4143 te
3258 4086 3448 4159 quales
3474 4086 3551 4142 dii

1948 4181 2076 4247 sint,
2121 4179 2315 4251 quibus
2339 4180 2454 4235 ﬁeri
2484 4179 2691 4235 similes
2716 4170 2831 4235 dira
2859 4188 2943 4235 est
2984 4178 3318 4251 imprecatio.
3356 4176 3552 4237 Nostra

1949 4281 2129 4327 autem
2150 4287 2257 4326 non
2288 4271 2358 4326 ita
2385 4269 2604 4326 habent.
2629 4269 2916 4326 Extremus
2928 4271 3074 4326 enim
3095 4269 3306 4325 virtutis
3323 4267 3444 4324 ﬁnis
3468 4278 3553 4324 est

1950 4365 2003 4422 id
2028 4363 2169 4438 quod
2212 4362 2337 4420 facit
2362 4363 2430 4420 ad
2457 4378 2726 4419 summum
2754 4363 3020 4430 bonorum
3050 4362 3316 4435 fastigium
3349 4361 3555 4433 pertin-

1948 4471 2099 4526 gere.
2126 4463 2188 4512 ut
2212 4454 2306 4511 Dei
2335 4463 2593 4525 quantum
2616 4451 2730 4509 ﬁeri
2758 4460 2934 4525 potest
2954 4452 3159 4509 similes
3177 4451 3367 4508 simus.
3396 4451 3555 4521 Apud

1952 4547 2074 4602 illos
2098 4554 2299 4609 autem,
2332 4544 2523 4616 inquit,
2555 4552 2611 4599 et
2638 4543 2818 4599 cultus
2860 4552 2962 4607 est,
2991 4542 3143 4612 etrdii
3176 4542 3329 4603 talos.
3371 4553 3431 4598 ut
3468 4544 3552 4600 cis

1950 4654 2073 4696 esse
2116 4635 2321 4693 similes
2364 4637 2540 4693 locum
2593 4644 2776 4692 teneat
2823 4620 3080 4691 extremm
3128 4635 3551 4705 imprecationis.

1951 4730 2104 4800 Quod
2148 4729 2313 4801 igitur
2348 4728 2458 4783 sint
2486 4727 2707 4782 materia
2753 4726 3010 4794 inanima,
3036 4727 3179 4795 quod
3209 4728 3341 4783 ﬁant
3380 4726 3453 4782 ab
3474 4730 3557 4783 eis

1952 4822 2043 4893 qui
2086 4823 2173 4877 illa
2200 4821 2403 4888 colunt,
2450 4819 2595 4889 quod
2633 4820 2742 4875 sint
2777 4819 3065 4876 simulacra
3094 4819 3364 4887 infamia,
3411 4820 3555 4890 quod

1948 4915 2160 4985 jaccant
2180 4913 2326 4967 nullo
2350 4926 2511 4968 sensu
2534 4910 2777 4982 praedita,
2799 4920 2858 4967 et
2875 4910 3018 4979 quod
3038 4910 3299 4991 adjecerit
3319 4926 3418 4982 pro
3437 4911 3555 4966 dira

1952 4997 2370 5068 imprecatione.
2419 5002 2479 5051 ut
2520 4995 2641 5064 quis
2683 4994 2764 5050 eis
2788 4993 2982 5051 evadat
3021 4994 3256 5069 similis:
3287 5008 3386 5067 per
3417 4997 3554 5058 bac,

1954 5093 2193 5162 inquam,
2225 5088 2404 5144 omnia
2447 5086 2748 5143 ostenditur
2774 5101 3019 5143 summus
3053 5103 3229 5143 error.
3262 5087 3556 5158 Postquam

1954 5197 2083 5253 ergo
2104 5180 2342 5237 ostendit
2363 5194 2553 5236 eorum
2582 5176 3024 5244 imbecillitatem,
3056 5193 3319 5247 errorem,
3353 5180 3557 5236 (homo-

1954 5289 2082 5329 num
2108 5270 2531 5343 improbitatem,
2561 5285 2748 5325 eorum
2777 5269 2867 5341 qui
2898 5270 2986 5325 illa
3017 5268 3221 5326 faciunt
3247 5270 3555 5339 stultitiam,

1953 5370 2022 5421 ab
2052 5366 2137 5421 his
2177 5365 2286 5421 cito
2314 5364 2591 5427 liberatus,
2636 5361 2910 5418 concludit
2951 5362 3253 5418 orationem
3296 5361 3559 5430 glorlﬁca-

1957 5462 2119 5525 tione,
2149 5473 2257 5515 non
2282 5457 2515 5527 amplius
2545 5470 2771 5510 narrans
2798 5469 2862 5511 ea
2890 5470 3010 5526 qua:
3040 5456 3180 5511 Deus
3207 5453 3353 5522 fecit,
3383 5464 3443 5510 ut
3468 5456 3559 5523 qui

1955 5568 2015 5608 ea
2037 5552 2148 5623 jam
2174 5549 2307 5605 satis
2331 5548 2735 5609 demonstrarit,
2766 5546 2860 5603 sed
2887 5562 2988 5615 pro
3002 5545 3253 5601 omnibus
3277 5560 3399 5615 qua:
3428 5557 3556 5602 sttut

1957 5645 2008 5698 in
2054 5642 2323 5706 confesso,
2355 5641 2569 5697 laudem
2604 5637 2825 5710 exigens
2855 5636 2924 5693 ab
2948 5637 3012 5693 iis
3050 5636 3142 5709 qui
3170 5636 3418 5693 fruuntur
3440 5637 3559 5708 ejus

1960 5733 2221 5790 beneﬁcio
2245 5750 2258 5787 :
2282 5742 2334 5788 et
2366 5731 2485 5787 ideo
2514 5739 2668 5785 vocat
2691 5744 2880 5784 omnes
2902 5728 2967 5783 ad
2991 5727 3458 5800 gloriﬁcationem,
3479 5727 3557 5784 sic

1962 5828 2145 5882 dicens
2219 5825 2302 5881 l9.
2339 5824 2531 5878 Domns
2567 5820 2750 5888 Israel,
2790 5819 3065 5875 benedicite
3092 5817 3337 5873 Domina.
3365 5814 3563 5878 Damus
