4222 6440
744 392 849 444 δειυ

744 504 932 565 Aaron,
965 501 1235 557 benedici“
1261 500 1497 556 Domino.
1526 499 1615 555 20.
1648 498 1839 553 Domus
1876 498 2011 557 Levi.
2040 498 2312 552 benedici“

740 589 974 644 Domino.
1012 591 1113 657 Qui
1138 590 1319 644 timetis
1342 587 1631 653 Domitium,
1660 589 1930 643 benedicite
1956 586 2188 641 Domino.
2217 587 2306 641 2|.

740 681 1035 736 Benedictus
1057 681 1308 736 Dominus
1336 697 1399 735 cz
1424 680 1574 746 Sion,
1600 680 1686 751 qui
1711 677 1901 734 habitat
1925 680 1976 733 in
2005 678 2308 735 Jerusalem.

813 772 1215 827 Benedictiauum
1244 771 1558 839 diluenda.
1586 800 1659 812 —
1678 770 1787 825 Cur
1823 786 1950 841 ergo
1979 785 2085 827 non
2125 784 2313 825 omnes

734 860 893 917 simul
927 873 1097 927 vocat,
1123 862 1216 916 sed
1259 863 1311 915 in
1341 861 1553 916 ordines
1591 860 1875 917 dividens?
1915 859 1984 916 Ut
2010 862 2149 916 scias
2194 874 2312 915 esse

740 968 981 1023 magnam
999 952 1344 1011 differentiam
1365 949 1769 1007 benedictionis.
1788 950 1957 1006 Aliter
1967 950 2109 1005 enim
2129 964 2310 1005 sacer-

738 1044 857 1108 dos,
874 1045 1030 1099 aliter
1048 1044 1248 1109 Levita,
1261 1043 1415 1098 aliter
1437 1042 1621 1109 laicus,
1641 1042 1796 1097 aliter
1820 1041 2065 1111 immicus
2085 1040 2314 1111 populus

741 1133 1023 1197 benedieit.
1046 1133 1233 1188 Dicere
1252 1141 1449 1197 autem
1470 1129 1774 1195 Benedicite,
1796 1140 1877 1186 est
1895 1131 2107 1200 ejusqui
2128 1139 2311 1185 osten-

740 1225 817 1279 dit
848 1224 1053 1280 beatam
1084 1223 1226 1278 illam
1254 1232 1494 1278 naturam
1519 1222 1667 1278 etab
1699 1220 1913 1277 interitu
1939 1220 2188 1275 alienam.
2214 1217 2314 1272 Be-

740 1315 950 1371 uedicite
966 1315 1129 1380 enim,
1156 1314 1343 1385 inquit,
1360 1314 1499 1384 quod
1520 1312 1723 1370 liberati
1746 1313 1875 1369 estis
1887 1310 1957 1367 ab
1970 1310 2309 1375 adversariis,

738 1404 879 1475 quod
919 1404 1063 1477 digni
1104 1406 1273 1461 habiti
1301 1405 1429 1461 estis
1472 1405 1561 1477 qui
1592 1404 1749 1461 talem
1781 1403 1952 1460 Deum
1992 1402 2305 1465 adoraretis,

738 1494 883 1563 quod
908 1497 1184 1551 veritatem
1210 1495 1522 1566 movistis.
1550 1486 1809 1550 Est-enim
1834 1494 1949 1563 ipse
1974 1508 2185 1562 quoque
2215 1492 2310 1545 be-

740 1585 1002 1654 nedictus,
1029 1586 1083 1640 in
1112 1597 1299 1641 natura
1327 1586 1529 1641 habens
1556 1583 2003 1649 benedictionem,
2032 1598 2129 1636 nec
2157 1580 2311 1636 laude

739 1678 963 1731 aliorum
987 1676 1246 1747 indigens,
1266 1685 1627 1733 verumtamen
1649 1691 1743 1730 vos
1763 1690 1973 1747 quoque
1994 1674 2307 1737 benedicite,

742 1784 848 1822 non
890 1768 1030 1839 quod
1072 1769 1121 1823 ei
1148 1766 1349 1838 aliquid
1376 1783 1443 1824 es
1488 1784 1554 1823 eo
1599 1766 1838 1831 accedat,
1883 1766 1977 1823 sed
2022 1767 2162 1837 quod
2212 1767 2309 1833 ipsi

742 1874 989 1930 siiagnum
1029 1857 1256 1916 functum
1280 1874 1349 1916 ea
1386 1874 1450 1915 ea
1488 1874 1548 1915 re
1575 1860 1891 1929 percipiatis.
1920 1857 2030 1913 l-Ztsi
2059 1858 2201 1913 enim
2228 1867 2312 1914 est

741 1942 928 2005 natura
953 1947 1283 2017 benedictus,
1311 1956 1370 2005 ut
1408 1955 1554 2005 certe
1578 1958 1689 2013 est,
1733 1948 1845 2002 vult
1874 1958 2047 2004 tamen
2074 1948 2235 2003 etiam
2277 1962 2308 2002 a

741 2030 895 2095 nobis
1200 2038 1329 2096 Sion
1353 2046 1531 2094 autem
1560 2052 1744 2093 rursus
1769 2046 2047 2104 memerat,
2075 2036 2309 2093 et'Jeru-

740 2131 926 2186 salem.
956 2129 1213 2197 Quoniam
1237 2130 1379 2186 enim
1401 2130 1510 2186 illic
1532 2138 1647 2185 erat
1668 2131 1954 2187 constituta
1977 2144 2162 2187 eorum
2193 2144 2309 2185 res-

739 2221 969 2293 publica.
991 2219 1097 2278 illic
1114 2221 1364 2279 fundatus
1381 2230 1497 2280 erat
1520 2237 1707 2279 eorum
1731 2222 1925 2289 cultus,
1944 2229 2000 2278 et
2017 2236 2084 2277 es
2106 2235 2174 2278 eo
2192 2221 2311 2276 loco

738 2312 1065 2369 sumebantur
1090 2324 1147 2370 et
1174 2313 1603 2378 instituebantur,
1632 2313 1745 2369 vult
1770 2328 1833 2370 ea
1862 2313 1978 2369 loca
2006 2314 2307 2369 veneranda

738 2416 803 2457 ac
844 2401 1122 2473 anguinea
1166 2401 1523 2472 reddereipso
1564 2401 1657 2458 Dei
1699 2404 2038 2473 cognomine,
2085 2410 2143 2457 ut
2187 2418 2308 2458 eum

737 2492 1260 2560 esseutweneranda,
1289 2492 1461 2562 majus
1486 2492 1695 2548 illorum
1720 2502 1861 2548 esset
1885 2492 1937 2549 in
1962 2509 2025 2549 ea
2053 2494 2308 2559 studium,

739 2592 795 2638 et
817 2599 941 2640 eum
962 2595 1104 2640 esset
1130 2587 1299 2654 majus
1322 2585 1577 2649 studium,
1608 2586 1674 2640 ad
1698 2601 1759 2641 ea
1789 2585 1955 2657 magis
1977 2585 2311 2640 attraberen-

740 2673 1085 2735 tur,atlracti
1108 2688 1253 2733 vero.
1284 2674 1336 2729 in
1363 2674 1454 2730 Dei
1494 2675 1694 2730 cultum
1722 2676 1890 2747 magis
1912 2673 2268 2746 deligeremur
2287 2713 2305 2741 ,

737 2762 893 2815 dctixi
938 2772 1138 2827 autem,
1182 2761 1247 2818 ad
1294 2762 1550 2834 majorem
1596 2764 1840 2819 virtutem
1881 2764 2305 2829 deducerentur,

739 2865 955 2923 propter
990 2870 1147 2923 quam
1190 2855 1365 2909 omnia
1413 2856 1548 2911 laeta
1594 2864 1736 2911 sunt.
1778 2854 1882 2911 Sed
1924 2866 2049 2911 tunc
2094 2856 2309 2927 quidem

736 2955 890 3000 erant
916 2943 1208 3001 Jerusalem
1251 2955 1304 3001 et
1348 2945 1497 3011 Sion,
1545 2948 1702 3001 hodie
1744 2960 1919 3002 autem
1955 2948 2068 3003 cmli
2105 2957 2166 3004 et
2191 2964 2309 3024 quae

737 3024 861 3091 situt
902 3037 953 3090 in
979 3037 1140 3091 melis.
1171 3038 1244 3092 lili
1285 3054 1413 3107 ergo
1456 3053 1573 3105 nos,
1611 3054 1813 3109 qumso,
1839 3038 1996 3093 di-lixi
2023 3039 2209 3102 simus.
2253 3048 2309 3094 ut

738 3125 910 3180 l'utnra
953 3128 1112 3181 etiam
1140 3126 1274 3181 bona
1299 3141 1706 3198 consequamur,
1732 3129 1898 3197 gratia
1925 3138 1976 3183 et
2002 3129 2301 3189 misericuro

735 3215 822 3271 dia
856 3216 1057 3271 Domini
1084 3216 1249 3272 nostri
1284 3215 1414 3274 leto
1438 3217 1657 3287 Christi,
1686 3218 1771 3274 cui
1813 3216 1978 3289 gloria
2017 3218 2071 3273 in
2112 3218 2307 3273 stt-cuia

736 3307 1071 3361 mulorum.
1104 3310 1292 3362 Amen.
2224 3322 2233 3329 '

1160 3395 1225 3450 lN
1262 3395 1579 3453 ρειιιιιιιι
1628 3394 1887 3453 CXXXV.

775 3488 825 3544 Ι.
864 3483 1180 3555 Conﬁtensiui
1204 3486 1451 3549 Domino.
1477 3487 1714 3556 quoniam
1735 3489 1892 3541 bonus
1912 3528 1925 3550 ,
1956 3488 2191 3557 quoniam
2217 3487 2269 3540 in

1120 3578 1357 3631 suculam
1396 3578 1739 3631 misericordia
1785 3580 1912 3647 ejus.

808 3667 858 3721 Ι.
903 3664 1036 3720 Deus
1064 3675 1301 3737 perpetuo
1329 3667 1605 3721 miseretur.
1634 3696 1704 3707 —-—
1734 3666 2015 3735 Postquam
2063 3678 2185 3721 ante
2227 3668 2304 3720 lo-

733 3765 928 3827 quutus
951 3768 1033 3811 est
1060 3756 1127 3811 de
1157 3757 1245 3813 Dei
1274 3757 1326 3812 in
1357 3756 1596 3812 homines
1617 3756 1908 3822 beneficiis,
1938 3759 2004 3813 de
2030 3758 2144 3827 ejus
2171 3764 2303 3828 quo-

732 3866 838 3918 que
858 3848 1237 3904 misericordiae
1266 3848 1627 3919 magnitudine
1648 3849 1878 3915 disserit,
1910 3866 2013 3903 non
2044 3866 2160 3903 eam
2188 3866 2301 3903 me-

733 3934 871 3992 tiens
904 3954 918 3992 :
953 3954 1051 3994 nec
1075 3940 1217 3993 enim
1241 3937 1293 3992 id
1318 3938 1429 3993 lleri
1453 3948 1653 4009 potest;
1686 3938 1787 3993 sed
1808 3955 1899 4007 per
1926 3939 2183 3993 infinitum
2210 3956 2305 3993 vo-

738 4030 853 4083 lens
872 4028 1152 4083 ostendere
1180 4030 1295 4097 ejus
1328 4029 1763 4098 uiagnitudinem,
1794 4028 2085 4097 iuvitatque
2114 4044 2303 4083 omnes

731 4121 799 4175 ad
844 4122 1301 4189 glorificatiouem,
1324 4124 1505 4177 dicens
1533 4140 1547 4177 ε
1571 4122 1886 4189 Couﬁtemini
1911 4122 2129 4177 Domino
2157 4140 2174 4176 :
2204 4123 2303 4177 hoc

730 4223 833 4277 est.
866 4212 1072 4270 Gratias
1097 4216 1253 4285 agite,
1280 4214 1486 4269 laudate
1515 4215 1963 4284 ipsum.Quoniam
1983 4218 2036 4268 in
2062 4216 2301 4269 siccatum

736 4305 1075 4358 misericordia
1111 4308 1241 4375 ejus.
1285 4305 1419 4371 Quid
1464 4317 1580 4370 est,
1613 4303 1679 4359 In
1735 4306 2161 4361 steculunt2Non
2206 4308 2302 4360 ali-

736 4393 946 4461 quando
978 4394 1225 4462 quidem,
1255 4394 1450 4464 inquit,
1490 4395 1747 4449 beneﬂcio
1773 4395 1972 4458 afﬁcit,
2014 4396 2301 4465 aliquando

736 4499 867 4536 vero
898 4484 1096 4537 recedit
1123 4502 1136 4537 :
1168 4500 1336 4553 neque
1363 4484 1519 4538 modo
1551 4486 1833 4541 miseretur
1852 4526 1867 4547 ,
1898 4484 2053 4538 modo
2083 4486 2297 4552 desinit,

732 4575 871 4643 quod
898 4576 1071 4629 evenit
1101 4576 1152 4629 in
1182 4575 1482 4630 hominibus
1503 4615 1518 4638 ,
1548 4591 1683 4644 quos
1724 4574 1969 4645 prohibet
1990 4576 2149 4627 animi
2179 4590 2300 4643 per-

733 4668 983 4730 turbatio,
1010 4667 1258 4728 distrahit
1282 4666 1476 4722 fractus
1500 4678 1553 4723 et
1596 4669 1838 4736 abiectus
1866 4668 2093 4727 animus.
2129 4668 2299 4737 impe-

732 4762 809 4814 dit
838 4759 1165 4830 obsequium,
1199 4775 1296 4815 nec
1328 4761 1630 4829 permittunt
1662 4761 1789 4815 varii
1818 4776 1992 4825 casus,
2018 4776 2301 4829 rerumque

729 4846 963 4904 conditio
992 4859 1087 4904 :at
1135 4849 1275 4905 Deus
1324 4867 1425 4904 non
1476 4860 1556 4905 est
1574 4850 1869 4919 ejusmodi,
1912 4851 2004 4903 sed
2047 4861 2300 4919 perpetuo

733 4940 1033 5005 miseretur,
1062 4955 1161 4997 nec
1200 4955 1445 5011 umquam
1470 4940 1661 4995 desiuit
1710 4940 1811 4995 hoc
1851 4940 2058 5003 lacere,
2091 4942 2298 4994 etiamsi

732 5028 835 5083 hoc
864 5030 1019 5084 faciat
1046 5031 1209 5088 variis
1232 5040 1286 5086 et
1307 5030 1533 5085 diversis
1562 5031 1749 5085 modis.
1774 5030 1999 5098 Semper
2040 5046 2167 5099 ergo
2196 5033 2296 5084 ιιιὶ-

730 5131 957 5184 seretur,
987 5137 1085 5177 nec
1112 5138 1360 5193 umquam
1386 5132 1559 5177 cessat
1604 5122 1862 5177 beneﬂcio
1900 5122 2143 5175 homines
2186 5120 2300 5175 atii-

728 5229 873 5268 cere.
904 5212 1101 5268 Deinde
1125 5222 1401 5284 postquam
1432 5214 1567 5269 dixit
1591 5228 1715 5269 eum
1745 5212 1986 5269 misereri
2017 5222 2272 5281 perpetuo

728 5303 963 5359 ostendit
994 5305 1153 5361 etiam
1203 5315 1510 5374 argumenta
1558 5303 1967 5371 misericordias,
1994 5304 2134 5374 quod
2182 5305 2299 5372 ejus

728 5395 1089 5449 misericordia
1116 5410 1329 5463 semper
1355 5405 1597 5457 maneat,
1630 5410 1695 5449 es
1725 5395 1790 5448 iis
1817 5409 1936 5464 quas
1964 5394 2209 5449 videntur
2232 5409 2295 5447 ea

727 5498 1019 5549 asserens;
1058 5475 1395 5553 etquoniam
1445 5500 1538 5540 eos
1586 5484 1882 5539 deducebat
1934 5485 1999 5538 ad
2048 5487 2295 5554 pietatem

731 5591 1014 5644 veramque
1076 5575 1412 5646 religionem,
1466 5576 1585 5631 vide
1626 5575 1894 5647 quomodo
1942 5592 2063 5631 eum
2111 5591 2297 5631 rursus

728 5665 933 5721 confert
968 5681 1086 5719 cum
1143 5665 1245 5721 diis
1294 5666 1597 5737 gentilium,
1625 5667 1689 5721 ad
1734 5675 1945 5735 captum
1994 5667 2294 5720 auditorum

729 5752 913 5812 eodem
945 5756 1100 5810 modo
1126 5772 1183 5812 se
1208 5758 1509 5813 demittcns.
1542 5757 1674 5823 Quid
1707 5758 1846 5813 enim
1873 5756 2035 5812 dicit?
2054 5756 2107 5811 2.
2133 5756 2295 5825 Con/i-

1447 389 1505 443 S.
1542 386 1816 444 JOANNIS
1851 383 2327 443 CllllYSOaTOHl
2369 384 2682 441 ARCHIEP.
2723 384 3257 444 CONSTANTINOP.

3887 388 4009 443 ιω

2418 498 2589 551 tensiui
2616 496 2722 553 Deo
2740 500 2952 554 deorum
2974 516 2997 559 :
3022 500 3242 569 singulis
3262 498 3587 569 sulojungens
3605 541 3622 563 ,
3650 500 3903 564 Quonim
3945 504 4005 556 iss

2414 591 2655 644 secutum
2678 592 3019 646 misericordia
3042 595 3171 660 ejus.
3202 589 3268 653 Et
3288 632 3303 655 ,
3328 590 3382 645 ὅ.
3410 588 3726 657 Con/itemitei
3775 591 4005 644 Ιὶοηιίιρο

2415 680 2735 734 dominorum
2782 678 2953 752 (Psal.
3002 681 3122 737 154.
3164 682 3243 753 5).
3284 681 3340 737 lo
3400 680 3718 752 prudenti
3770 684 4005 750 quidem

2416 770 2630 826 Pssimo
2664 771 2871 827 «licebat
2901 788 3023 828 eum
3043 788 3164 829 esse
3190 788 3299 845 pne
3326 772 3575 828 omnibus
3607 772 3711 829 diis
3738 791 3752 825 :
3778 772 3864 827 bic
3896 789 4012 829 au-

2417 872 2522 917 tem
2551 863 2727 918 adhuc
2750 865 3000 933 amplius,
3032 872 3155 919 eum
3185 879 3306 920 esse
3332 864 3541 919 illorum
3570 864 3766 920 Herum
3794 874 3848 921 et
3886 865 4006 919 Dn-

2414 954 2808 1015 miuum,'sive
2851 955 3114 1010 idolorum
3161 955 3329 1023 dicas,
3361 956 3474 1012 sive
3504 955 3825 1013 demunt.
3876 957 4004 1012 Etsi

2412 1044 2557 1097 enim
2596 1044 2914 1102 olenderint
2938 1047 3208 1102 ἀειηοηθε
3227 1086 3244 1112 ,
3270 1047 3483 1118 sintque
3504 1048 3702 1119 probro
3737 1058 3794 1103 et
3829 1049 4001 1119 igno-

2417 1134 2579 1190 minia
2623 1137 2812 1204 notati,
2839 1139 2985 1192 servi
3016 1148 3191 1194 tamen
3227 1147 3386 1205 sunt,
3415 1140 3572 1209 eique
3605 1140 3820 1195 subditi.
3853 1142 4000 1196 Pro-

2415 1234 2597 1293 pterea
2665 1240 2831 1297 ergo.
2889 1225 3099 1297 inquit,
3152 1228 3475 1283 coniitemini
3501 1269 3517 1295 ,
3560 1229 3700 1299 quod
3744 1229 4001 1284 habeatis

2418 1314 2582 1370 Deum
2608 1317 2842 1371 ninnium
2863 1331 3193 1387 supremmn,
3220 1318 3307 1373 cui
3335 1318 3511 1373 nullus
3535 1327 3618 1375 est
3641 1318 3829 1373 similis
3849 1360 3863 1382 ,
3896 1318 3999 1388 (ιιιί

2414 1403 2588 1459 Herus
2628 1414 2712 1460 est
2750 1406 2985 1462 omnium
3013 1417 3070 1463 et
3098 1407 3374 1463 Dominus.
3402 1410 3562 1477 Atqui
3605 1408 3797 1462 dicitur
3822 1406 3997 1462 etiam

2414 1495 2555 1551 Deus
2584 1492 2771 1552 eorum
2797 1497 2885 1567 qui
2925 1498 3000 1552 illi
3032 1498 3277 1567 placent,
3308 1508 3366 1553 ut
3411 1498 3626 1569 quando
3669 1498 3800 1553 dicit
3828 1515 3855 1551 :.
3880 1496 4000 1566 Ege

2412 1603 2525 1641 sum
2551 1586 2689 1642 Deus
2714 1588 2990 1654 Abraham,
3009 1587 3145 1644 Deus
3171 1588 3342 1655 Isaac,
3373 1599 3420 1643 et
3449 1588 3585 1643 Deus
3602 1589 3763 1643 Iacob
3788 1588 3992 1660 (llud.

2414 1678 2468 1734 5.
2499 1677 2579 1748 6).
2604 1677 2882 1746 Quomodo
2904 1693 3033 1749 ergo
3063 1679 3152 1735 hic
3175 1679 3322 1746 dicit,
3348 1679 3656 1734 Dmmouum
3676 1679 3701 1731 ἲ
3724 1676 4005 1733 Sedulus!

2413 1766 2586 1833 aliter,
2613 1775 2669 1822 et
2698 1767 2801 1822 hoc
2828 1767 3002 1822 aliter.
3033 1768 3145 1822 lii.c
3168 1769 3311 1823 enim
3340 1776 3400 1823 ut
3423 1766 3669 1822 ostendat
3707 1766 3998 1821 familiari.

2414 1865 2576 1913 tatem
2604 1867 2659 1913 et
2698 1860 3154 1927 oonjunctionem,
3194 1875 3549 1929 magnumque
3592 1872 3747 1913 suum
3793 1858 3849 1913 in
3892 1871 4001 1913 eos

2410 1962 2648 2003 amorem
2683 1966 2698 2003 :
2725 1948 2811 2004 hic
2837 1960 3036 2015 autem,
3063 1959 3121 2005 ut
3144 1964 3291 2005 suam
3318 1948 3581 2020 signiticet
3617 1947 3990 2004 eminentiam.

2484 2036 2737 2092 Hirscqu
2788 2038 2882 2093 Dei
2919 2058 3020 2093 non
3057 2041 3293 2110 potentia
3333 2042 3498 2094 solum
3540 2049 3679 2105 sunt.
3710 2039 3802 2095 ml
3836 2041 3997 2093 etiam

2410 2126 2748 2199 benignitatis.
2784 2128 2975 2185 Catum
3004 2142 3207 2199 propter
3231 2130 3483 2185 hominem
3506 2132 3741 2201 factum;
3765 2128 3993 2185 densetae-

2412 2226 2579 2273 toruut
2599 2219 2867 2274 usum-4.
2892 2214 3001 2281 Qui
3023 2214 3155 2285 facit
3182 2220 3435 2275 mirabilia
3456 2220 3794 2292 ..σκιάει
3816 2235 4005 2284 επισ-

2413 2308 2550 2363 uiuus
2570 2309 2624 2364 iu
2644 2309 2883 2379 secutum
3278 2311 3411 2381 ejus.
3448 2310 3733 2381 Postquam
3758 2308 3997 2365 asseruit

2412 2412 2534 2452 eum
2560 2412 2681 2454 esse
2706 2398 2929 2453 deorum
2955 2400 3152 2454 Herum
3199 2408 3256 2455 et
3294 2398 3602 2472 inmanium,
3633 2400 3988 2457 mrtionem

2412 2486 2666 2557 deinceps
2691 2487 2909 2558 probat,
2941 2498 2995 2545 ut
3018 2488 3160 2559 quod
3197 2490 3399 2546 dictum
3440 2497 3525 2545 est
3566 2489 3880 2566 conﬁrmat.
3920 2503 3997 2545 ea

2414 2579 2647 2649 potentia
2669 2594 2794 2635 eum
2819 2595 3002 2636 rursus
3028 2580 3343 2651 prrdicans.
3364 2580 3481 2637 Non
3500 2581 3634 2641 dixit
3652 2591 3854 2648 autem,
3884 2579 3994 2649 Qui

2414 2667 2540 2725 fecit
2557 2710 2575 2735 ,
2602 2668 2695 2725 sed
2712 2708 2731 2735 ,
2762 2667 2863 2736 Qui
2888 2674 3012 2740 facit
3030 2709 3047 2731 .
3075 2670 3367 2726 «uadens
3393 2686 3517 2727 eum
3541 2670 3756 2726 assidue
3781 2670 3989 2727 beneﬁo

2410 2760 2496 2815 cio
2523 2758 2780 2825 allicere",
2808 2776 3001 2831 resque
3023 2761 3360 2816 admirabiles
3379 2800 3397 2827 ,
3424 2771 3481 2817 et
3528 2777 3648 2830 quae
3700 2771 3826 2817 sunt
3867 2762 3990 2832 opi-

2414 2848 2573 2903 nione
2608 2848 2875 2920 majores,
2902 2850 3095 2906 facere.
3145 2849 3273 2907 Hac
3310 2858 3487 2906 autem
3526 2851 3633 2905 duo
3679 2851 3826 2921 ponit
3867 2867 3990 2922 qua

2412 2946 2539 2991 sunt
2585 2938 2637 2993 in
2687 2954 2754 2994 eo
2794 2940 3021 3005 eximia,
3052 2949 3107 2995 et
3148 2939 3289 3009 quod
3319 2938 3512 3007 iaciat,
3542 2948 3598 2995 et
3647 2940 3789 3009 quod
3836 2940 3993 2995 salus

2414 3029 2611 3086 iaciat:
2651 3039 2808 3101 atque
2858 3030 2993 3085 adeo
3032 3032 3129 3085 tria
3175 3041 3231 3086 et
3293 3042 3551 3102 quatuor;
3606 3046 3799 3101 nempe
3843 3032 3986 3102 quod

2414 3119 2589 3185 iaciat,
2609 3121 2749 3189 quod
2781 3122 3053 3184 miracula,
3083 3122 3222 3193 quod
3248 3138 3433 3193 magna
3464 3124 3736 3187 miracula,
3762 3132 3818 3181 et
3842 3121 3995 3193 quod

2410 3212 2557 3265 solus
2589 3211 2766 3266 faciat.
2796 3212 2919 3266 llaec
2942 3222 3119 3266 autem
3160 3212 3298 3267 dicta
3322 3220 3449 3267 sunt
3474 3229 3577 3267 non
3606 3222 3663 3267 ut
3691 3212 3987 3283 vilipeude-

2412 3311 2558 3357 retur
2583 3302 2747 3357 Filius
2766 3343 2783 3367 ,
2812 3302 2905 3358 sed
2938 3311 2995 3358 ut
3017 3303 3157 3358 inter
3181 3318 3301 3359 eum
3331 3312 3389 3358 et
3423 3303 3693 3358 dzemones
3728 3303 3991 3358 ostende.

2412 3402 2561 3447 retur
2604 3392 2891 3448 discrimen
2934 3400 2991 3449 et
3030 3393 3318 3449 distinctio.
3350 3394 3415 3448 Et
3440 3409 3683 3464 quasnam
3726 3393 3833 3447 sint
3870 3382 3987 3447 hinc

2412 3484 2663 3538 miracula
2696 3499 2884 3555 magna
2908 3485 3181 3540 videamus
3199 3527 3215 3553 ,
3246 3500 3366 3555 quae
3391 3486 3536 3540 solus
3558 3484 3699 3540 facit.
3732 3488 3907 3555 Atque
3928 3486 3986 3538 in

2412 3574 2674 3644 principio
2695 3591 2799 3629 non
2827 3575 3142 3645 loquebatur
3163 3574 3230 3631 de
3252 3575 3506 3645 potentia,
3529 3575 3622 3630 sed
3649 3575 3716 3631 de
3742 3575 3985 3644 beniguio

2413 3678 2517 3723 tate
2546 3677 2599 3723 et
2622 3668 2923 3737 clementiq.
2954 3667 3275 3736 Coujitemini
3300 3669 3468 3731 enim,
3499 3667 3701 3736 inquit,
3722 3666 3979 3731 Domino,

2408 3760 2645 3830 quoniam
2675 3759 2850 3812 bonus.
2869 3756 3143 3825 Quomodo
3166 3772 3296 3828 ergo
3318 3756 3529 3820 accidit,
3546 3765 3602 3811 ut
3628 3771 3768 3811 nunc
3792 3757 3980 3832 loqua-

2411 3858 2495 3903 tur
2518 3849 2586 3904 de
2614 3848 2892 3917 potentia?
2916 3847 3179 3915 Quoniam
3206 3848 3321 3902 hanc
3360 3847 3612 3902 miracula
3655 3863 3761 3903 non
3805 3847 3979 3902 solum

2409 3949 2530 3994 sunt
2558 3940 2845 4005 potentiae,
2877 3938 2972 3994 sed
3002 3939 3160 3993 etiam
3190 3938 3531 4008 benignitatis
3558 3946 3611 3993 et
3655 3938 3977 3993 clementia}.

2410 4032 2663 4097 Qnmnam
2695 4038 2872 4084 autem
2910 4037 3033 4083 sunt
3077 4028 3330 4083 miracula
3370 4028 3675 4091 ostendens,
3710 4027 3980 4096 subjungit

2407 4120 2587 4175 dicens
2616 4138 2629 4173 :
2659 4120 2712 4174 5.
2747 4119 2845 4185 Qui
2869 4120 2982 4189 fecit
3009 4120 3155 4173 calas
3181 4120 3230 4171 in
3258 4118 3528 4172 intellectu.
3559 4120 3610 4173 6.
3633 4118 3733 4183 Qui
3760 4119 3979 4186 ﬁrmarit

2409 4221 2593 4264 terram
2614 4227 2763 4276 super
2792 4227 2966 4279 aquas.
2997 4210 3180 4274 Alius,
3225 4209 3325 4274 Qui
3365 4209 3653 4279 compilavit
3694 4218 3879 4262 terram
3924 4210 3979 4263 in

2408 4304 2573 4369 aquis.
2602 4302 2655 4355 Ἰ.
2691 4301 2787 4366 Qui
2809 4300 2923 4370 fecit
2955 4300 3226 4353 luminaria
3251 4317 3435 4370 magna
3458 4300 3611 4354 solus.
3639 4299 3692 4353 8.
3723 4298 3896 4354 Solem
3926 4301 3977 4353 in

2408 4400 2698 4463 potestatem
2724 4390 2842 4443 diei.
2872 4389 2926 4445 9.
2956 4388 3152 4443 Lunam
3181 4399 3228 4443 et
3278 4388 3449 4444 stellas
3482 4390 3533 4441 in
3565 4398 3857 4457 potestatem
3887 4406 3977 4443 no-

2406 4484 2518 4535 ctis.
2551 4482 2672 4536 ibec
2693 4480 2791 4535 etsi
2824 4480 2939 4549 ejus
2971 4478 3260 4549 potentiam
3289 4489 3343 4534 et
3366 4481 3677 4551 sapientiam
3703 4481 3933 4535 indicant
3956 4522 3972 4547 ,

2409 4583 2641 4627 attamen
2679 4572 2794 4640 ejus
2820 4586 3032 4640 quoque
3077 4585 3321 4640 magnam
3371 4570 3748 4639 benignitatem
3792 4583 3973 4626 osten-

2404 4664 2557 4718 dunt.
2587 4663 2721 4729 Quia
2747 4664 2891 4716 enim
2917 4669 3039 4715 sunt
3066 4660 3201 4715 adeo
3224 4676 3431 4731 magna,
3459 4660 3698 4730 pulchra.
3719 4670 3773 4715 et
3800 4662 3970 4728 [ii-ma,

2405 4760 2544 4811 vires
2574 4756 2689 4823 ejus
2734 4763 2786 4808 et
2828 4754 3140 4821 sapientiam
3173 4743 3459 4819 praedicant
3492 4768 3503 4803 :
3533 4752 3671 4820 quod
3700 4766 3761 4805 ea
3798 4759 3973 4807 autem

2408 4859 2622 4918 propter
2650 4861 2746 4899 nos
2772 4854 2824 4899 et
2847 4860 2999 4899 usum
3046 4853 3283 4897 nostrum
3325 4841 3461 4896 facta
3492 4844 3601 4895 sint
3625 4884 3637 4905 ,
3673 4842 3973 4913 benignita-

2407 4950 2510 4993 tem
2552 4947 2606 4993 et
2654 4946 2959 5007 perpetuam
3004 4935 3313 4988 bonitatem.
3337 4934 3493 4987 \‘ides
3523 4934 3788 5003 quomodo
3812 4935 3886 4989 sit
3923 4933 3971 4990 in

2404 5042 2658 5085 aeternum
2699 5030 2813 5097 ejus
2849 5024 3543 5080 misericordia?Noncuim
3581 5024 3647 5079 ad
3696 5025 3881 5080 decem
3921 5035 3973 5083 ut

2406 5121 2583 5191 viginti
2618 5129 2818 5173 tantum
2846 5130 3015 5171 annos
3060 5115 3175 5169 hmo
3222 5115 3362 5177 fecit.
3394 5130 3567 5184 neque
3604 5114 3669 5169 ad
3719 5128 3967 5181 centum,

2404 5211 2626 5265 ducenta
2650 5250 2663 5271 ,
2695 5221 2747 5262 et
2775 5207 2955 5271 millia,
2983 5206 3075 5260 sed
3104 5221 3167 5260 ea
3196 5206 3331 5259 uitta
3354 5214 3517 5260 totam
3552 5209 3707 5260 vitam
3736 5217 3968 5264 nostram

2404 5300 2671 5370 produxit.
2735 5299 2800 5363 Et
2844 5296 2963 5351 ideo
3014 5295 3115 5351 hoc
3159 5294 3495 5367 significans,
3550 5296 3601 5350 in
3658 5312 3970 5369 unoquoque

2404 5407 2560 5446 versu
2600 5390 2904 5458 subjungit,
2940 5387 3192 5455 Quoniam
3233 5387 3288 5441 in
3329 5387 3571 5442 seculnam
3630 5388 3971 5444 misericordis

2403 5484 2530 5551 ejus.
2565 5481 2631 5535 Et
2658 5478 2796 5549 quod
2820 5487 2902 5532 est
2933 5478 3303 5533 admirandum
3328 5518 3344 5544 ,
3373 5492 3438 5532 ea
3478 5476 3599 5533 fecit
3629 5478 3844 5546 quidem
3875 5496 3889 5531 :
3921 5489 3968 5532 et

2402 5589 2521 5629 cum
2549 5573 2683 5627 facta
2709 5578 2907 5633 essent,
2925 5569 3073 5625 dedit
3096 5570 3162 5624 ab
3189 5570 3337 5624 initio
3360 5586 3375 5624 :
3398 5569 3495 5624 sed
3518 5580 3793 5639 postquam
3816 5571 3966 5624 Ιιοιιιιι

2406 5674 2769 5733 transgressus
2799 5669 2903 5727 est,
2928 5675 2993 5715 ne
3021 5660 3099 5714 sic
3123 5659 3337 5729 quidem
3373 5676 3493 5714 eum
3525 5660 3726 5727 expulit
3748 5702 3760 5721 ,
3791 5659 3885 5713 sed
3912 5677 3967 5714 ea

2404 5771 2521 5826 qua:
2573 5753 2621 5809 ei
2655 5751 2875 5807 dederat
2918 5765 3038 5805 cum
3090 5766 3194 5804 non
3246 5758 3536 5819 peccasset.
3561 5750 3770 5818 rcliquit
3813 5752 3966 5805 etiam
