4222 6442
234 415 339 472 till

236 526 471 586 fruenda
503 530 626 594 post
656 524 958 591 peccatum,
990 524 1097 594 nec,
1111 505 1386 585 prohibuit
1410 500 1699 585 quominus
1724 507 1846 569 post

237 618 378 680 illud
404 623 687 690 peccatum
705 612 787 668 eis
806 607 882 665 uti
905 615 962 663 et
980 604 1082 659 lrui
1103 607 1306 672 posset.
1320 597 1513 681 Neque
1528 608 1659 649 vero
1684 605 1850 690 unum

238 680 438 769 celum
458 709 639 765 solum
663 704 806 767 fecit,
832 699 928 756 sed
949 698 1111 755 etiam
1138 696 1405 750 alterum:
1431 687 1520 772 vel
1540 686 1609 741 ab
1630 680 1854 741 exordio

237 802 551 861 ostendens
570 814 674 854 nos
699 796 769 851 ab
794 809 864 851 eo
891 808 1000 847 non
1029 771 1435 859 relinquendos
1454 784 1510 838 in
1543 791 1686 864 terra
1711 820 1728 845 ,
1756 777 1853 834 sed

239 897 369 952 fore
396 902 453 952 ut
478 908 578 948 nos
605 890 731 944 hinc
754 874 1164 942 transferantur:
1185 880 1243 935 Si
1268 878 1414 934 enim
1438 889 1553 932 nou
1580 879 1731 929 esset
1753 885 1854 927 nos

239 990 379 1046 illuc
399 984 780 1047 translaturus,
798 994 897 1034 cur
924 974 1242 1047 productum
1268 976 1417 1026 esset
1433 964 1651 1023 calum?
1672 962 1857 1033 Neque

240 1081 398 1139 enim
422 1085 507 1134 est
535 1075 639 1130 hoc
666 1073 742 1129 illi
766 1071 1094 1133 elementum
1118 1064 1254 1120 utile
1278 1060 1472 1133 anulla
1500 1073 1561 1115 re
1589 1056 1735 1112 enim
1768 1056 1856 1111 in-

238 1169 401 1241 diget
431 1184 448 1222 :
480 1161 577 1220 sed
605 1168 729 1219 cum
775 1160 904 1215 velit
937 1172 1038 1213 nos
1088 1155 1218 1211 illuc
1255 1168 1287 1208 a
1335 1162 1478 1207 terra
1531 1148 1814 1204 traducem
1837 1186 1854 1209 ,

242 1257 581 1334 prmparavit
606 1251 932 1309 habitacula.

324 1398 382 1454 2.
421 1396 783 1468 Quamobrem
829 1406 952 1448 cum
984 1390 1102 1445 haec
1126 1388 1296 1468 sciret
1326 1382 1610 1458 propheta,
1644 1381 1857 1438 unicui-

244 1508 362 1563 que
382 1466 561 1547 versui
589 1485 866 1559 subiungit
904 1504 919 1540 :
951 1485 1019 1540 In
1048 1466 1295 1540 secutum
1325 1478 1677 1536 Misericordia
1698 1477 1857 1549 ‘ejus,

245 1572 529 1639 admirans
560 1582 683 1652 ejus
706 1579 1113 1650 benignitatem
1144 1574 1246 1642 Qui
1292 1572 1523 1642 ﬁrmauit
1545 1580 1734 1625 terram
1773 1584 1862 1622 su-

252 1692 353 1747 per
397 1690 576 1746 aquas.
611 1663 747 1728 Vide
803 1670 891 1726 hic
935 1682 1153 1740 quoque
1205 1675 1395 1746 rursus
1445 1663 1856 1732 benignitatem.

251 1766 554 1839 Postquam
582 1755 889 1821 enim’facti~
911 1754 1100 1817 sumus
1141 1758 1426 1822 mortales,
1456 1764 1513 1812 et
1549 1756 1617 1811 eo
1657 1752 1862 1809 redacti

253 1872 470 1933 sumus,
510 1867 569 1912 ut
606 1854 791 1912 multis
829 1842 1133 1924 egeremus,
1162 1849 1242 1906 ne
1260 1851 1341 1906 sic
1359 1848 1580 1920 quidem
1602 1859 1711 1903 nos
1733 1844 1863 1901 reli-

254 1936 379 2030 quit
407 1990 426 2017 ,
455 1950 551 2005 sed
578 1947 666 2003 hic
691 1961 907 2019 quoque
939 1944 1156 2001 interim
1200 1941 1357 1997 nobis
1372 1949 1683 2011 congruum
1714 1934 1866 2023 dedit

256 2020 653 2113 habitaculum,
676 2048 733 2097 et
759 2047 838 2095 tot
867 2038 1140 2111 tantisque
1165 2050 1279 2091 suae
1304 2030 1650 2109 benignitatis
1668 2020 1864 2113 claris-

258 2135 417 2192 simis
461 2108 673 2191 indiciis
703 2108 1259 2192 terramreferSitmt
1306 2143 1379 2183 ne
1418 2126 1599 2181 verbis
1643 2108 1865 2196 quidem

259 2242 328 2285 ea
357 2226 565 2299 possint
587 2222 865 2296 explicari.
896 2215 1169 2293 Propheta
1193 2218 1326 2292 ergo
1352 2226 1475 2275 cum
1505 2216 1786 2291 incidisset
1810 2217 1864 2272 in

262 2319 518 2391 abyssum
547 2317 738 2373 horum
786 2313 1198 2379 beneficiorum,
1235 2321 1290 2367 et
1328 2310 1555 2391 vidisset
1595 2307 1866 2380 quoddam

264 2388 476 2478 vastum
501 2418 558 2464 et
581 2398 908 2468 immensum
942 2394 1163 2476 pelagus
1187 2444 1203 2467 ,
1226 2388 1428 2458 e‘ssiliit
1451 2402 1559 2457 alta
1596 2415 1732 2456 voce
1758 2399 1871 2456 cla-

266 2515 443 2567 mana,
470 2510 526 2556 et
553 2500 783 2556 dicens:
812 2486 980 2565 Quam
1014 2496 1346 2572 magnificam
1393 2482 1515 2563 sunt
1551 2500 1712 2564 opera
1743 2503 1864 2560 tua,

271 2590 535 2647 Densius!
555 2589 742 2647 Omnia
794 2590 851 2644 in
892 2589 1149 2663 sapientia
1199 2587 1362 2659 fecisti
1390 2585 1566 2659 (Psal.
1598 2585 1725 2641 103.
1746 2583 1867 2655 ει).

267 2683 440 2739 Porro
459 2682 505 2738 si
532 2682 653 2753 quis
680 2680 873 2736 viderit
896 2680 1066 2734 solem
1114 2686 1171 2732 et
1207 2677 1389 2733 lunam
1413 2717 1432 2744 ,
1459 2686 1515 2731 et
1565 2664 1870 2745 temporum

266 2774 540 2840 ordinem,
562 2770 754 2829 rursus
797 2771 1000 2828 videbit
1036 2771 1349 2825 universam
1398 2769 1519 2840 ejus
1562 2767 1871 2839 benignita-

270 2879 400 2926 tem.
426 2866 612 2939 Neque
636 2862 781 2922 enim
808 2852 995 2937 parum
1018 2861 1088 2919 ad
1118 2866 1242 2918 vitae
1287 2861 1458 2918 decus
1485 2869 1541 2917 et
1576 2875 1873 2915 ornameua-

270 2972 405 3026 tum,
427 2961 538 3016 imo
561 2974 692 3014 vero
715 2957 785 3013 ad
831 2950 1000 3028 ipsam
1046 2955 1215 3012 vitam
1262 2954 1381 3009 haec
1415 2951 1579 3008 nobis
1603 2952 1875 3008 elementa

269 3044 577 3119 conferunt,
602 3063 659 3109 ut
685 3067 807 3123 qua:
834 3050 1079 3106 nutriant
1103 3047 1418 3117 fructusque
1439 3046 1733 3109 maturent,
1755 3042 1875 3100 sine

272 3148 472 3219 quibus
510 3147 616 3201 vivi
668 3160 778 3201 non
831 3151 1031 3215 potest,
1066 3136 1311 3212 tempora
1362 3138 1520 3193 nobis
1562 3136 1873 3202 ostendant,

272 3240 439 3295 horas
477 3238 803 3309 exprimant,
832 3234 938 3290 diei
970 3244 1025 3289 et
1066 3232 1242 3288 noctis
1285 3243 1481 3285 cursus
1518 3226 1873 3299 distinguant,

273 3346 373 3402 per
397 3340 596 3387 terram
621 3336 681 3385 et
699 3342 848 3383 mare
866 3326 1107 3383 viateres
1127 3321 1401 3379 deducant
1418 3362 1434 3385 ,
1454 3318 1877 3395 innumerabiles

275 3425 416 3480 alios
440 3437 571 3478 usus
605 3408 1104 3499 praebeantNidisti
1132 3413 1409 3486 quemodo
1432 3412 1505 3467 sit
1530 3412 1584 3467 in
1610 3420 1875 3498 aeternum

278 3514 652 3574 misericordia
679 3495 819 3585 ejus,
842 3508 1116 3583 quomodo
1138 3511 1192 3563 in
1221 3520 1548 3579 unoquoque
1570 3494 1733 3561 versu
1754 3503 1881 3573 iure

276 3610 386 3665 boc
399 3608 689 3680 subiungat
712 3606 972 3674 propheta
989 3600 1015 3654 τ
1034 3599 1182 3655 Alius
1210 3600 1397 3653 autem
1422 3598 1688 3677 interpres
1711 3593 1838 3648 illud
1860 3634 1875 3658 ,

280 3701 354 3757 In
381 3674 823 3772 ροιιὶιιιὲπιάίιε,
850 3695 1006 3760 dixit,
1031 3691 1103 3749 tu
1130 3688 1419 3746 dominetur
1436 3674 1538 3746 diei
1569 3687 1672 3762 (a).
1703 3686 1876 3767 Alius,

278 3793 350 3851 In
375 3801 669 3865 potestatem
693 3783 879 3854 noctii,
908 3788 1062 3853 dixit,
1093 3783 1159 3839 In
1188 3785 1489 3854 potestatem
1514 3782 1569 3837 in
1599 3781 1772 3836 nocte:
1788 3777 1878 3834 10.

282 3886 385 3950 Qui
404 3883 649 3957 percussit
675 3878 969 3952 Egyptum
1006 3894 1140 3947 cum-
1171 3870 1521 3947 pﬁntogenitis
1566 3887 1765 3936 eorum,
1790 3869 1879 3925 ll.

283 3981 385 4047 Qui
415 3978 590 4035 eduxit
615 3975 784 4047 Israel
820 3978 886 4029 de
928 3973 1094 4027 medio
1135 3987 1314 4026 eorum
1361 3966 1449 4025 l2.
1484 3965 1553 4022 In
1587 3981 1745 4020 manu
1785 3978 1883 4035 po-

280 4072 407 4127 tenti
439 4079 486 4124 et
519 4070 574 4123 in
598 4066 805 4123 brachio
837 4048 1057 4125 excelso.
1095 4052 1325 4131 Assidue
1348 4068 1529 4116 versat
1566 4057 1883 4113 miraculmn

281 4163 427 4236 quod
458 4164 513 4218 in
532 4160 767 4233 Egypto
788 4157 988 4214 factum
1011 4164 1116 4221 est,
1140 4163 1361 4237 propter
1390 4154 1657 4224 ingratum
1697 4168 1885 4207 eorum

282 4235 544 4321 animum,
574 4263 630 4310 et
653 4251 797 4323 quod
818 4264 941 4306 cum
969 4264 1034 4305 ea
1064 4235 1282 4317 sctuper
1301 4244 1670 4325 audivissent,
1697 4259 1884 4300 eorum

285 4346 756 4402 obliviscerentur.
782 4341 900 4398 Non
928 4348 1015 4396 est
1049 4350 1230 4394 autem
1275 4336 1393 4393 lucc
1412 4351 1630 4408 quoque
1672 4336 1888 4405 miseri-

285 4438 468 4494 cordia
518 4449 739 4507 parvum
790 4433 1046 4502 signum:
1078 4428 1181 4511 hoc
1211 4430 1357 4511 enim
1399 4413 1647 4482 liberavit
1676 4410 1815 4481 illos
1857 4440 1889 4480 a

287 4506 579 4594 servitute,
618 4534 675 4580 et
709 4522 943 4594 posteris
986 4519 1085 4575 fuit
1129 4506 1358 4574 occasio
1408 4511 1506 4595 Dei
1544 4511 1887 4587 cognitionis.

289 4617 450 4675 Aliud
475 4626 656 4671 autem
679 4613 770 4670 hic
802 4626 1018 4683 quoque
1043 4598 1332 4687 signiﬁcat.
1360 4605 1630 4685 Quidnam
1649 4606 1677 4661 τ
1719 4606 1890 4684 Etiam

289 4717 415 4780 post
437 4706 647 4778 plagam
685 4694 911 4759 illam'in
937 4702 1056 4776 ejus
1086 4689 1254 4769 fuisse
1279 4687 1515 4775 pote-sitia
1543 4696 1775 4765 liberare
1798 4712 1895 4751 eos

290 4813 323 4854 a
349 4796 629 4861 servitute,
656 4810 781 4850 eum
824 4793 945 4856 illos
990 4781 1199 4871 terrore
1245 4782 1631 4855 concessisset,
1658 4782 1714 4844 ei
1758 4791 1895 4844 mari

292 4889 580 4947 obruisset.
607 4888 734 4942 llaec
749 4897 940 4941 autem
965 4883 1134 4950 dicit,
1162 4878 1234 4958 ne
1256 4880 1379 4951 quis
1405 4878 1566 4951 paulo
1590 4877 1896 4936 inconside-

292 4983 463 5039 ratior
489 4988 722 5051 putaret,
744 4993 866 5035 eum
888 4976 1052 5051 jussit
1079 4986 1176 5034 eos
1197 4960 1447 5044 accipere
1472 4988 1663 5028 aurum
1686 4981 1740 5027 et
1768 4987 1895 5029 vasa

294 5084 570 5146 argentea,
600 5074 717 5126 haec
760 5077 982 5141 propter
1018 5058 1443 5125 imbecillitatem
1486 5064 1735 5135 iussisse.
1762 5062 1898 5118 Nam

297 5167 403 5223 hoc
431 5163 558 5219 fecit
580 5162 769 5219 volens
792 5160 942 5217 omni
966 5161 1175 5215 ratione
1198 5172 1322 5213 esse
1352 5156 1605 5213 terribilis
1629 5154 1896 5222 hostibus,

297 5266 355 5311 et
379 5254 665 5311 ostendere
701 5239 771 5327 se.
789 5260 846 5308 et
874 5251 926 5306 vi
952 5258 1009 5307 et
1049 5250 1366 5306 auctoritate
1404 5262 1564 5319 posse
1605 5247 1788 5303 omnia
1817 5246 1899 5301 fa-

297 5365 447 5416 cere,
477 5362 680 5420 eosque
706 5345 897 5411 fallere
916 5359 989 5401 ac.
1000 5343 1277 5416 decipere.
1302 5341 1438 5398 Nam
1456 5357 1578 5413 quae
1604 5350 1793 5413 aperte
1820 5338 1902 5397 fe-

299 5444 376 5497 cit
406 5454 515 5495 non
544 5438 666 5494 ideo
688 5437 815 5495 fecit
839 5422 1123 5507 tamquam
1148 5448 1256 5490 non
1290 5440 1477 5508 posset
1496 5429 1777 5503 decipere;
1806 5445 1903 5487 nc-

299 5546 407 5603 que
433 5546 556 5587 cum
582 5530 812 5601 decepit,
833 5527 887 5584 id
908 5526 1032 5583 ideo
1051 5525 1195 5594 fecit,
1213 5523 1357 5597 quod
1383 5539 1491 5579 non
1512 5530 1695 5593 posset
1715 5532 1904 5595 aperte

301 5636 528 5695 capere,
673 5620 728 5675 in
757 5627 982 5689 utraque
1005 5626 1159 5688 parte
1195 5630 1351 5673 suam
1375 5614 1667 5671 ostendens
1709 5623 1903 5685 poten-

364 5771 613 5846 (a)_luxta
634 5784 789 5880 quem
814 5773 895 5842 sit.
911 5770 1022 5822 hac
1048 5769 1223 5833 lectio,
1248 5777 1302 5823 ut
1333 5769 1615 5824 dominetur
1640 5767 1745 5825 diei
1766 5770 1894 5836 (iu-

364 5846 492 5880 ιταν
520 5839 607 5880 τῆς
658 5832 859 5880 uisae).
881 5846 1184 5880 tuuoramus.

299 5832 492 5898 way
520 5839 607 5893 τῆς
635 5832 859 5897 ἡμέρας),
881 5832 1184 5896 ignoramus.

1290 387 1655 449 sxrosmo
1685 384 1750 443 IN
1790 380 2111 441 essanun
2149 343 2410 439 chxv.

3459 377 3569 431 ιω

1963 496 2113 552 tiam.
2140 496 2273 574 Nam
2297 496 2443 569 quod
2469 496 2573 551 hoc
2599 508 2813 566 quoque
2838 508 3092 566 magnum
3113 501 3333 565 metum
3367 494 3563 551 attule-

1961 587 2085 644 lerit
2110 587 2427 658 alienigenis
2453 627 2469 653 ,
2495 585 2619 641 audi
2643 584 2773 657 quid
2811 595 3005 659 postea,
3026 584 3213 641 dicant
3248 594 3403 659 vates
3429 574 3568 640 Anu.

1962 682 2159 737 tierunt
2179 672 2328 754 illic
2349 689 2425 735 est
2446 677 2585 735 Deus
2605 679 2839 745 acerbus,
2865 676 2954 749 qui
2977 677 3225 750 percussit
3250 658 3568 747 Egyptian,

1959 784 2010 829 et
2045 772 2253 845 quando
2288 772 2452 837 illusit
2481 772 2587 839 sis,
2625 781 2745 825 tunc
2772 769 2913 841 ipsos
2936 769 3113 835 eduxit
3139 760 3217 841 (Ι.
3240 767 3367 841 Reg.
3401 767 3456 823 6.
3486 765 3569 839 6).

1965 865 2131 922 Vides
2160 878 2257 921 eos
2279 872 2503 936 propter
2527 863 2629 936 hoc
2651 863 2827 934 ipsum
2849 861 3275 931 contremiscere
3293 901 3309 926 ,
3348 864 3574 931 propter

1962 959 2185 1023 furtum,
2210 968 2437 1029 propter
2464 956 2731 1039 fraudem,
2759 956 2903 1028 quod
2936 971 3035 1013 eos
3061 954 3409 1021 interfecerit.

2036 1051 2203 1109 laris
2233 1049 2393 1128 Rubri
2410 1050 2704 1106 divisiones.
2738 1047 3113 1121 Egyptioruut
3140 1047 3435 1125 obstinatio.
3469 1045 3575 1101 ιη.

1962 1146 2145 1201 raeuta
2184 1122 2312 1200 rara
2352 1139 2496 1200 sunt.
2522 1172 2597 1185 —
2634 1142 2727 1200 15.
2769 1141 2869 1208 Qui
2918 1140 3088 1195 divisit
3141 1156 3285 1209 mare
3338 1121 3576 1197 Rubrum

1964 1238 2018 1292 in
2046 1237 2351 1297 divisiones.
2385 1236 2579 1305 Alius,
2642 1233 3056 1308 Iniseetioues.
3108 1233 3292 1311 Alius,
3349 1228 3421 1287 in
3477 1247 3578 1286 se-

1963 1341 2189 1403 gmenta.
2252 1329 2507 1387 Nonnulli
2568 1331 2713 1395 enim
2771 1324 2957 1397 dicunt
3009 1345 3118 1388 non
3178 1327 3348 1385 fuisse
3409 1312 3574 1383 uuam

1963 1423 2136 1491 viam,
2152 1421 2249 1477 sed
2273 1438 2370 1490 pro
2394 1436 2625 1485 numero
2653 1414 2887 1486 tribuum
2917 1408 3084 1482 fuisse
3108 1408 3305 1491 aquam
3324 1419 3574 1485 scissent,

1966 1524 2027 1585 ut
2043 1515 2241 1572 multae
2260 1523 2445 1569 essent
2491 1511 2857 1587 traiectiones.
2882 1512 3010 1573 Haec
3039 1522 3219 1583 autem
3248 1510 3434 1567 omnia
3472 1510 3577 1569 etsi

1968 1621 2215 1678 magnam
2272 1604 2631 1661 ostendebant
2673 1603 2965 1678 potentiam
2996 1587 3481 1676 ,t‘erribilemque‘
3520 1609 3580 1657 et

1967 1712 2219 1768 magnum
2247 1710 2516 1759 eum-esse
2540 1696 2872 1763 indicabant,
2901 1680 3124 1770 multam
3149 1704 3331 1750 tamen
3358 1707 3578 1767 quoque

1973 1791 2025 1844 in
2051 1802 2118 1865 se
2142 1788 2410 1851 habebant
2435 1787 2844 1858 benignitatem,
2876 1803 2983 1842 non
3023 1780 3201 1842 solum
3222 1786 3274 1841 in
3302 1800 3399 1840 eos
3443 1798 3582 1865 quo-

1970 1897 2089 1951 rum
2112 1862 2292 1961 :gratia
2322 1895 2385 1937 ea
2424 1875 2647 1948 ﬁebant,
2813 1878 2861 1937 si
2907 1872 3206 1953 voluissent
3250 1862 3577 1961 attendere,

1972 1954 2138 2037 etiam
2165 1972 2219 2026 in
2251 1970 2631 2036 adversarios;
2660 1955 2768 2027 non
2814 1968 2961 2045 enim
3000 1960 3344 2041 eostcmere
3387 1956 3446 2023 et
3486 1954 3584 2023 ne-

1971 2061 2264 2134 quidquam
2294 2063 2432 2117 mari
2459 2049 2641 2117 obruit
2660 2102 2675 2125 ,
2701 2059 2799 2116 sed
2824 2058 2970 2132 quod
2995 2066 3118 2131 post
3144 2067 3225 2114 tot
3252 2048 3391 2115 facta
3419 2058 3585 2113 mirae

1972 2155 2095 2211 cula
2126 2154 2393 2210 adversus
2420 2153 2795 2225 aquasadlme
2813 2140 2991 2224 suam
3021 2140 3374 2215 ostenderent
3412 2148 3585 2204 anda-

1971 2248 2135 2304 ciam.
2191 2244 2489 2329 Oportebat
2538 2255 2718 2310 autem
2773 2231 2870 2299 eos
2898 2241 3133 2323 etiamsi
3192 2228 3377 2310 essent
3419 2255 3584 2311 supra

1972 2334 2162 2399 omnes
2189 2323 2441 2396 homines
2469 2337 2619 2394 nullo
2643 2352 2807 2393 sensu
2836 2322 3045 2406 pratditi
3066 2376 3084 2402 ,
3112 2349 3237 2391 cum
3265 2333 3585 2408 prtecedeu-

1974 2434 2066 2500 tia,
2100 2430 2409 2505 praesentia.
2438 2440 2492 2488 et
2518 2445 2640 2496 qua:
2676 2438 2831 2485 erant
2866 2442 2979 2501 pra:
3024 2414 3199 2495 oculis
3243 2415 3587 2485 consideras-
3630 2489 3635 2494 ,

1973 2536 2115 2590 sent,
2149 2519 2269 2596 eius
2315 2522 2611 2594 potentiam
2662 2520 2850 2577 mirari
2890 2528 2948 2575 et
2986 2519 3217 2575 adorare
3242 2560 3260 2586 ,
3305 2526 3473 2588 atque
3516 2517 3586 2571 ab
3644 2530 3654 2536 ‘

1974 2617 2279 2689 importuna
2319 2614 2666 2670 contentione
2694 2627 2932 2669 cessare.
2960 2608 3055 2668 llli.
3074 2620 3255 2675 autem
3284 2624 3410 2687 cum
3440 2604 3589 2664 vide-

1976 2719 2100 2766 rent
2121 2709 2431 2765 universam
2453 2718 2759 2763 creaturam
2779 2720 2887 2776 pro
2905 2704 3026 2784 ejus
3053 2704 3280 2778 arbitrio
3301 2702 3498 2759 mutari
3524 2717 3589 2757 ac

1978 2792 2391 2883 transformari,
2421 2809 2478 2858 et
2504 2815 2627 2856 cum
2656 2800 2737 2856 eis
2763 2794 3089 2877 belligerare
3107 2836 3127 2866 ,
3148 2810 3219 2867 ne
3258 2796 3338 2852 sic
3364 2794 3583 2864 quidem

1977 2911 2007 2952 a
2040 2896 2226 2953 furore
2256 2895 2606 2968 destiterunt,
2634 2893 2731 2949 sed
2779 2894 2941 2949 etiam
2990 2893 3114 2948 enin
3158 2889 3408 2945 viderent
3457 2886 3591 2954 illud

1980 2987 2299 3055 miraculum
2330 2975 2383 3045 ,ι’
2412 2986 2558 3058 quod
2600 3001 2818 3043 omnem
2866 2982 3174 3059 superabat
3204 3028 3207 3031 .
3238 2980 3588 3053 opinionem,

1978 3066 2157 3136 aliena
2190 3079 2284 3135 illa
2312 3087 2369 3133 et
2410 3092 2549 3134 nova
2579 3077 2665 3131 via
2715 3063 2923 3148 ingredi
2968 3062 3102 3147 suo
3135 3064 3281 3147 sunt.
3326 3070 3592 3144 Quocirca

1981 3186 2132 3230 mare
2171 3170 2279 3241 illis
2323 3170 2631 3241 sepulcrum
2661 3167 2917 3225 efficitur.
2948 3166 3067 3236 Non
3109 3165 3417 3227 enisum-at
3451 3178 3593 3234 opus

1984 3274 2193 3321 natura:
2220 3263 2367 3335 quod
2389 3261 2551 3319 flebat
2569 3304 2585 3329 ,
2614 3260 2707 3318 sed
2738 3262 2907 3334 plaga
2930 3259 3191 3336 divinitus
3219 3258 3474 3332 imntissae
3499 3274 3515 3313 :
3536 3266 3595 3313 et

1983 3357 2109 3413 ideo
2139 3358 2286 3413 brevi
2328 3363 2608 3424 momento
2658 3353 2917 3425 temporis
2947 3351 3151 3410 ﬂebam
3193 3349 3508 3408 contraria:
3537 3358 3596 3406 ct

1983 3462 2093 3502 non
2119 3445 2466 3503 scindebatur
2494 3453 2702 3500 tantum
2731 3446 2785 3499 in
2813 3452 3230 3515 unampartetu,
3251 3442 3348 3505 sed
3367 3433 3467 3513 pro
3487 3456 3594 3495 uu-

1983 3555 2136 3594 mero
2164 3539 2404 3593 omnium
2449 3536 2707 3593 tribuum.
2742 3535 2797 3590 In
2844 3547 3170 3607 unoquoque
3212 3541 3393 3603 autem
3436 3530 3595 3607 signo

1987 3630 2232 3702 meminit
2252 3628 2642 3685 misericordia:
2672 3644 2685 3680 :
2718 3628 2823 3683 hoc
2849 3627 2994 3681 enim
3028 3614 3139 3681 Deo
3167 3612 3422 3679 maiimze
3448 3637 3597 3681 cura:

1988 3732 2127 3786 erat,
2156 3718 2593 3791 quandoquidem
2633 3732 2734 3788 per
2762 3704 3031 3791 elementa
3066 3715 3267 3791 ﬂebant
3310 3705 3594 3779 miracula,

1987 3829 2057 3870 ne
2072 3829 2193 3885 qua:
2218 3810 2438 3877 ﬁebant,
2454 3810 2901 3865 existimarentur
2923 3822 3044 3864 esse
3070 3806 3303 3875 alicujus
3328 3798 3597 3861 naturalis

1988 3905 2198 3963 ordinis
2225 3918 2431 3968 rerum,
2465 3902 2560 3958 sed
2589 3886 3042 3970 superni'ausilii,
3070 3899 3214 3971 quod
3242 3913 3458 3961 omnem
3481 3898 3600 3967 cpi-

1989 4000 2209 4057 nionem
2249 3984 2558 4073 superantia
2596 3994 2766 4051 efﬁcit
2803 3982 3085 4063 miracula.
3106 3990 3271 4071 Quod
3317 3991 3482 4073 etiam
3545 3989 3599 4043 in

1992 4094 2129 4149 mari
2167 4075 2362 4147 accidit
2390 4107 2406 4146 :
2436 4071 2598 4159 idque
2624 4096 2813 4159 aperte
2838 4094 3118 4145 ostensum
3148 4095 3233 4140 est
3255 4071 3327 4140 est
3348 4098 3436 4149 eo,
3457 4082 3603 4153 quod

1993 4196 2119 4256 post
2142 4184 2271 4241 illud
2298 4196 2405 4238 non
2428 4180 2661 4251 amplius
2678 4246 2679 4249 η
2699 4178 2901 4236 factum
2926 4178 2998 4234 sit
3030 4196 3044 4234 :
3075 4192 3197 4248 qua
3234 4166 3414 4243 autem
3440 4186 3602 4231 natu-

1995 4279 2183 4335 raliter
2210 4278 2346 4337 tiuut
2363 4316 2380 4338 .
2408 4284 2537 4333 sunt
2559 4273 2881 4349 frequentia,
2904 4279 2961 4327 et
2979 4281 3132 4326 certo
3153 4278 3399 4339 tempore
3426 4258 3606 4322 selent

1998 4374 2135 4429 ﬁeri.
2166 4372 2251 4428 η.
2287 4367 2357 4426 Et
2396 4369 2570 4425 eduxit
2608 4366 2778 4428 Israel
2813 4382 2907 4439 per
2938 4364 3161 4420 medium
3188 4365 3298 4435 ejus
3322 4376 3343 4417 :
3364 4360 3606 4433 quoniam

1996 4471 2050 4523 in
2078 4467 2323 4531 sarculum
2348 4465 2573 4521 miserior
2593 4463 2701 4521 ‘dia
2724 4462 2860 4534 ejus.

2070 4563 2125 4618 ὅ.
2154 4560 2315 4616 Vides
2336 4572 2612 4629 quomodo
2628 4556 2685 4613 in
2709 4568 3037 4627 unoquoque
3053 4566 3212 4610 versu
3236 4550 3360 4621 jure
3383 4545 3610 4621 subjuno

1998 4656 2077 4725 git
2103 4653 2257 4715 illud,
2308 4651 2376 4707 In
2418 4650 2664 4709 sarculum
2713 4647 3065 4716 misericordia
3116 4640 3281 4717 ejus?
3314 4641 3443 4699 θα
3460 4643 3610 4697 enim

2000 4750 2181 4804 omnia
2202 4747 2497 4809 ostendunt
2544 4749 2863 4815 perpetuam
2890 4739 3011 4811 ejus
3035 4736 3459 4810 providentiam.
3487 4732 3609 4793 Etsi

2002 4823 2290 4910 enimqna:
2330 4836 2479 4899 facta
2496 4843 2624 4892 sunt
2667 4832 2831 4889 tinem
2878 4838 3160 4902 ceperunt,
3208 4841 3398 4885 eorum
3428 4832 3612 4882 tamen

2002 4933 2284 4990 memorie
2325 4931 2673 5002 prabuerunt
2699 4925 2935 4998 posteris
2962 4937 3241 4994 magnam
3280 4934 3473 4981 ansam
3515 4918 3618 4975 Dei

2003 5026 2348 5100 cognitionis.
2396 5023 2453 5079 in
2507 5020 2828 5080 memoriam
2862 5018 3012 5075 enim
3036 5014 3290 5089 mandata
3322 5022 3392 5072 et
3436 5023 3615 5067 trans-

2006 5124 2170 5177 missa
2199 5119 2267 5174 ad
2298 5128 2563 5189 posteros,
2592 5113 2938 5172 deducebant
2981 5109 3047 5166 ad
3092 5122 3342 5179 magnam
3372 5103 3617 5176 philoso-

2007 5214 2209 5286 phiam.
2232 5211 2574 5280 Quamquam
2593 5203 2797 5275 alioqui
2811 5216 2923 5260 non
2940 5196 3076 5255 illud
3088 5196 3263 5253 solum
3282 5193 3611 5286 factunrest,

2004 5284 2063 5362 et
2087 5304 2183 5361 Dei
2204 5295 2699 5363 cessavitcuratio;
2733 5308 2910 5365 neque
2950 5291 3003 5347 in
3034 5290 3196 5347 rebus
3232 5287 3409 5344 solum
3437 5284 3610 5355 Egy-

2008 5396 2199 5468 ptiaeis
2237 5392 2474 5450 substitit
2515 5388 2645 5460 ejus"
2662 5385 3008 5457 benignitas,
3047 5380 3143 5440 sed
3191 5374 3616 5468 unumquodque

2013 5463 2225 5557 tempus
2244 5483 2410 5542 habet
2432 5479 2611 5550 ampla
2637 5488 2695 5535 et
2720 5477 2829 5533 late
2856 5473 3049 5532 dill'usa
3078 5472 3196 5543 ejus
3234 5463 3623 5525 inenarrabilis

2002 5574 2356 5649 benignitatis
2381 5572 2598 5644 indicia.
2630 5569 2763 5639 Quae
2787 5566 3007 5640 quidem
3036 5564 3133 5636 ille
3158 5560 3454 5623 admirans,
3476 5559 3621 5613 assi-

2012 5671 2117 5728 due
2144 5666 2421 5739 subiungit
2443 5662 2597 5731 illud,
2633 5661 2893 5729 Quoniam
2918 5659 2974 5715 in
3000 5655 3244 5715 saeuiunt
3257 5651 3637 5710 misericordia

2082 5828 2100 5860 ί
2135 5823 2247 5889 Alli,
2273 5818 2399 5876 illud
2418 5818 2765 5886 spectaculum,
2788 5830 2885 5870 non
2901 5814 3044 5869 male
