4222 6440
764 392 864 447 lilii

755 506 882 573 ejus.
914 501 1078 556 Recte
1099 507 1279 553 autem
1306 496 1501 566 adiecit
1542 493 1669 550 illud
1690 536 1706 552 .
1738 491 1804 546 Et
1833 492 2006 546 educit
2039 487 2202 543 Israel
2243 502 2334 553 per

753 593 976 646 medium
1004 593 1112 664 φη
1139 604 1158 643 :
1186 603 1308 644 nam
1333 585 1438 641 hoc
1464 600 1674 657 quoque
1695 593 1778 639 est
1802 582 1896 638 Dei
1926 580 2192 653 potentiae.
2215 576 2332 634 Non

1532 380 1587 437 S.
1633 369 2420 436 JOAXNISCIIRYSOSTOHI
2457 371 2770 429 AnClllEP.
2806 373 3341 432 CONSTAN'I'INOP.

3913 373 4016 431 εοι

2446 493 2558 550 lloc
2581 496 2724 551 enim
2751 485 3018 566 signiﬁcat
3045 497 3498 567 pcrpetuodiccns
3523 537 3538 558 ,
3565 496 3818 562 Quoniam
3846 499 3898 550 in
3926 513 4022 549 ste-

2439 586 2610 640 culun't
2639 588 2980 642 misericordia
3027 591 3156 656 ejus.
3180 589 3270 643 2|.
3322 586 3390 641 Et
3430 587 3567 640 dedit
3615 595 3800 640 terram
3851 602 4024 640 eorum

752 685 1047 740 sufﬁciebal
1076 671 1477 744 animatum,
1507 688 1562 732 ut
1588 691 1739 732 rare
1767 676 2149 738 retrocederet,
2175 678 2231 725 et
2256 669 2336 723 fa-
2440 674 2781 730 hereditatem.
2806 676 2898 730 29..
2932 675 3275 732 Hereditatem
3311 676 3477 730 Israel
3503 691 3644 729 servo
3660 691 3776 730 suo.
3816 675 4017 745 Duplex

756 776 911 829 Cilt‘m
961 776 1038 830 eis
1084 774 1362 828 transitum
1411 769 1673 840 pmbemt
1701 784 1714 820 :
1741 782 1865 820 nam
1885 765 1986 818 hoc
2016 765 2186 832 ipsum
2235 774 2332 816 eos

755 867 924 936 magis
967 864 1359 934 stupefecisaet,
1386 862 1684 922 terruisset,
1710 868 1764 914 et
1791 858 1991 912 audere
2019 853 2331 924 prohibuis-

755 969 856 1021 set,
881 955 1020 1027 quod
1045 954 1282 1009 omnium
1304 958 1580 1022 superaret
1603 947 1933 1018 opinionem,
1972 945 2216 999 timorem
2246 943 2330 996 in-

749 1046 990 1111 cutiens;
1014 1043 1105 1100 sed
1136 1044 1226 1099 Dei
1253 1042 1350 1098 fuit
1376 1042 1644 1112 potentiae,
1674 1047 1951 1110 postquam
1982 1050 2128 1090 mare
2155 1043 2328 1089 retro-

747 1137 1017 1201 cessisset,
1035 1136 1114 1191 eis
1124 1137 1356 1190 animum
1382 1133 1597 1195 addere,
1614 1139 1670 1186 et
1693 1129 2031 1200 persuadere,
2059 1135 2115 1180 ut
2132 1139 2323 1180 novam

747 1227 896 1284 illam
921 1227 1070 1282 viant-
1086 1234 1140 1281 et
1166 1226 1395 1282 alienam
1418 1226 1434 1256 '
1467 1222 1893 1293 ingrederentur.
1936 1218 2070 1274 Nam
2119 1231 2238 1272 cum
2270 1217 2322 1271 in

747 1331 971 1393 utraque
990 1320 1229 1376 sectione
1255 1319 1308 1372 in
1334 1315 1616 1372 sublimem
1641 1312 1894 1369 verticem
1923 1318 2118 1366 erecta:
2140 1316 2323 1364 essent

743 1424 919 1480 aqua,
951 1424 1214 1481 generoso
1249 1417 1304 1465 et
1339 1409 1559 1466 excelso
1579 1407 1761 1461 animo
1778 1418 1913 1474 opus
1957 1409 2095 1467 erat,
2127 1410 2184 1456 ut
2212 1415 2322 1457 non

743 1504 992 1558 timerent
1018 1503 1284 1569 traiicere,
1316 1496 1417 1557 nec
1457 1489 1858 1573 suspicarentur
1882 1493 2049 1550 maria
2081 1494 2148 1548 ad
2176 1507 2320 1548 sum-

740 1609 889 1650 mum
912 1597 1166 1650 verticem
1188 1593 1438 1660 utrinque
1463 1590 1670 1645 sublata
1697 1601 1820 1644 esse
1847 1599 1942 1641 cos
1965 1586 2233 1647 invasura,
2263 1591 2318 1639 et

740 1685 1048 1741 universum
1074 1685 1369 1742 exercitum
1387 1681 1683 1737 obruitora.
1716 1679 1807 1734 15.
1834 1677 1902 1732 Et
1929 1677 2146 1732 excussit
2170 1674 2316 1730 Pita-

738 1794 941 1832 raanetu
956 1788 1002 1832 et
1027 1779 1258 1833 uirtutem
1279 1778 1390 1848 ejus
1415 1777 1470 1830 in
1495 1775 1625 1828 mari
1645 1771 1835 1827 Rubro.
1872 1769 2068 1825 Volcns
2109 1768 2315 1839 signiﬁ-

737 1883 862 1923 care
879 1867 1191 1923 facilitatem
1209 1868 1330 1941 eius
1372 1852 1761 1928 demersionis,
1809 1861 1907 1917 ltac
1931 1860 2164 1916 dictione
2189 1871 2314 1914 usus

735 1969 838 2027 est.
863 1959 946 2015 Tn
970 1967 1148 2016 autem
1168 1957 1451 2026 considera
1477 1953 1746 2028 quomodo
1760 1969 1882 2010 cum
1908 1954 2142 2024 potentia
2159 1962 2212 2010 et
2234 1954 2311 2008 ira

736 2051 1045 2120 patientiam
1066 2065 1280 2124 quoque
1311 2047 1644 2107 ostenderit:
1677 2057 1736 2102 ut
1777 2049 1866 2116 qui
1895 2060 1991 2101 eos
2029 2061 2135 2100 non
2163 2045 2312 2116 prius

733 2141 800 2197 de
821 2143 1001 2199 medio
1020 2143 1316 2208 sustulerit,
1359 2141 1485 2197 licet
1512 2139 1648 2195 adeo
1679 2138 2014 2210 impudentes
2051 2147 2229 2194 essent
2256 2146 2312 2194 et

732 2235 1072 2300 contentiosi,
1110 2247 1269 2304 quam
1317 2232 1419 2302 ipsi
1453 2229 1697 2286 iubentes
1724 2237 1779 2284 et
1821 2228 2062 2284 volentes
2104 2228 2310 2298 seipsos

730 2325 1145 2395 pracipitarent.
1195 2324 1312 2380 Non
1353 2323 1451 2379 abs
1478 2339 1538 2379 re
1587 2323 2066 2382 autemexcrcitus
2099 2335 2310 2392 quoque

731 2417 946 2486 punitur
977 2436 989 2471 :
1016 2417 1111 2471 sed
1138 2417 1387 2485 quoniam
1416 2415 1632 2470 fuerunt
1656 2423 1998 2484 peccatorum
2025 2413 2308 2482 participes

727 2516 781 2560 et
804 2507 1248 2579 persequutionis,
1268 2517 1394 2562 sunt
1419 2506 1581 2563 etiam
1606 2521 1778 2577 poena-
1800 2517 1854 2562 et
1870 2505 2110 2576 supplicii
2138 2504 2308 2574 parti-

726 2600 892 2667 cipcs.

807 2688 1180 2743 Providentiam
1208 2688 1302 2743 Dei
1317 2687 1373 2743 in
1402 2687 1662 2744 lsraelitas
1687 2688 1874 2743 exultat
1899 2688 1962 2742 alt
1976 2689 2110 2742 exitu
2134 2687 2304 2761 £93;-

727 2779 820 2846 pti,
849 2779 916 2830 ad
966 2778 1341 2847 occupationem
1385 2788 1530 2834 terra:
1555 2766 1819 2834 Chanaan.
1847 2777 2023 2832 —16.
2070 2777 2172 2845 Qui
2198 2789 2303 2832 tra-

726 2871 870 2925 duxit
916 2873 1160 2940 populum
1203 2877 1350 2927 ω
1397 2888 1487 2941 per
1531 2871 1779 2925 desertum
1809 2888 1828 2924 :
1870 2872 2108 2943 qttoniam
2129 2873 2180 2925 in
2207 2888 2303 2926 sc-

724 2965 894 3017 rultun
943 2961 1288 3018 misericordia
1325 2965 1454 3029 eius.
1510 2962 1621 3016 llor.
1651 2977 1754 3016 non
1794 2965 1876 3017 est
1919 2961 2095 3016 minus
2140 2979 2299 3032 quam

728 3067 822 3119 per
846 3068 993 3105 mare
1040 3051 1351 3119 perducere.
1393 3051 1503 3108 Etsi
1531 3053 1670 3107 enim
1706 3051 1921 3106 suberat
1969 3060 2106 3106 terra
2136 3054 2296 3117 sicca,

724 3157 844 3210 «pne
864 3154 1034 3196 castra
1068 3143 1332 3200 sustinere
1355 3152 1594 3210 poterat,
1623 3152 1776 3197 erant
1802 3151 1977 3198 tamen
2006 3143 2170 3197 multa
2196 3143 2298 3198 alia

723 3247 842 3297 ante
857 3233 935 3285 eis
957 3232 1243 3287 stici-ebant
1266 3233 1580 3288 molestiam.
1603 3233 2100 3288 Sufiiciebantenim
2121 3233 2295 3288 omnia

723 3322 786 3374 ad
815 3335 909 3375 eos
928 3321 1341 3386 consumendos,
1374 3330 1428 3376 et
1471 3322 1626 3377 morti
1672 3321 2054 3378 crudelissimae
2084 3323 2295 3380 traden-

721 3418 836 3480 dos,
869 3418 1054 3482 fames,
1088 3419 1319 3489 squalor,
1354 3419 1491 3484 sitis,
1522 3419 1699 3473 radius
1729 3434 1884 3488 quam
1914 3435 2008 3489 par
2035 3427 2179 3475 esset
2207 3435 2296 3474 ca-

721 3512 876 3564 lidior
899 3513 1201 3577 imminens,
1227 3514 1454 3567 ferarum
1477 3511 1774 3574 multitudo.
1802 3522 1856 3567 et
1873 3513 2293 3568 necessariorum

719 3601 956 3656 omnium
985 3605 1223 3669 penuria.
1249 3601 1366 3658 Scis
1391 3612 1568 3658 autem
1615 3611 1743 3673 quot
1781 3604 1937 3656 rebus
1967 3604 2127 3658 homo
2162 3603 2297 3657 indi-

718 3703 823 3759 get.
849 3693 954 3747 iiiis
986 3703 1156 3750 tamen
1194 3695 1440 3748 omnibus
1485 3693 1688 3757 nudati,
1716 3689 1771 3748 et
1806 3707 1909 3746 non
1951 3702 2145 3747 tectum
2196 3694 2295 3748 ha-

720 3784 925 3846 bentes,
958 3798 1062 3837 non
1117 3785 1388 3850 alimenta,
1439 3798 1546 3838 non
1599 3783 2291 3842 indumenta'suflicientia.

719 3887 824 3926 non
875 3872 1252 3932 calceamenta.
1279 3890 1384 3928 non
1422 3874 1621 3944 aliquid
1665 3874 1807 3928 aliud
1850 3874 2132 3943 ejusmodi,
2162 3885 2294 3929 tam-

716 3977 876 4031 quam
897 3965 947 4016 in
976 3963 1165 4018 mediis
1190 3965 1410 4019 urbibus
1434 3967 1658 4019 choreas
1681 3974 1919 4034 agentes,
1966 3965 2033 4017 ita
2060 3979 2153 4034 per
2176 3980 2293 4019 orn—

718 4069 842 4107 nem
886 4053 1028 4108 illam
1083 4054 1419 4110 solitudinem
1458 4055 1788 4110 incedebant.
1841 4055 1919 4111 Tu
1949 4063 2124 4110 autem
2159 4056 2290 4111 milti

714 4145 1018 4209 considera,
1042 4156 1171 4215 quot
1197 4145 1452 4199 miracula
1483 4146 1742 4214 prmteriit
1759 4161 1878 4215 quat
1908 4147 1958 4199 in
2005 4146 2291 4201 solitudine

720 4237 851 4287 facta
881 4243 1022 4298 sunt,
1055 4243 1109 4288 et
1133 4245 1260 4299 quot
1293 4250 1551 4290 annorum
1579 4236 2088 4292 administrationem
2122 4257 2133 4291 ε
2159 4238 2294 4293 duo-

716 4340 832 4378 rum
863 4334 1037 4377 autcm
1071 4333 1272 4378 tantum
1297 4326 1672 4381 n‘tiraculorum
1696 4327 1970 4393 meminit,
2000 4343 2119 4397 qurc
2147 4329 2288 4382 circa

716 4415 839 4468 illos
875 4429 1027 4484 reges
1054 4415 1190 4470 facta
1242 4423 1385 4469 sunt.
1441 4416 1654 4471 Mittens
1701 4419 1843 4472 enim
1890 4419 1958 4473 de
2011 4421 2098 4471 illa
2152 4433 2289 4474 nova

716 4518 900 4558 mensa
923 4503 1122 4569 dicere,
1155 4505 1223 4560 de
1248 4514 1387 4560 tecto
1437 4505 1757 4570 admirabili,
1790 4507 1858 4563 de
1900 4507 2142 4577 lampade
2170 4524 2290 4578 qua:

716 4608 1000 4662 numquam
1032 4608 1136 4647 non
1163 4597 1427 4664 apparuit,
1455 4596 1522 4651 de
1554 4596 1780 4651 vestium
1824 4600 2194 4666 perpetuitate,
2223 4598 2290 4654 de

713 4686 904 4739 calceis
929 4691 1017 4755 qui
1051 4700 1156 4740 non
1185 4690 1612 4752 conterebantur,
1639 4687 1708 4743 de
1729 4688 1961 4744 lontibus
1985 4691 2072 4758 qtti
2104 4704 2286 4745 mana-

717 4783 840 4830 runt
865 4790 898 4829 e
926 4776 1166 4846 rupibus,
1214 4777 1361 4832 etde
1406 4779 1524 4833 aliis
1576 4780 1729 4834 novis
1771 4788 1826 4834 et
1862 4779 2285 4848 admirabiiibus,

717 4882 809 4939 per
838 4882 954 4938 qua:
984 4869 1085 4924 iter
1109 4868 1215 4924 illis
1243 4868 1395 4925 facile
1419 4872 1644 4940 paravit,
1663 4871 1889 4927 duorum
1913 4872 2083 4927 solum
2102 4874 2289 4929 memi-

714 4961 810 5026 nit,
840 4961 1107 5030 quomodo
1125 4976 1278 5032 rcges
1303 4963 1649 5019 barbarorum
1677 4965 1910 5024 sustulit.
1941 4974 1996 5021 et
2019 4967 2287 5035 quomodo

717 5054 974 5120 tropaeum
997 5054 1189 5119 erexit,
1213 5063 1267 5108 et
1292 5054 1573 5109 victoriam
1589 5053 1667 5109 eis
1686 5054 1904 5126 largitus
1919 5065 2018 5121 est,
2057 5058 2286 5113 auditori

712 5142 912 5213 reliqua
937 5155 1186 5199 accurate
1209 5144 1506 5216 colligenda
1522 5145 1828 5215 relinquens
1857 5164 1871 5201 :
1897 5155 1953 5202 et
1977 5147 2098 5202 ideo
2125 5149 2284 5204 dicit:

712 5235 802 5288 l7.
833 5232 932 5298 Qui
967 5234 1210 5303 percussit
1249 5250 1389 5307 reges
1437 5251 1664 5308 magnos.
1695 5234 1781 5291 l8.
1812 5234 1882 5291 Et
1929 5238 2109 5292 occidit
2145 5255 2286 5310 reges

711 5325 885 5393 fortes.
910 5323 998 5379 l9.
1029 5324 1165 5380 Sena
1186 5339 1354 5395 regens
1377 5325 1805 5380 Amor-rimorum.
1824 5327 1910 5383 20.
1930 5325 1998 5381 Et
2020 5327 2099 5399 09
2117 5344 2286 5400 regem

715 5413 904 5470 Busan.
955 5416 1021 5470 Et
1057 5417 1341 5487 unicuique
1387 5431 1573 5472 eorum
1617 5416 1903 5487 subiungit,
1928 5417 2190 5486 Quoniam
2230 5422 2285 5475 in

713 5506 951 5565 uestiunt
971 5507 1312 5562 misericordia
1336 5508 1791 5586 «ἰαμβικῆς,
1817 5510 2022 5565 etiamsi
2042 5509 2284 5568 hostibus

716 5596 895 5652 hostes
924 5597 1300 5667 succederent,
1325 5599 1527 5655 nullum
1573 5609 1751 5658 tamen
1799 5616 1893 5657 eos
1925 5601 2135 5657 vicisse.
2167 5602 2282 5671 Qua

702 5684 770 5740 de
791 5685 884 5743 re?
902 5687 1168 5753 Quoniam
1187 5687 1310 5757 eius
1328 5687 1664 5760 benignitate
1690 5689 2009 5745 fruebantur
2029 5691 2271 5750 assidue.

761 5790 884 5854 Alii.
913 5796 959 5842 et
981 5802 1074 5840 non
1096 5789 1261 5842 tritam
1278 5791 1573 5848 (inlicitam.

2434 775 2518 820 est
2545 765 2886 830 beneficium,
2927 777 2983 821 ct
3024 767 3207 822 hostes
3251 769 3490 831 vincere,
3520 775 3575 820 et
3619 767 3830 820 illorum
3881 767 4017 821 bona

2432 857 2674 925 adipisci.
2704 857 2814 913 Hoc
2841 859 2985 913 enim
3010 867 3126 913 erat
3152 874 3361 930 magna:
3404 858 3676 929 potentias,
3711 871 3819 911 non
3845 857 4014 912 solum

2431 949 2626 1015 ejicere
2651 965 2745 1004 eos
2765 950 2853 1020 qui
2877 948 3206 1013 habitabant,
3230 949 3325 1005 sed
3339 951 3506 1005 etiam
3549 962 3706 1018 posse
3749 963 4020 1018 occupare

2429 1048 2482 1092 et
2502 1041 2736 1098 retinere
2760 1041 2990 1096 alienam
3020 1042 3315 1111 regionem.

2500 1129 2818 1186 Humilitatis
2836 1132 2930 1186 eis.
2949 1161 3020 1172 -—
3041 1130 3242 1188 Deinde
3264 1135 3366 1188 hoc
3386 1147 3571 1188 rursus
3588 1131 3822 1202 apertius
3842 1138 4021 1186 osten-

2425 1220 2577 1285 dens,
2596 1235 2692 1276 eos
2718 1237 2824 1277 non
2854 1235 2920 1277 ex
2947 1221 3152 1278 meritis
3179 1220 3342 1277 fuisse
3369 1221 3560 1277 borum
3589 1230 3886 1292 compotes,
3917 1219 4014 1275 sed

2423 1325 2488 1365 ex
2535 1310 2625 1366 Dei
2669 1312 2942 1378 bonitate,
2983 1310 3260 1380 subiunxit
3293 1329 3309 1367 :
3347 1309 3440 1367 23.
3473 1311 3606 1380 Quia
3631 1311 3686 1366 in
3726 1311 4016 1365 humilitate

2423 1412 2598 1457 nostra
2626 1420 2816 1481 mentor
2843 1405 2942 1475 fuit
2968 1405 3129 1460 nostri
3158 1402 3406 1459 Dominus
3433 1419 3456 1459 :
3480 1403 3786 1477 signiﬁcans
3817 1419 3926 1459 non
3956 1404 4010 1457 in

2421 1503 2566 1549 recte
2596 1494 2749 1550 factis
2771 1535 2787 1558 ,
2820 1509 2926 1549 non
2964 1493 3019 1549 in
3049 1495 3405 1566 prosperitate
3425 1537 3442 1562 ,
3483 1495 3577 1551 sed
3620 1495 3674 1549 in
3705 1493 4011 1550 humilitate

2421 1592 2597 1637 nostra
2626 1584 2762 1640 bene
2789 1593 2965 1640 actum
2995 1600 3134 1641 esse.
3163 1585 3317 1654 Quod
3342 1595 3518 1642 autem
3543 1585 3704 1652 dicit,
3743 1593 3829 1641 est
3855 1586 4008 1654 eius-

2419 1675 2560 1729 modi
2590 1692 2605 1729 :
2628 1675 2771 1733 Satis
2795 1677 2892 1731 fuit
2910 1678 3185 1732 calamitas
3208 1686 3264 1733 et
3280 1692 3516 1734 aerumna
3538 1685 3714 1732 nostra
3735 1676 3801 1731 ad
3826 1675 4003 1746 ipsum

2417 1765 2756 1822 ﬂectendum.
2781 1767 2914 1823 Nam
2943 1777 2999 1822 et
3022 1768 3090 1824 ab
3114 1768 3287 1833 initio,
3311 1767 3526 1840 quando
3549 1783 3643 1825 eos
3666 1766 3910 1823 liberavit
3937 1766 4007 1821 ab

2421 1855 2646 1928 Egypto
2665 1900 2683 1924 ,
2714 1873 2820 1914 non
2862 1857 3033 1925 dixit,
3063 1859 3260 1916 Videas
3305 1861 3410 1914 vidi
3441 1861 3782 1917 mutationem
3811 1874 4002 1914 eorum

2417 1946 2470 2001 in
2499 1947 2692 2004 melius
2719 1964 2734 2001 :
2766 1948 2861 2004 sed
2883 1990 2898 2013 ,
2937 1947 3123 2003 Videas
3145 1950 3248 2003 nidi
3270 1950 3585 2021 aﬂictionetn
3617 1949 3796 2020 populi
3822 1949 3923 2003 mei
3948 1951 4002 2004 in

2413 2037 2647 2110 Αἴθῃμο
2676 2039 2697 2111 (
2713 2037 2886 2094 Exod.
2917 2041 2976 2098 ὅ.
3003 2041 3089 2110 7).
3127 2040 3221 2096 Ἃ.
3249 2041 3318 2096 Et
3341 2041 3549 2096 redemit
3575 2058 3665 2097 nos
3687 2033 3752 2096 alt
3778 2041 4002 2097 inimicis

2413 2130 2616 2185 nostris.
2650 2129 2726 2186 Ne
2751 2131 3000 2201 paulatim
3031 2140 3310 2190 enumeret
3337 2132 3508 2201 bella,
3546 2133 3892 2204 irruptiones,
3919 2135 4001 2188 vi-

2409 2221 2630 2289 ctorias,
2654 2230 2878 2293 tropaea,
2901 2238 3022 2278 cum
3050 2238 3235 2279 rursus
3258 2239 3364 2280 uno
3379 2225 3545 2280 verbo
3568 2232 3714 2280 recte
3734 2223 3997 2280 factorum

2409 2313 2603 2369 seriem
2630 2323 2772 2371 esset
2798 2324 3171 2385 persequutus,
3190 2324 3245 2371 et
3268 2330 3388 2387 quas
3414 2315 3466 2370 in
3486 2313 3704 2370 Iudaeos
3719 2314 3995 2386 sigillatim

2410 2405 2548 2462 facta
2582 2416 2708 2462 sunt
2752 2407 3215 2478 praetermisisset,
3256 2407 3322 2485 ad
3359 2406 3665 2480 generalem
3703 2406 3822 2476 eius
3846 2408 3998 2463 venit

2407 2495 2826 2567 pmvidentism,
2857 2497 3040 2554 dicens
3066 2517 3081 2554 :
3109 2498 3200 2553 25.
3231 2497 3332 2563 Qui
3356 2489 3445 2553 dat
3469 2514 3634 2553 escam
3657 2498 3790 2552 omni
3827 2499 3993 2552 carni.

2407 2588 2590 2654 Alius,
2635 2573 2739 2655 Qui
2779 2589 2869 2643 dat
2909 2606 3111 2660 panem.
3143 2588 3330 2653 Alius,
3360 2586 3504 2644 Dm
3537 2587 3842 2661 mp).
3872 2587 3992 2645 Non

2403 2694 2528 2750 ergo
2554 2686 2746 2744 terrm,
2774 2695 2872 2736 nec
2909 2669 3080 2750 aqua,
3115 2694 3216 2735 nec
3248 2678 3410 2746 aeris,
3449 2665 3552 2736 nec
3589 2667 3738 2745 solis,
3763 2695 3867 2736 nec
3890 2679 3993 2736 ali-

2403 2772 2558 2840 cuius
2584 2771 2805 2827 alterius
2844 2782 2970 2828 sunt
3004 2760 3382 2844 productiones
3407 2773 3672 2828 fructuum
3691 2764 3719 2839 ,'
3746 2771 3842 2830 sed
3868 2774 3993 2843 eius

2401 2871 2483 2917 est
2523 2864 2849 2921 universum.
2890 2863 3024 2920 Vide
3066 2873 3244 2919 autem
3280 2863 3370 2920 hic
3408 2879 3619 2935 quoque
3660 2879 3766 2919 non
3812 2865 3988 2920 solum
4103 2922 4105 2924 .

2402 2955 2718 3021 potentiam,
2743 2955 2836 3010 sed
2867 2955 3248 3025 benignitatem
3275 2953 3437 3010 etiam
3465 2953 3810 3011 inellabilem.
3831 2955 3988 3025 Quod

2400 3043 2695 3119 euimdicit
2712 3044 2979 3110 Christus,
3003 3046 3175 3101 Solem
3199 3062 3345 3101 suum
3365 3045 3486 3100 oriri
3507 3046 3631 3117 facit
3652 3062 3807 3116 super
3829 3047 3987 3103 bonos

2401 3144 2446 3189 et
2472 3137 2668 3200 malos,
2696 3144 2743 3191 et
2775 3137 2902 3206 pluit
2940 3153 3092 3206 super
3119 3137 3290 3208 justas
3331 3147 3378 3191 et
3414 3137 3631 3209 injustas
3660 3135 3679 3208 (
3699 3124 3889 3192 )Iattlt.
3927 3139 3982 3194 5.

2397 3226 2506 3295 45)
2541 3245 2554 3281 :
2583 3227 2684 3281 hoc
2725 3227 2840 3298 ipse
2868 3242 3079 3298 quoque
3118 3228 3204 3282 hic
3241 3225 3554 3298 significavit
3575 3266 3591 3292 ,
3621 3226 3807 3282 dicens
3838 3246 3851 3281 :
3881 3227 3986 3296 Qui

2398 3317 2488 3370 dat
2514 3333 2679 3372 escam
2705 3318 2846 3372 omni
2871 3319 3046 3383 carni,
3077 3317 3181 3374 hoc
3208 3327 3292 3375 est
3313 3361 3330 3386 ,
3370 3335 3475 3374 non
3501 3317 3657 3390 iustis
3682 3318 3852 3374 solum
3884 3335 3985 3375 ure

2399 3411 2463 3464 iis
2489 3411 2577 3480 qui
2619 3425 2689 3465 se
2719 3419 2865 3466 recte
2890 3418 3115 3482 gerunt,
3142 3409 3235 3466 sed
3267 3403 3632 3483 peccatoribus
3652 3451 3670 3477 ,
3698 3419 3754 3466 et
3783 3404 3980 3481 impiis,

2398 3512 2452 3557 et
2479 3503 2626 3561 omni
2658 3503 2903 3557 humana:
2941 3512 3187 3558 naturaet
3216 3502 3359 3573 quod
3395 3505 3556 3560 etiam
3582 3505 3817 3559 maxime
3847 3519 3987 3573 pur-

2396 3594 2538 3650 dicat
2561 3595 2678 3664 eius
2707 3593 3026 3649 dominium.
3055 3592 3244 3648 Vidisti
3279 3594 3544 3648 Psalmum
3587 3593 3707 3649 ideo
3751 3597 3985 3651 maxime

2397 3705 2519 3744 esse
2540 3688 2916 3760 compositum,
2940 3694 2999 3740 ut
3019 3700 3118 3741 nos
3142 3686 3367 3742 deducat
3385 3686 3452 3741 ad
3476 3685 3567 3741 Dei
3592 3685 3986 3756 cognitionem?

2402 3783 2468 3834 Et
2497 3782 2621 3836 ideo
2649 3781 2700 3833 in
2744 3778 3005 3850 principio
3033 3778 3228 3848 incepit
3252 3793 3282 3832 a
3315 3776 3686 3849 generalibus,
3728 3787 3784 3834 et
3823 3780 3873 3832 in
3902 3780 3984 3834 eis

2398 3871 2554 3926 desiit
2579 3887 2592 3924 :
2626 3870 2871 3940 superius
2898 3867 3110 3940 quidem
3136 3869 3322 3924 dicens
3351 3869 3520 3924 solem
3551 3877 3606 3923 et
3635 3869 3845 3934 lunam,
3877 3871 3984 3923 rul-

2396 3981 2523 4036 gnra
2553 3975 2608 4021 et
2635 3964 2862 4034 pluvias,
2889 3977 3008 4032 qua:
3037 3976 3143 4016 non
3171 3960 3305 4015 ﬁunt
3332 3961 3501 4015 solum
3528 3961 3581 4016 in
3611 3970 3762 4031 parte
3791 3962 3979 4021 orbis:

2397 4057 2449 4109 in
2483 4058 2585 4110 line
2622 4062 2800 4109 autem
2843 4052 3094 4108 desinens
3131 4052 3182 4107 in
3225 4052 3493 4108 communi
3534 4052 3772 4106 omnium
3811 4054 3984 4107 nutri-

2397 4154 2595 4200 mento.
2618 4142 2816 4199 Deinde
2835 4151 3114 4212 postquam
3137 4156 3201 4196 ex
3223 4141 3304 4196 eis
3323 4139 3656 4196 conﬁrmavit
3674 4146 3979 4212 generalem

2396 4234 2782 4306 providentiam
2808 4274 2824 4298 ,
2865 4231 3138 4302 subiunxit
3167 4247 3182 4283 :
3222 4230 3313 4286 26.
3354 4228 3674 4300 ϐουβωτηὶπί
3701 4228 3811 4284 Deo
3843 4232 3978 4296 celi,

2395 4327 2634 4394 quoniam
2663 4327 2716 4377 iu
2756 4324 2997 4378 senaculum
3039 4321 3385 4376 misericordia
3423 4322 3552 4391 ejus.
3588 4321 3666 4375 Ex
3711 4319 3796 4375 bis
3833 4323 3978 4377 enim

2399 4415 2526 4469 illud
2555 4429 2766 4484 quoque
2809 4413 3006 4467 clarum
3038 4421 3120 4467 est
3157 4413 3329 4481 ipsum
3357 4426 3476 4466 esse
3507 4411 3834 4466 infernarum
3863 4426 3979 4464 0m-

2398 4507 2543 4560 nium
2584 4515 2640 4560 et
2678 4518 3030 4576 supernorum
3079 4502 3396 4565 Dominum,
3434 4501 3655 4572 eiusque
3701 4517 3882 4557 curam
3923 4512 3980 4558 et

2401 4597 2786 4667 providentiam
2811 4595 3005 4664 ubique
3025 4591 3270 4647 diﬂ'usam
3294 4605 3431 4646 esse.
3457 4591 3562 4646 Pro
3584 4593 3830 4648 omnibus
3851 4607 3980 4662 ergo

2399 4690 2469 4742 illi
2500 4689 2786 4743 aderamus
2821 4687 3110 4756 gratiarum
3136 4684 3431 4748 actionem,
3465 4696 3559 4752 pro
3584 4684 3978 4750 communibus,

2398 4795 2494 4850 pro
2519 4781 2739 4849 privatis
2758 4819 2772 4841 ,
2803 4791 2900 4847 pro
2926 4777 3162 4830 bonitate
3184 4815 3200 4841 ,
3233 4789 3331 4843 pro
3368 4773 3690 4843 benignitate
3712 4814 3728 4840 ,
3763 4789 3857 4844 pro
3886 4791 3981 4844 po-

2399 4873 2562 4926 tentia
2579 4912 2595 4936 ,
2621 4885 2718 4940 pro
2745 4869 3050 4931 curatione,
3077 4873 3132 4921 et
3165 4867 3266 4920 hoc
3291 4863 3502 4920 assidue
3528 4864 3802 4926 iaciamus.
3843 4867 3982 4921 sicut

2397 4964 2556 5017 etiam
2590 4961 2740 5030 iubet
2769 4957 3207 5029 psalmographus
3225 4994 3244 5021 ,
3270 4955 3457 5010 dicens
3482 4972 3494 5007 :
3524 4952 3843 5023 ϐοηθειιωὶιὰ
3873 4953 3980 5008 Do-

2398 5055 2553 5117 mino,
2575 5052 2811 5122 quoniam
2831 5049 3012 5113 bonus,
3033 5048 3270 5119 quoniam
3293 5046 3347 5100 in
3367 5045 3981 5100 acculumintisericordtu

2399 5147 2525 5213 ejus.
2581 5143 2693 5198 iloc
2735 5151 2818 5197 est
2859 5141 3003 5196 enim
3049 5139 3407 5204 sacriﬁcium,
3445 5136 3550 5193 hoc
3592 5137 3831 5203 oblatio,
3876 5137 3978 5192 hoc

2400 5237 2568 5305 ipsum
2586 5233 2742 5290 nobis
2760 5230 2935 5288 reddit
2956 5231 3186 5286 maxime
3209 5230 3517 5300 propitium,
3534 5236 3590 5285 et
3610 5225 3734 5282 facit
3753 5236 3811 5281 ut
3838 5227 3982 5282 frua-

2399 5342 2520 5382 mur
2544 5327 2688 5382 illius
2722 5324 3090 5382 benevolentia
3120 5341 3136 5378 :
3165 5337 3325 5394 quam
3365 5322 3523 5377 detur
3551 5320 3707 5378 nobis
3733 5320 3979 5376 omnibus

2399 5419 2652 5489 assequi,
2692 5418 2861 5488 gratia
2910 5423 2967 5471 et
3011 5414 3334 5485 benignitate
3379 5412 3590 5468 Domini
3638 5412 3808 5468 nostri
3851 5411 3976 5469 Iesu

2389 5511 2625 5577 Christi,
2658 5510 2748 5565 cui
2783 5508 2956 5581 gloria
2993 5515 3048 5563 et
3083 5505 3370 5576 imperium
3406 5504 3462 5560 in
3502 5503 3700 5560 saecula
3740 5502 3970 5560 saculo-

2391 5624 2534 5664 rutn.
2572 5607 2768 5661 Amen.

2447 5726 2521 5786 (η)
2555 5681 2681 5775 νῆα·
2703 5722 2850 5775 lectio
2873 5725 2951 5772 est
2981 5717 3197 5786 Aquila,
3227 5716 3382 5786 alter!
3423 5715 3707 5786 Symmacbi,
3747 5714 3796 5786 to
3833 5719 3964 5786 quau

2383 5777 2591 5838 duorum
2617 5787 2870 5847 ttegiorum
2895 5792 2981 5830 uss
3020 5777 3304 5832 a'uctm‘itate
3349 5777 3578 5828 meum.
3607 5779 3721 5826 \‘idc.
3753 5777 3964 5842 tteth

2389 5859 2569 5901 nostra.
