4154 6434
580 657 647 717 IN
680 652 1008 715 PSALIUI!
1041 648 1325 711 CXXX".

159 777 184 833 ί
199 817 212 829 .
254 774 421 848 Super
445 770 665 844 [asinina
690 766 1097 840 Babylonisg’llic
1124 764 1347 819 sedimus
1366 803 1382 829 ,
1412 769 1460 816 et
1487 758 1734 830 flet-intus,

594 862 713 915 dum
740 858 1121 914 recordamur
1144 854 1293 911 Sion.

233 1019 279 1074 t.
316 1014 574 1085 Magium
613 1022 695 1068 cst
732 1010 818 1067 bis
840 1008 970 1066 viris
996 1021 1107 1063 sua
1142 1000 1739 1081 civitatis_desiderium,

160 1122 345 1180 magna
382 1105 594 1162 reditus
618 1101 898 1174 cupiditas.
927 1096 1194 1167 Quamdiu
1220 1096 1364 1152 enim
1405 1094 1545 1150 bona
1574 1092 1745 1149 habe-

162 1200 281 1256 bant
308 1198 367 1253 in
392 1195 671 1260 mm,
701 1193 897 1263 probra
922 1196 979 1246 et
996 1190 1224 1261 injurias
1249 1187 1446 1243 inferre
1468 1199 1578 1242 non
1602 1184 1745 1242 desi-

155 1292 365 1347 nebant
398 1307 413 1343 :
445 1288 545 1344 sed
571 1294 851 1356 postquam
880 1282 949 1337 ab
982 1281 1090 1338 illis
1130 1276 1547 1337 sunt-exturbati
1566 1317 1584 1344 ,
1613 1282 1743 1331 tunc

155 1394 337 1436 eorum
382 1365 656 1434 desiderio
696 1372 870 1430 aﬂecti
910 1378 1091 1427 sunt:
1133 1376 1417 1441 propterea
1459 1367 1603 1424 enim
1645 1378 1743 1422 eos

154 1469 373 1541 expulit,
402 1475 466 1523 ut
490 1467 754 1541 excitaret
787 1465 841 1521 in
881 1464 947 1519 iis
983 1460 1157 1533 majus
1180 1458 1529 1519 desiderium.
1557 1454 1615 1513 id
1641 1470 1740 1511 au-

151 1558 426 1621 teasolet
463 1571 610 1629 saepe
646 1554 1011 1612 Deusfacerc.
1040 1551 1267 1622 Quando
1304 1548 1645 1619 enim,dum
1686 1550 1742 1605 in

152 1652 377 1708 mutis
421 1664 613 1709 sumus
653 1647 865 1705 deliciis
886 1688 904 1716 ,
949 1654 1007 1705 et
1050 1640 1284 1702 maxima
1322 1644 1584 1701 bonorum
1623 1643 1743 1716 ejus

151 1742 448 1808 afﬂuentia,
488 1754 599 1799 non
626 1739 927 1803 cemimus,
960 1746 1113 1794 curat
1147 1744 1207 1793 ut
1239 1735 1320 1792 eis
1343 1748 1643 1802 careamus,
1681 1740 1742 1791 ut

152 1833 454 1903 privatione
477 1845 663 1885 eorum
686 1828 951 1898 castigati,
975 1828 1057 1885 eis
1079 1840 1267 1883 rursus
1288 1825 1391 1883 frui
1416 1840 1735 1898 qucramus.

149 1923 253 1979 Sed
290 1936 531 1993 quatiam
568 1920 637 1976 de
662 1933 823 1975 causa
857 1918 1119 1976 sedebant
1141 1917 1211 1973 ad
1248 1916 1512 1974 ﬂumina?
1556 1916 1623 1975 Ut
1648 1917 1740 1987 qui

152 2020 329 2069 went
364 2011 605 2080 captivi,
634 2018 691 2065 et
725 2009 963 2080 regionis
997 2007 1233 2064 hostium
1272 2006 1469 2064 ﬁnibus
1505 2007 1739 2064 circum-

149 2103 354 2173 scripti,
377 2110 540 2155 extra
564 2114 747 2154 muros
769 2109 825 2155 et
850 2100 1014 2156 urbes
1040 2098 1363 2156 habitarent.
1387 2097 1442 2153 2.
1470 2092 1539 2152 In
1562 2097 1738 2177 salici-

150 2191 240 2245 bus
263 2192 321 2245 iu
347 2189 522 2244 medio
564 2189 675 2259 ejus
707 2189 1062 2259 suspendimus
1088 2205 1284 2262 organa
1323 2197 1519 2245 nostra.
1561 2188 1736 2254 Alius,

149 2280 385 2336 Cithara
406 2280 483 2351 (α)
504 2290 726 2335 uestras.
747 2280 920 2349 Alius,
942 2279 1126 2353 Lyra.
1148 2280 1218 2337 Et
1238 2294 1469 2352 quanam
1489 2279 1559 2336 de
1576 2293 1739 2337 causa

149 2374 385 2431 tulerunt
412 2388 613 2444 organa
640 2388 738 2429 sua
763 2388 885 2430 etim
922 2373 976 2429 iu
1010 2373 1371 2443 captivitatem
1400 2373 1735 2441 recederent,

146 2464 234 2531 qui
273 2462 359 2519 eis
399 2445 638 2519 minime.
664 2470 824 2519 erant
863 2464 1056 2520 usuri!
1092 2462 1208 2520 Hoc
1250 2479 1465 2536 quoque
1507 2464 1679 2522 fuerat
1703 2478 1735 2521 a

146 2552 257 2609 Deo
282 2554 586 2624 provisum,
612 2561 674 2608 ut
696 2552 784 2609 vel
818 2554 872 2609 in
904 2553 1077 2610 aliena
1098 2552 1321 2625 regione
1346 2554 1608 2611 haberent
1630 2570 1737 2612 mo-

145 2645 385 2700 nimenta
429 2644 628 2713 prioris
668 2644 996 2715 reipublicc,
1043 2645 1321 2716 magisque
1361 2646 1737 2703 mordereutnr

143 2747 201 2792 et
219 2738 418 2809 "rius
440 2734 669 2805 ferrent,
698 2735 826 2799 dum
855 2736 996 2792 illius
1024 2736 1300 2809 religionis
1336 2744 1393 2794 et
1430 2737 1528 2795 Dei
1559 2739 1734 2797 cultus

143 2827 234 2886 nn
254 2829 412 2898 signa
441 2827 705 2884 viderent.
734 2828 791 2885 δ.
823 2827 959 2895 om
993 2829 1102 2885 illic
1142 2829 1578 2903 interrogaverunt
1616 2847 1730 2903 nos,

142 2920 488 2991 qdeaptieos
514 2920 767 2987 damnant
790 2932 903 2987 nos,
929 2920 1078 2975 uerba
1103 2922 1434 2977 cantionum:
1462 2922 1733 2994 etquiab-

141 3011 399 3067 ωιτη
421 3026 516 3066 nos
538 3028 558 3067 :
577 3009 844 3082 Hymnum
866 3020 1067 3067 caritate
1083 3013 1228 3068 nobis
1259 3012 1324 3069 de
1347 3014 1555 3069 ramicis
1580 3014 1729 3070 Sion.

140 3102 259 3160 Non
287 3118 482 3175 parum
505 3102 634 3159 hinc
665 3102 1089 3170 lucrifaciebant,
1120 3105 1266 3175 quod
1303 3106 1383 3162 eis
1418 3105 1634 3161 barbari
1660 3107 1734 3163 in-

140 3203 368 3261 starent,
397 3202 456 3250 et
479 3193 686 3250 cantica
719 3209 909 3251 eorum
931 3194 1118 3251 audire
1154 3204 1431 3266 cuperent.
1473 3197 1608 3254 Vide
1630 3214 1728 3255 an-

140 3293 249 3342 tc-
273 3294 533 3354 quautam
572 3285 697 3342 hinc
724 3286 1112 3344 correctionem
1150 3283 1412 3355 ceperunt
1448 3304 1517 3347 ex
1558 3292 1731 3362 capti-

140 3379 324 3432 vitate.
352 3375 455 3442 Qui
478 3376 625 3432 enim
649 3376 943 3434 insolentes
968 3377 1092 3435 facti
1112 3378 1439 3447 defecerant,
1466 3390 1521 3439 et
1542 3396 1575 3437 a
1600 3384 1729 3440 reli-

137 3469 299 3538 gione
330 3482 430 3523 sua
452 3468 777 3536 resilierant,
818 3477 874 3526 et
894 3469 1069 3541 legem
1088 3472 1234 3527 omni
1267 3465 1478 3529 ratione
1514 3475 1731 3530 concul-

139 3563 415 3624 caverant,
445 3571 509 3613 se
531 3557 585 3612 in
605 3557 776 3614 aliena
800 3559 1147 3629 regiouetam
1167 3562 1402 3631 graviter
1423 3570 1726 3634 gesserunt,

138 3657 193 3704 ut
224 3649 315 3705 vel
341 3649 653 3719 urgentibus
676 3657 732 3706 et
755 3651 1080 3708 minantibus
1118 3651 1381 3722 barbaris,
1406 3663 1462 3712 et
1494 3655 1729 3727 undique

136 3739 671 3808 Circumsistentibus,
719 3750 773 3797 et
810 3741 998 3803 audire
1024 3744 1390 3812 enplentibus,
1419 3762 1488 3802 ne
1514 3748 1593 3804 sic
1612 3748 1727 3818 qui-

138 3827 259 3885 dem
288 3845 476 3886 eorum
509 3831 776 3888 desiderio
796 3834 1255 3905 gratificarentur,
1282 3838 1378 3893 sed
1401 3837 1572 3910 legem
1596 3855 1729 3911 pre-

138 3920 359 3984 ferrent,
380 3937 611 3994 eamque
627 3924 912 3997 diligenter
935 3937 1338 3984 conservareut.
1363 3929 1497 3985 lllud
1522 3941 1725 3999 autem,

137 4011 238 4077 Qui
255 4012 594 4083 disserunt,
622 4017 759 4073 alius
785 4016 859 4089 (ι)
885 4017 1042 4085 dixit,
1068 4018 1171 4084 Qui
1194 4031 1490 4093 arroganter
1513 4024 1726 4095 agebant

132 4115 312 4158 mum
337 4120 455 4173 nos,
497 4106 885 4177 propemodum
913 4107 1017 4165 hoc
1051 4109 1239 4166 dicens
1274 4126 1289 4165 :
1333 4111 1435 4181 Qui
1473 4124 1629 4169 antea
1669 4114 1724 4170 iu

132 4209 232 4250 nos
263 4193 655 4251 invebebantur
678 4235 696 4263 ,
735 4205 792 4252 et
834 4198 891 4254 in
928 4214 1028 4255 nos
1072 4199 1451 4272 iusurgebant,
1483 4211 1724 4273 tempore

130 4286 269 4342 adeo
294 4284 467 4353 lenes,
512 4287 670 4343 mites
710 4297 765 4344 et
800 4291 1065 4346 mansueti
1109 4290 1235 4347 facti
1260 4300 1405 4360 sunt,
1443 4302 1503 4349 ut
1527 4294 1726 4350 vellent

129 4374 293 4429 etiam
321 4384 506 4430 nostra
529 4376 719 4432 audire
739 4379 967 4434 cautim.
1001 4378 1066 4435 ili
1094 4387 1271 4437 tamen
1298 4396 1406 4438 non
1441 4397 1723 4440 concesse-

128 4476 282 4522 runt.
324 4465 515 4521 Vidisti
554 4483 789 4536 quonam
826 4471 991 4528 modo
1035 4472 1212 4530 reddit
1254 4473 1424 4531 fortes
1462 4474 1723 4532 alilictioi

128 4555 400 4624 quomodo
441 4560 838 4627 compnnetosl
880 4563 1149 4633 quomodo
1177 4574 1411 4621 mentem
1453 4568 1721 4623 conterit?

126 4646 357 4703 Flebant
397 4650 579 4716 enim,
608 4659 670 4731 et
704 4651 875 4724 legem
918 4654 1309 4725 observabant,
1355 4668 1411 4716 et
1438 4662 1526 4731 qui
1552 4701 1565 4722 .
1596 4676 1719 4719 eum

127 4740 406 4811 propheta
430 4729 885 4814 lacryma’reutur,
913 4745 1194 4816 ridebant,
1238 4729 1644 4809 ludiﬁcabantur
1665 4764 1721 4812 et

124 4832 529 4892 Iubes-nabant
572 4852 587 4889 :
630 4835 686 4892 hi
723 4853 867 4895 nunc
907 4840 1124 4897 nemine
1164 4856 1259 4899 eos
1299 4843 1625 4903 admonente
1650 4849 1718 4904 ad

126 4924 396 4997 lztcryutas
438 4929 925 4997 convertebantur,
967 4941 1023 4988 et
1065 4932 1283 4991 ﬂebant.
1331 4935 1411 4992 Ex
1448 4950 1516 4993 eo
1555 4940 1716 4995 etiam

126 5016 418 5085 plurimum
463 5006 730 5075 commodi
780 5024 1146 5094 percipiebaut
1200 5024 1401 5083 hostes.
1454 5027 1717 5087 Videbant

124 5108 275 5163 enim
314 5121 408 5163 eos
436 5124 543 5163 nou
574 5112 742 5180 premi
771 5114 1076 5183 captivitate
1095 5156 1111 5180 ,
1142 5131 1244 5173 nec
1279 5119 1586 5175 servitutem
1615 5120 1715 5177 de-

125 5197 283 5263 dere,
305 5214 403 5256 nec
422 5202 563 5275 quod
588 5204 639 5258 in
663 5204 834 5260 aliena
863 5208 1085 5277 regione
1108 5208 1427 5277 habitarent,
1456 5212 1551 5267 sed
1571 5214 1712 5284 quod

124 5304 153 5343 a
182 5291 407 5346 suobei
449 5293 596 5349 cultu
637 5295 979 5352 excidissent.
1026 5297 1095 5353 Et
1142 5299 1261 5356 ideo
1303 5301 1497 5372 adjecit
1528 5321 1543 5357 :
1573 5304 1713 5359 Dum

126 5381 510 5440 record-remur
549 5384 700 5441 Sion.
744 5385 927 5459 Neque
968 5390 1113 5445 enim
1148 5391 1337 5449 leviter
1379 5402 1583 5452 tantum
1625 5396 1709 5452 lu-

124 5479 251 5540 gent
269 5510 287 5531 .
315 5471 412 5527 sed
436 5474 600 5530 veluti
627 5477 893 5546 quoddam
924 5489 1236 5552 perpetuum
1265 5484 1478 5557 lugendi
1515 5504 1709 5547 munus

123 5560 345 5617 obeunt.
374 5560 632 5631 Quocirca
656 5567 786 5624 dicit
812 5569 867 5625 in
893 5571 1176 5645 principio,
1205 5572 1463 5646 Sedimus,
1494 5589 1540 5635 et
1565 5581 1708 5650 ﬂeui-

186 5814 270 5943 83
299 5807 867 5943 ἶῗὲἷίεφτω
886 5881 1151 5946 ignoratur.

1176 428 1539 496 mm
1572 426 1642 491 1N
1677 428 2005 491 PSALHUI
2042 432 2325 493 CXXXVI.

3327 442 3433 500 606

1852 574 1989 625 inus,
2014 560 2375 632 significantes
2402 577 2464 621 se
2489 568 2612 624 ideo
2635 564 2946 623 consedisse
2972 573 3033 621 ut
3054 565 3259 623 cierent
3286 554 3442 621 fletus

1848 656 1907 709 et
1927 649 2175 723 ejulatus.
2204 650 2310 708 Sed
2349 666 2449 710 cur
2474 655 2556 713 eis
2582 671 2691 714 non
2732 657 3139 729 permittebatur
3164 671 3360 714 canere
3387 659 3440 713 iu

1848 742 2024 799 aliena
2052 743 2238 799 terra?
2262 744 2523 812 Quoniam
2553 762 2660 804 non
2685 748 2968 819 oportebat
3004 755 3165 805 aures
3191 747 3442 817 profanas

1847 842 2037 903 audire
2079 843 2174 903 illa
2212 859 2431 902 arcana.
2462 845 2516 903 4.
2550 845 2819 915 Quomodo
2850 847 3165 903 cantabimus
3190 847 3441 902 canticum

1846 934 2057 994 Do-nini
2082 937 2137 992 in
2158 946 2297 994 terra
2323 938 2491 994 aliena
2515 939 2542 993 ?
2581 939 2694 994 Hoc
2721 948 2801 995 est
2825 956 2840 992 :
2869 938 2986 993 Non
3014 939 3139 996 licet
3166 938 3321 995 nobis
3347 954 3441 994 ea.

1845 1041 1995 1084 nere.
2040 1016 2160 1089 Etsi
2202 1029 2345 1084 enim
2391 1042 2423 1083 n
2466 1029 2634 1099 patria
2676 1028 2993 1097 excidimus,
3044 1027 3216 1101 legem
3261 1037 3440 1084 tamen

1842 1126 2106 1191 perpetuo
2139 1132 2450 1185 servamus,
2481 1118 2641 1189 idque
2668 1118 3100 1190 diligentissime.
3132 1118 3310 1188 Quare
3336 1119 3443 1176 etsi

1844 1208 1900 1267 in
1928 1224 2156 1281 corpora
2182 1210 2477 1268 dominium
2504 1210 2828 1279 obtineatis’,
2856 1212 3094 1267 animum
3124 1219 3305 1268 tamen
3332 1200 3439 1266 non

1842 1296 2187 1370 superabitis.
2216 1297 2406 1356 Vidisti
2436 1300 2667 1356 animam
2693 1301 2765 1357 ab
2788 1301 3078 1359 alnictione
3118 1316 3240 1359 esse
3264 1301 3438 1358 dedu-

1842 1399 1985 1447 ctam
2012 1390 2082 1447 ad
2107 1376 2344 1448 studium
2375 1393 2653 1462 sapientia:
2674 1434 2692 1463 ,
2720 1393 3085 1464 mrumnisqne
3123 1404 3178 1450 et
3216 1393 3441 1450 calami-

1841 1481 2042 1539 tatibus
2063 1497 2186 1540 esse
2212 1484 2586 1556 superiorem?
2610 1484 2667 1543 5.
2690 1483 2754 1542 Si
2780 1486 2967 1542 oblitus
2994 1489 3141 1559 fuero
3168 1486 3263 1555 tui,
3285 1484 3444 1541 Jeru-

1839 1575 2021 1642 salem,
2047 1572 2289 1629 oblivioni
2316 1573 2466 1630 detur
2484 1577 2693 1630 ωιτη
2716 1591 2849 1631 mea.
2880 1576 2936 1632 6.
2960 1574 3232 1632 Adita-eat
3259 1576 3441 1649 lingua

1838 1679 1963 1720 inea
1978 1665 2212 1737 faucibus
2237 1665 2383 1721 meis.
2412 1663 2551 1722 Vide
2589 1665 2679 1722 hic
2714 1680 2931 1739 quoque
2968 1681 3216 1739 magnam
3246 1664 3440 1722 factam

1838 1754 2211 1812 mutationem.
2263 1755 2369 1825 Qui
2419 1756 2565 1814 enim
2606 1756 2829 1830 singulis
2873 1757 3066 1814 diebus
3112 1756 3436 1821 audiebant,

1840 1842 1958 1902 fore
1984 1852 2044 1901 ut
2069 1858 2136 1902 ex
2164 1845 2378 1903 civitate
2405 1844 2913 1915 exterminarentur,
2940 1856 2996 1905 et
3017 1862 3125 1904 non
3152 1848 3435 1911 curabant,

1836 1950 1983 1991 nunc
2008 1935 2124 1991 dira
2153 1935 2256 1992 sibi
2287 1935 2687 2008 imprecantur,
2718 1939 2766 1994 si
2806 1938 2925 2010 ejus
2952 1940 3061 1995 sint
3088 1938 3265 1994 obliti.
3292 1938 3435 2007 Quid

1837 2032 1922 2080 est
1942 2033 2144 2091 autem,
2170 2024 2425 2081 Oblivioni
2449 2025 2601 2082 detur
2620 2028 2828 2101 decrero
2851 2045 2965 2083 mea
2984 2028 3012 2082 7
3036 2027 3213 2096 Vires,
3242 2028 3433 2098 inquit,

1838 2124 1974 2170 mea
2015 2114 2125 2171 mei
2169 2114 2570 2185 obliviscantur,
2621 2126 2678 2173 et
2722 2129 2903 2174 mutus
2946 2117 3173 2175 evadam
3218 2130 3437 2190 propter

1836 2206 2101 2263 malorum
2124 2206 2565 2279 magnitudinem,
2593 2206 2657 2265 Si
2684 2224 2788 2264 non
2813 2210 3089 2264 mauinero
3100 2210 3190 2264 'tui
3214 2225 3234 2263 :
3263 2210 3306 2265 si
3334 2226 3439 2265 non

1835 2313 2173 2370 praposuero
2188 2298 2478 2377 erusolem
2504 2300 2633 2357 sicut
2660 2302 2679 2333 ¹
2706 2301 2760 2356 in
2788 2301 3040 2373 principio
3078 2300 3271 2357 latitia
3291 2318 3435 2356 utrm.
3504 2320 3509 2323 -

1835 2388 1972 2458 Quid
1999 2399 2116 2458 est,
2150 2389 2341 2446 Sinon
2366 2406 2692 2463 mouera
2710 2390 2999 2447 Jerusalem
3018 2392 3047 2447 γ
3084 2391 3201 2447 Non
3230 2393 3435 2458 solum,

1835 2481 2027 2552 inquit,
2073 2482 2148 2537 tui
2187 2485 2486 2540 meminero
2510 2484 2564 2538 in
2590 2484 2710 2541 aliis
2731 2525 2747 2550 ,
2778 2484 2875 2540 sed
2919 2486 3082 2541 etiam
3122 2486 3175 2539 in
3202 2484 3438 2558 ,hytnnis

1834 2581 1891 2630 et
1918 2574 1971 2628 in
2000 2573 2245 2628 canticis.
2279 2574 2410 2630 illud
2430 2587 2629 2653 autem
2652 2616 2668 2643 ,
2698 2575 3069 2648 Prcposuera,
3096 2576 3203 2633 hoc
3226 2586 3340 2644 est,
3374 2577 3436 2635 In

1833 2664 2023 2720 cantici
2052 2665 2317 2737 prommio
2339 2680 2404 2721 ac
2429 2666 2687 2736 prmludio
2714 2682 2974 2738 posuero,
3003 2668 3284 2743 loquentes
3308 2684 3433 2724 ver-

1831 2755 1958 2812 bum
1988 2771 2196 2825 eorum,
2236 2757 2327 2827 qui
2372 2757 2529 2813 valde
2565 2756 2894 2823 desiderant,
2941 2759 3051 2813 imo
3073 2773 3204 2815 vero
3244 2774 3432 2815 eorum

1830 2847 1921 2917 qui
1970 2846 2088 2917 ejus
2131 2862 2328 2918 magno
2374 2861 2563 2904 amore
2586 2848 2589 2852 ’
2614 2856 2864 2904 tenentur
2908 2857 2965 2904 et
3009 2843 3431 2905 inflammantur.

1829 2937 2122 2994 Audiamus
2151 2936 2267 2993 inec
2294 2952 2506 3006 omnes,
2533 2947 2590 2994 et
2612 2936 2903 2995 discamus.
2935 2938 3147 2995 Etenim
3173 2937 3434 3009 quemad-

1830 3027 2051 3084 modum
2077 3027 2133 3084 hi
2161 3043 2286 3084 cum
2312 3028 2384 3085 ab
2423 3044 2486 3085 ea
2513 3027 2854 3095 exciderant,
2886 3037 3012 3085 tunc
3036 3038 3284 3100 quarunt
3313 3046 3329 3086 :
3357 3029 3430 3085 ita

1830 3122 1994 3177 etiam
2017 3121 2201 3178 multis
2223 3136 2291 3180 ex
2316 3122 2469 3179 nobis
2496 3122 2730 3188 eveniet,
2758 3136 2880 3177 cum
2909 3122 2964 3178 in
2989 3123 3082 3178 illo
3106 3122 3194 3178 die
3218 3138 3248 3176 a
3276 3122 3431 3180 Jeru-

1829 3212 1998 3268 salem
2041 3212 2243 3269 cmlesti
2284 3211 2661 3295 excidet-imus.
2693 3209 2801 3269 Sed
2841 3211 2897 3266 hi
2938 3213 3152 3283 quidem
3178 3227 3301 3268 cum
3332 3228 3429 3269 ex-

1828 3302 2108 3371 cidissent,
2137 3316 2290 3374 spem
2320 3303 2589 3359 habebant
2613 3303 2819 3360 reditus
2838 3346 2855 3372 ,
2885 3305 3041 3361 nobis
3069 3315 3248 3361 autem
3277 3307 3427 3360 exci-

1828 3396 2078 3453 dentibus
2112 3383 2266 3451 nulla
2310 3395 2514 3468 reliqua
2552 3410 2675 3467 spes
2716 3404 2800 3451 est
2841 3397 3188 3453 reversiouis.
3230 3395 3428 3452 Vermis

1834 3491 1968 3543 enim
2002 3504 2175 3542 eorum
2202 3488 2604 3555 non-morietur,
2639 3488 2845 3559 inquit,
2877 3499 2925 3543 et
2966 3491 3100 3561 ignis
3127 3506 3301 3545 eorum
3326 3508 3430 3548 non

1828 3579 2171 3650 exstinguetur
2198 3577 2392 3650 (Marc.
2415 3577 2470 3633 9.
2492 3576 2606 3649 43).
2635 3577 2704 3633 Ει
2730 3577 2855 3634 idco
2876 3587 3092 3649 oportet
3114 3595 3214 3635 nos
3240 3591 3425 3637 nostra

1826 3668 2134 3746 diligentius
2161 3667 2473 3737 attendere,
2506 3677 2563 3723 et
2590 3668 2644 3723 in
2677 3672 2931 3740 prmseuti
2961 3671 3068 3725 vita
3096 3670 3177 3725 sic
3202 3685 3300 3727 nos
3327 3687 3426 3743 ge-

1827 3776 1976 3828 rere,
2006 3770 2195 3817 utnon
2238 3762 2407 3816 simus
2431 3760 2650 3831 captivi,
2695 3776 2797 3817 nec
2835 3762 2994 3817 alieni
3018 3775 3096 3818 ac
3136 3764 3328 3819 remoti
3358 3765 3427 3819 ab

1826 3853 1915 3910 illa
1948 3855 2255 3925 metropoli.
2287 3855 2343 3909 7'.
2366 3852 2567 3909 Memor
2593 3864 2718 3921 esto,
2745 3852 2982 3919 Domine,
3009 3855 3236 3926 ﬁliorum
3258 3853 3426 3909 Edent

1824 3946 1880 4000 in
1906 3945 1989 4001 die
2011 3945 2297 4000 Jerusalem
2320 3961 2339 4000 :
2367 3946 2454 4017 qui
2480 3945 2693 4000 dicunt:
2720 3944 2997 4001 Exinanile
3014 3988 3030 4014 ,
3058 3947 3313 4002 esiuanite
3336 3964 3423 4001 us-
3544 3942 3551 3946 ’

1825 4051 1923 4107 que
1945 4035 2014 4089 ad
2039 4035 2373 4105 fundamenta
2397 4037 2528 4108 ejus.
2556 4036 2729 4101 Alius,
2754 4032 2907 4090 Filiis
2938 4034 3126 4092 Edam.
3155 4036 3269 4091 Hoc
3293 4046 3427 4107 quo-

1825 4142 1933 4198 que
1970 4126 2193 4182 verbum
2236 4134 2321 4182 est
2362 4142 2549 4183 eorum
2578 4127 2669 4198 qui
2712 4128 3111 4183 inﬂammantur
3154 4122 3425 4185 desiderio

1824 4218 2075 4275 civitatis.
2122 4218 2235 4274 Hoc
2263 4227 2347 4273 est
2385 4229 2565 4275 autem
2595 4218 2737 4290 quod
2767 4219 2952 4275 dicunt
2979 4238 2992 4276 :
3020 4220 3218 4277 Pinnas
3246 4220 3317 4278 de
3345 4221 3425 4278 eis

1824 4322 1999 4375 sume,
2028 4309 2219 4381 quibus
2243 4324 2349 4364 non
2373 4308 2673 4365 sufficiebat
2692 4310 2834 4381 quod
2859 4320 3015 4381 capta
3042 4322 3186 4367 esset
3214 4312 3419 4379 civitas,

1824 4417 1928 4457 nec
1958 4402 2145 4457 satiati
2191 4410 2345 4457 erant
2386 4401 2504 4472 ejus
2541 4401 2850 4468 eversione,
2892 4402 2987 4459 sed
3035 4404 3325 4470 instabant,
3369 4416 3424 4461 et

1823 4493 2096 4562 dicebant,
2121 4492 2348 4549 Eﬂ'odite
2368 4493 2623 4564 quamdiu
2644 4491 2806 4550 fuerit
2828 4494 2882 4549 in
2902 4509 2967 4549 ea
2990 4494 3420 4565 fundamentum.

1824 4584 2121 4656 Cupiebant
2159 4583 2302 4639 enim
2340 4598 2410 4639 ne
2447 4584 2606 4640 bases
2646 4569 2863 4654 quidem
2906 4600 3128 4643 manere
3168 4586 3417 4655 civitatis,

1825 4675 1920 4732 sed
1948 4675 2031 4730 vel
2076 4675 2190 4745 ipsa
2220 4675 2338 4745 ejus
2365 4674 2710 4731 fundamenta
2736 4676 2987 4733 convelli.

1892 4766 1947 4821 2.
1978 4765 2044 4821 lli
2074 4776 2252 4821 autem
2282 4774 2437 4822 erant
2460 4766 2687 4834 Arabes,
2709 4768 2800 4838 qui
2826 4783 2934 4824 una
2963 4782 3085 4825 eum
3110 4767 3422 4842 Babyloniis

1822 4857 2038 4914 iudices
2066 4858 2377 4914 invaserant
2399 4874 2412 4914 :
2445 4874 2673 4929 quorum
2697 4857 3006 4930 frequenta
3028 4861 3276 4917 meminit
3297 4876 3421 4933 pro-

1822 4950 2006 5023 pheta,
2038 4960 2094 5005 et
2123 4964 2219 5005 eos
2244 4949 2401 5005 valde
2428 4948 2803 5021 reprehendit,
2843 4950 2988 5021 quod
3028 4967 3153 5008 cum
3182 4954 3419 5010 interce-

1821 5042 1973 5098 deret
2000 5042 2140 5097 inter
2168 5056 2265 5097 eos
2299 5041 2587 5113 cognatio,
2616 5040 2863 5097 hostibus
2902 5041 3053 5099 fuere
3089 5044 3414 5100 acerbiores.

1822 5133 1875 5190 8.
1905 5131 2045 5187 Filia
2068 5130 2345 5203 Babylonis
2386 5133 2591 5189 misera.
2623 5131 2803 5197 Alius,
2843 5132 3070 5189 Vastuta.
3112 5135 3285 5202 Alius,
3321 5135 3411 5192 Di-

1819 5222 2071 5294 ripienda.
2107 5223 2202 5278 llic
2230 5224 2521 5278 ostendens
2548 5224 2640 5278 Dei
2663 5225 2804 5280 vires
2829 5241 2934 5280 non
2958 5226 3011 5280 in
3045 5225 3362 5284 liberatione
3383 5243 3413 5284 a

1818 5318 2005 5385 malis,
2038 5317 2133 5373 sed
2174 5318 2227 5371 in
2253 5317 2509 5388 parandis
2533 5315 2598 5373 iis
2626 5317 2835 5374 insidiis
2862 5319 2954 5388 qui
2988 5320 3107 5375 illos
3137 5335 3415 5393 Oppugna-

1817 5400 1979 5477 ru‘ut,
2023 5408 2268 5478 praedicit
2309 5401 2572 5480 propheta
2612 5409 2749 5465 mala
2791 5426 2911 5482 qum
2955 5422 3110 5467 erant
3154 5401 3420 5470 eveutn'ra

1816 5500 2099 5577 Babyloni.
2130 5508 2186 5557 et
2211 5509 2369 5555 vocat
2404 5515 2524 5555 eam
2569 5501 2822 5557 miseram
2852 5510 3070 5573 propter
3110 5505 3252 5560 mala
3289 5518 3410 5576 qua:

1818 5592 1962 5648 illam
1987 5601 2144 5651 erant
2173 5592 2421 5648 invasura
2454 5592 2553 5648 :Iin
2584 5592 2685 5651 hoc
2708 5609 2921 5667 quoque
2947 5596 3147 5651 docens
3171 5597 3410 5665 Judmos,

1881 5776 1896 5805 ι
1935 5769 2069 5832 Illud,
2093 5772 2214 5822 sicut
2234 5808 2247 5829 ,
2271 5770 2513 5834 adjectum
2537 5770 2625 5834 fuit
2648 5784 2745 5834 non
2767 5772 2910 5823 modo
2930 5773 2980 5823 in
3002 5774 3237 5834 Lxx,sed
3262 5776 3408 5827 etiam

1822 5839 1871 5897 in
1893 5834 2201 5885 versiouinus
2222 5833 2892 5897 Syuiniacbi,_1‘beodotionis,
2929 5833 3126 5897 quintae
3140 5846 3191 5890 et
3213 5847 3408 5892 sexta:

1824 5893 1875 5945 iu
1890 5898 1968 5950 his
1986 5898 2167 5959 quippe
2189 5892 2415 5944 erunibus
2438 5894 2611 5944 eadem
2632 5892 2778 5944 lectio
2800 5892 3109 5949 observatur.
