4154 6426
828 439 922 492 ιυἸ
1523 432 1578 486 5.
1620 431 1735 486 ,ΙοᾹ
1746 427 1895 485 NNIS
1930 424 2391 486 ωαγεοδτοδῐ

2499 424 2766 482 RCillEP.
2806 426 3335 487 CONSTANTINOP.
3951 427 4069 488 608

820 559 872 600 ot
914 545 1199 601 ostendens
1248 543 1337 597 Dei
1381 543 1666 612 potemiam
1703 556 1823 596 esse
1861 555 1955 609 per
1996 549 2163 594 totum
2200 538 2381 591 orbem

822 650 975 690 terrae
996 644 1313 705 porrectam.
1336 631 1521 687 Beatus
1546 634 1629 700 qui
1650 632 1885 688 retribuet
1904 630 1992 683 tibi
2016 618 2382 683 retributionem

820 740 977 793 tuam,
1010 743 1160 797 quant
1187 726 1456 780 retribuisti
1481 724 1643 777 nobis.
1672 724 1852 788 Alius,
1885 722 2051 787 Quam
2082 733 2198 774 ante
2224 720 2385 789 fecisti

820 820 961 873 nobis
985 816 1080 890 (a).
1117 818 1173 873 9.
1195 816 1379 870 Beatus
1405 818 1489 884 qui
1515 815 1715 882 tenebit,
1744 824 1788 867 et
1813 812 1989 866 auidet
2012 812 2249 882 parvulos
2276 820 2386 863 tuos

818 910 889 961 ad
908 920 1118 977 petram.

892 998 1265 1066 Prophetarum
1294 1013 1419 1051 Ml.
1448 1024 1519 1037 —
1543 994 1667 1050 Hac
1695 994 1793 1048 etsi
1838 993 1911 1046 ira
1954 992 2105 1061 plena
2145 999 2268 1043 sunt
2294 1002 2386 1042 ve-

820 1064 1334 1156 hementiqueqtmna
1354 1096 1407 1142 ct
1429 1088 1686 1156 supplicio
1708 1102 1721 1138 :
1741 1093 1866 1139 sunt
1884 1092 2060 1138 tamen
2080 1084 2235 1137 verba
2261 1095 2385 1150 per-

826 1181 1143 1234 turbationis
1164 1179 1329 1233 animi
1368 1176 1725 1249 captivorum,
1756 1177 1844 1246 qui
1870 1189 2111 1244 magnam
2156 1172 2386 1242 aliquam

821 1254 1055 1337 patriam,
1086 1277 1138 1322 et
1168 1267 1488 1322 horrendum
1520 1267 1818 1335 mirumque
1847 1264 2161 1334 supplicium
2190 1269 2378 1331 postue

819 1360 949 1413 Iunt.
979 1357 1258 1428 Propheta:
1277 1358 1417 1413 enim
1444 1357 1610 1412 multa
1636 1372 1778 1426 saepe
1808 1357 2091 1426 loquuntur
2116 1367 2221 1408 non
2247 1361 2385 1407 tatu-

818 1466 975 1519 quam
1006 1464 1152 1514 suos,
1183 1449 1275 1503 sed
1301 1450 1523 1504 aliorum
1548 1448 1769 1504 aﬁ‘ectus
1790 1456 2089 1514 narrantes,
2113 1453 2168 1501 et
2188 1446 2239 1499 in
2269 1459 2384 1500 me-

819 1541 962 1594 dium
1010 1539 1311 1595 aﬂ'erentes.
1358 1539 1413 1595 Si
1456 1540 1597 1593 enim
1645 1531 1759 1608 ejus
1796 1538 1989 1609 qumris
2034 1536 2380 1600 sententiam,

818 1633 1002 1688 audies
1029 1633 1311 1697 dicentem,
1345 1631 1405 1687 Si
1430 1631 1627 1685 reddidi
1672 1629 2055 1685 retribuentibus
2095 1628 2218 1681 mihi
2252 1628 2388 1681 statu

821 1724 993 1792 (Psal.
1022 1726 1075 1780 7.
1103 1725 1183 1795 Β),
1221 1733 1276 1779 et
1298 1724 1381 1777 vel
1411 1723 1647 1785 modum,
1684 1723 1773 1792 qui
1798 1737 1827 1775 a
1855 1722 1969 1791 lege
2000 1730 2115 1777 erat
2137 1722 2184 1774 ei
2211 1720 2385 1786 datus,

819 1823 1175 1885 superantem.
1234 1813 1453 1881 Quando
1507 1823 1683 1868 autem
1736 1820 1918 1866 narrat
1963 1811 2388 1881 perturbationes

819 1906 980 1960 animi
1006 1906 1251 1969 aliorum,
1274 1904 1528 1959 describit
1552 1905 1681 1957 iram
1708 1912 1762 1957 et
1780 1902 2044 1957 dolorem:
2067 1902 2207 1971 quod
2226 1902 2387 1957 etiam

819 2008 962 2051 nunc
990 1994 1132 2061 fecit,
1163 1993 1466 2049 Judasorum
1504 1992 1843 2062 cupiditatem
1875 1992 1928 2045 in
1958 1990 2192 2045 medium
2221 1989 2389 2045 addu-

820 2098 967 2146 cens,
997 2098 1221 2152 quorum
1259 2084 1336 2137 ira
1365 2083 1444 2137 vel
1469 2082 1536 2136 ad
1568 2081 1801 2143 infantia:
1826 2097 1992 2151 usque
2031 2088 2241 2135 aetatem
2267 2095 2389 2149 pro-

820 2174 1063 2229 cedebat.
1103 2173 1305 2228 Novum
1331 2187 1436 2227 non
1477 2173 1549 2227 ita
1579 2186 1637 2227 se
1675 2170 1853 2238 habet,
1892 2171 1983 2226 sed
2020 2172 2262 2226 inimicos
2286 2185 2387 2227 no-

820 2274 962 2319 stros
986 2272 1039 2319 et
1069 2277 1305 2332 pascere,
1334 2272 1389 2318 et
1409 2263 1486 2317 eis
1513 2262 1687 2317 cibum
1714 2262 1841 2316 dare
1864 2261 2131 2331 iubemur,
2159 2272 2211 2317 et
2231 2274 2389 2317 orare

822 2369 919 2423 pro
942 2353 1021 2408 eis
1040 2353 1130 2422 qui
1156 2367 1252 2407 nos
1271 2352 1521 2406 aerumnis
1546 2352 1801 2407 atﬁciunt.
1825 2352 1935 2429 lloc
1962 2360 2138 2405 autem
2165 2350 2387 2406 iacimus

821 2451 1038 2513 prepter
1063 2442 1231 2511 legem
1258 2457 1376 2511 qua:
1402 2453 1484 2496 est
1509 2442 1662 2497 nobis
1687 2443 1993 2496 constituta.
2017 2441 2269 2509 Quaenam
2291 2456 2388 2496 au-

824 2546 928 2589 tem
955 2548 1018 2589 ea
1060 2537 1177 2588 est?
1206 2531 1321 2587 Nisi
1367 2535 1728 2595 abundaverit,
1758 2533 1946 2603 inquit,
1980 2534 2183 2603 justitia
2227 2544 2390 2587 uestra

824 2628 939 2697 plus
965 2643 1114 2696 quam
1136 2626 1409 2680 scribarum
1435 2636 1480 2679 et
1503 2625 1909 2690 Pharisatorutn,
1939 2642 2041 2679 non
2064 2626 2313 2679 intrabitis
2334 2627 2389 2679 in

824 2693 1032 2786 iegnum
1058 2718 1297 2770 calorum
1334 2715 1540 2787 (lauit.
1577 2717 1628 2771 5.
1664 2715 1776 2785 20).
1821 2715 2061 2785 Magnum
2106 2730 2235 2786 ergo
2276 2725 2386 2770 stu-

824 2806 967 2859 dium
988 2805 1352 2873 adhibeamus,
1381 2813 1436 2861 et
1462 2814 1625 2861 totam
1650 2820 1767 2861 eam
1791 2805 2003 2861 abunde
2017 2807 2385 2873 observemus,

824 2907 882 2950 ut
907 2896 995 2965 qui
1022 2895 1271 2965 deinceps
1298 2897 1349 2948 in
1379 2906 1517 2950 terra
1546 2905 1809 2966 tamquam
1840 2898 1889 2949 in
1916 2896 2045 2949 ωςιο
2070 2897 2386 2964 habitamus,

824 2997 877 3041 et
906 3002 1024 3041 cum
1052 2987 1255 3057 angelis
1272 2986 1467 3041 choros
1490 2986 1767 3042 ducamus.
1800 2986 1874 3041 Ita
1902 2988 2043 3041 enirn
2060 2986 2234 3041 iutura
2259 3001 2395 3057 quo-

825 3094 928 3149 que
968 3080 1104 3133 bona
1148 3093 1574 3148 consequemur:
1602 3092 1723 3148 quas
1755 3076 1913 3132 detur
1952 3077 2106 3132 nobis
2145 3077 2393 3131 omnibus

824 3169 1066 3239 assequi,
1111 3170 1280 3239 gratia
1309 3180 1361 3223 et
1408 3167 1765 3223 misericordia
1811 3168 2020 3222 Domini
2063 3169 2228 3223 nostri
2265 3167 2394 3222 Jesu

823 3260 1039 3327 Christi,
1065 3263 1149 3316 cui
1174 3262 1337 3331 gloria
1360 3270 1413 3316 et
1438 3261 1713 3331 imperium
1742 3261 1795 3316 in
1824 3260 2018 3317 uacula
2047 3262 2388 3321 mulorum.

825 3352 1017 3405 Amen.

1232 3440 1298 3495 IN
1336 3439 1655 3496 PSALMUM
1692 3439 1997 3496 CXXXVII.

972 3552 1024 3605 Ι.
1053 3550 1337 3620 Conﬁtebor
1354 3552 1460 3617 tibi,
1491 3550 1721 3617 Domine,
1743 3553 1797 3607 in
1825 3562 1929 3607 toto
1945 3554 2098 3607 corde
2116 3569 2247 3607 tneo.

902 3685 953 3738 l.
984 3684 1058 3739 De
1105 3683 1206 3739 hoc
1244 3682 1383 3754 apud
1412 3698 1507 3738 vos
1544 3698 1685 3753 saepe
1733 3682 1979 3738 disserui.
2027 3683 2289 3751 Quocirca
2330 3699 2396 3740 eo

828 3775 1192 3849 praetermisso
1246 3776 1518 3831 veniemus
1560 3776 1625 3831 ad
1656 3775 1738 3842 id,
1769 3776 1908 3845 quod
1953 3786 2035 3831 est
2073 3777 2392 3846 proximum.

826 3865 963 3930 Quid
991 3866 1090 3919 hoc
1114 3866 1213 3919 sibi
1242 3868 1375 3933 vult,
1403 3866 1470 3920 Et
1498 3868 1551 3921 in
1576 3877 1838 3936 conspectu
1862 3868 2396 3938 angelorumpsallam

827 3953 955 4008 tibi?
980 3953 1131 4019 Quod
1153 3955 1366 4024 quidem
1396 3956 1527 4010 alius
1548 3956 1679 4011 dixit
1701 3957 1982 4027 interpres,
2014 3956 2204 4024 Libere,
2233 3957 2394 4025 Deus,

830 4061 1011 4098 canam
1034 4055 1101 4098 te.
1135 4045 1301 4110 Alius,
1338 4044 1401 4099 In
1429 4056 1696 4117 conspectu
1734 4046 1942 4101 deorum
1965 4049 2178 4103 cantabo
2208 4050 2313 4103 tibi.
2340 4050 2397 4105 Si

830 4151 961 4205 ergo
990 4136 1131 4190 dicat
1154 4138 1373 4205 angelos
1396 4138 1485 4207 qui
1513 4149 1635 4192 sunt
1664 4138 1717 4192 in
1743 4139 1916 4205 caelis,
1948 4149 2032 4195 est
2060 4140 2111 4194 id
2152 4140 2291 4211 quod
2320 4141 2399 4196 di-

830 4227 968 4279 citur
988 4226 1246 4294 ejusmodi
1272 4244 1285 4279 :
1310 4226 1557 4281 Conabor
1582 4242 1775 4283 canere
1800 4243 1923 4283 cum
1949 4231 2170 4300 angelis,
2193 4240 2248 4286 et
2275 4247 2397 4286 cum

833 4316 913 4371 eis
938 4316 1260 4370 contendere
1281 4357 1296 4382 ,
1324 4328 1377 4371 et
1399 4316 1621 4371 choreas
1646 4318 1838 4373 ducere
1874 4334 1995 4374 cum
2027 4323 2274 4392 supernis
2302 4338 2398 4393 po-

836 4407 1137 4462 testatibus.
1180 4407 1290 4460 Etsi
1318 4408 1460 4461 enim
1504 4417 1689 4462 natura
1722 4408 2176 4475 diﬁ'eram,animi
2220 4422 2397 4469 tamen

834 4498 1125 4561 alacritate,
1153 4506 1209 4549 ut
1237 4512 1355 4551 cum
1402 4497 1479 4551 eis
1516 4507 1659 4553 stare
1698 4500 1931 4568 possim,
1970 4501 2275 4559 deeertabo.
2306 4504 2401 4561 Sin

834 4596 1010 4641 autem
1043 4588 1361 4655 accipiamus
1385 4587 1525 4658 quod
1559 4588 1756 4643 dictum
1786 4600 1867 4645 est
1888 4607 1951 4647 ex
1982 4593 2206 4649 aliorum
2234 4595 2401 4651 inter-

837 4680 1152 4749 pretatione,
1181 4679 1389 4734 videtur
1431 4679 1557 4734 mihi
1598 4680 1775 4736 dicere
1813 4682 1879 4762 die
1921 4684 2317 4751 sacerdotibus,
2349 4687 2402 4742 id

836 4768 977 4837 quod
1003 4768 1069 4823 de
1093 4768 1192 4823 diis
1216 4768 1425 4825 dicitur.
1452 4770 1601 4825 Solet
1617 4773 1757 4826 enim
1781 4771 2049 4843 Scriptura
2070 4778 2399 4833 sacerdotem

838 4873 1032 4913 vocare
1060 4869 1117 4914 et
1143 4860 1390 4929 angelum
1422 4871 1473 4915 et
1500 4861 1659 4917 deum
1694 4880 1707 4917 :
1747 4879 1889 4919 nunc
1917 4867 2129 4935 quidem
2170 4868 2352 4924 dicens
2384 4889 2399 4926 :

840 4950 952 5004 Diis
978 4968 1077 5004 non
1102 4952 1387 5017 maledicas,
1416 4962 1463 5007 et
1487 4954 1701 5023 principi
1726 4956 1901 5025 populi
1922 4957 1993 5009 tui
2017 4973 2117 5011 non
2137 4960 2403 5015 maledica

844 5040 1036 5109 (Exod.
1070 5041 1159 5095 ἓξ.
1185 5042 1276 5111 28)
1302 5062 1315 5096 :
1344 5059 1483 5099 nunc
1515 5052 1690 5099 autem
1724 5045 1932 5102 :Labia
1965 5049 2279 5104 sacerdotum
2306 5064 2402 5105 cu-

840 5132 1057 5185 stodient
1092 5134 1367 5201 judicium,
1398 5143 1446 5186 et
1470 5150 1534 5187 ea:
1560 5150 1648 5188 ore
1688 5136 1797 5205 ejus
1834 5139 2093 5206 exquirant
2123 5140 2399 5211 justitiam,

841 5222 1078 5291 quoniam
1094 5232 1165 5275 est
1178 5224 1383 5294 angelus
1394 5221 1601 5278 Domini
1612 5226 1962 5297 omnipotentis
1975 5228 2227 5297 (Halaclt.
2246 5231 2300 5285 2.
2320 5233 2399 5302 7).

844 5314 900 5369 Si
923 5314 1091 5369 liceat.
1113 5329 1243 5384 ergo
1278 5316 1379 5369 hoc
1411 5316 1483 5370 ita
1520 5318 1780 5386 accipere,
1808 5318 1933 5373 illud
1956 5330 2173 5391 poportet
2212 5323 2403 5379 intelli-

844 5419 967 5473 gere
999 5422 1014 5459 :
1038 5404 1166 5475 Cum
1193 5406 1575 5475 sacerdotibus,
1598 5408 1727 5478 ipsis
1747 5408 2113 5468 inchoantibus
2132 5420 2186 5469 et
2209 5429 2405 5483 praece-

844 5495 1107 5561 dentibus,
1132 5511 1250 5550 cum
1277 5511 1342 5551 eo
1360 5514 1464 5567 quo
1486 5513 1579 5567 par
1604 5509 1685 5553 est
1708 5500 1893 5555 ordine
1917 5517 2125 5571 sequar,
2145 5514 2198 5559 et
2217 5520 2403 5564 canam

850 5580 984 5639 tibi:
1019 5585 1269 5652 Quoniam
1312 5589 1498 5643 audisti
1534 5591 1703 5643 omnia
1736 5592 1883 5645 verba
1925 5594 2027 5647 oris
2055 5597 2173 5649 mei.
2216 5595 2405 5654 Vidisti

846 5693 1087 5747 magnam
1112 5680 1394 5749 gratiarum
1417 5682 1712 5737 actionem?
1743 5683 1916 5738 vidisti
1939 5700 2202 5743 summam
2230 5698 2401 5747 atten-

908 5790 981 5855 (αὶ
1014 5797 1121 5843 Haec
1143 5796 1473 5857 interpretatio
1487 5798 1625 5860 juxta
1646 5808 1792 5859 quem
1813 5798 1877 5848 sit
1897 5799 2188 5860 ignoramus.

2493 538 2730 593 tionem?
2754 538 2867 593 Non
2896 540 3343 609 quemadmodum
3374 542 3615 597 nonnulli
3649 542 3837 598 molles
3862 553 3919 598 et
3947 545 4075 597 dis-

2488 628 2670 694 soluti,
2711 630 2801 698 qui
2831 639 3115 698 antequam
3158 630 3373 699 quidem
3412 632 3701 701 accipiant,
3745 641 3870 688 sunt
3895 634 4073 688 vehe-

2489 733 2731 815 mentes,
2763 732 3038 815 postquam
3079 734 3256 815 aute‘n
3298 726 3621 795 acceperint,
3664 727 4022 809 languescunt
4060 744 4076 777 :

2488 811 2585 866 scil
2613 812 2698 867 hic
2720 814 2933 882 quidem
2950 823 3004 868 ct
3022 811 3305 883 antequam
3326 817 3610 885 acceperit,
3641 825 3814 888 urget,
3835 826 3891 891 et
3912 828 4076 887 post-

2489 917 2647 972 quam
2689 905 2922 973 accepit,
2956 914 3177 975 perstat
3220 920 3387 974 agens
3431 908 3643 964 assidue
3683 908 3901 978 gratias.
3930 908 4083 963 Hine

2489 1000 2664 1046 autem
2682 992 2976 1048 ostenditur
2994 1009 3116 1050 eum
3130 1009 3293 1066 puras
3311 1008 3366 1054 et
3384 998 3612 1069 optimas
3632 1011 3819 1067 preces
3832 995 4079 1061 fudisse.

2490 1083 2813 1152 eseoquod
2854 1097 2885 1137 a
2923 1084 3383 1141 Deositauditus.
3432 1086 3707 1142 Hocenim
3748 1087 3987 1142 maxime
4020 1097 4085 1140 ut

2489 1170 2768 1227 audiamur
2794 1171 2980 1239 efﬁcit,
2998 1174 3209 1243 quando
3235 1189 3422 1245 preces
3445 1174 3495 1231 ei
3521 1186 3686 1247 grata
3710 1174 3933 1233 fuerint.

2566 1261 2635 1316 Ut
2664 1279 2697 1315 α
2732 1262 2841 1318 Deo
2879 1265 3209 1326 «κακίστην
3238 1267 3294 1321 in
3330 1267 3471 1322 nobis
3505 1276 3599 1322 est.
3625 1268 3874 1325 —Unde
3903 1267 4083 1324 etiam

2490 1361 2573 1408 est
2596 1352 2648 1406 in
2674 1362 2853 1409 nostra
2880 1362 3140 1423 potestate
3163 1364 3220 1411 ut
3242 1356 3538 1413 audiamur.
3563 1356 3785 1425 Quando
3808 1358 3956 1415 enim
3984 1374 4083 1429 pe-

2490 1444 2653 1499 timus
2679 1460 2797 1514 qua:
2829 1460 2861 1500 a
2889 1446 2997 1501 Deo
3022 1445 3136 1502 dari
3166 1462 3261 1517 par
3282 1457 3397 1515 est,
3424 1448 3635 1520 quando
3658 1449 3819 1505 alacri
3846 1452 4040 1506 animo
4062 1491 4081 1513 ,

2489 1533 2699 1603 quando
2740 1550 2839 1590 nos
2880 1535 3175 1605 praebemus
3210 1535 3399 1608 dignos
3423 1538 3514 1607 qui
3540 1539 3891 1610 accipiamus,
3919 1540 4084 1596 audit

2488 1634 2738 1687 vocatus,
2769 1633 2823 1679 et
2858 1625 3043 1694 implet
3077 1626 3218 1695 quod
3256 1629 3469 1697 petitur.
3498 1628 3554 1682 2.
3584 1629 3816 1684 Adorebo
3837 1629 3908 1684 ad
3942 1639 4083 1684 που-

2490 1716 2632 1787 ptum
2656 1725 2881 1771 sant-tm
2905 1728 3065 1771 tuum.
3087 1717 3201 1774 Non
3228 1732 3309 1774 est
3334 1719 3437 1776 hoc
3460 1735 3666 1791 quoque
3688 1736 3850 1791 parva
3874 1723 4078 1788 virtus.

2488 1820 2647 1875 posse
2672 1807 2927 1875 templum
2965 1807 3251 1864 ascendere
3268 1848 3286 1875 ,
3310 1819 3363 1864 et
3390 1811 3763 1867 ascendentem
3787 1826 3908 1867 cum
3935 1826 4083 1883 pura

2490 1894 2713 1950 adorare
2736 1897 3080 1952 conscientia.
3101 1897 3215 1953 Non
3239 1900 3380 1954 enim
3403 1899 3621 1957 ﬂectere
3641 1916 3836 1971 genua,
3861 1917 3965 1958 nec
3995 1904 4087 1959 iu-

2489 1984 2674 2055 gredi,
2701 1994 2785 2041 est
2812 1986 2865 2041 id
2892 1986 3032 2055 quod
3056 1988 3341 2058 queritur,
3370 1989 3465 2045 sed
3499 2005 3622 2046 cum
3660 1992 3771 2047 acri
3807 2001 3994 2049 mente
4024 2005 4086 2049 ct

2490 2074 2694 2130 intento
2718 2077 2899 2131 animo
2918 2118 2934 2143 ,
2961 2092 3066 2131 non
3091 2092 3315 2148 corpore
3341 2079 3514 2135 solum
3534 2121 3552 2147 ,
3582 2080 3677 2137 sed
3704 2090 3884 2138 mente
3905 2084 4081 2139 etiam

2491 2163 2635 2220 intus
2668 2179 2789 2221 esse
2815 2183 2831 2221 :
2856 2167 3301 2236 quemadmodum
3339 2184 3440 2225 nec
3481 2186 3642 2240 parva
3681 2180 3764 2227 est
3798 2172 4038 2244 dignitas
4063 2215 4080 2240 ,

2488 2254 2855 2310 universon
2882 2255 3048 2313 Deum
3069 2267 3124 2312 ut
3144 2258 3299 2315 decet
3320 2260 3569 2316 adorare.
3594 2260 3652 2316 Si
3677 2262 3817 2317 enim
3846 2264 3900 2319 in
3931 2269 4084 2335 regi-

2490 2344 2590 2400 bus
2619 2343 2720 2399 hoc
2746 2360 2843 2415 pro
2872 2345 3073 2403 honore
3095 2346 3325 2413 ducitur,
3353 2351 3525 2405 multo
3549 2352 3715 2422 magis
3736 2352 3789 2407 in
3819 2352 3931 2407 Deo
3956 2356 4084 2409 nni.

2493 2449 2787 2491 versurum.
2815 2435 2881 2490 Et
2907 2440 3178 2506 confitebor
3204 2440 3395 2494 nomini
3424 2450 3509 2495 tuo
3541 2458 3692 2511 super
3723 2443 4085 2497 misericordia

2493 2535 2579 2580 tua
2616 2535 2665 2581 et
2700 2527 2903 2583 ueritate
2936 2536 3043 2585 tua.
3072 2528 3208 2597 Quid
3237 2529 3338 2585 hoc
3374 2531 3491 2587 est?
3518 2532 3683 2602 Agam
3704 2575 3719 2599 ,
3746 2533 3952 2604 inquit,
3983 2537 4082 2591 tibi

2490 2616 2723 2685 gratias,
2760 2617 2901 2686 quod
2944 2633 3186 2688 magnam
3235 2630 3376 2675 tuam
3425 2621 3531 2677 mei
3566 2637 3747 2677 curam
3783 2627 4083 2681 senserim.

2491 2704 2607 2761 Non
2636 2708 2776 2761 enim
2800 2722 2866 2763 ex
2895 2710 3124 2779 propriis
3150 2720 3296 2767 recte
3331 2711 3483 2766 factis
3521 2724 3877 2783 consequutus
3914 2729 4042 2770 sum
4064 2757 4083 2782 ,

2493 2804 2552 2850 ut
2575 2797 2795 2865 patriam
2826 2798 3141 2867 reciperem,
3171 2809 3228 2855 et
3253 2803 3505 2871 templum
3528 2804 3841 2872 aspicerem,
3876 2806 3975 2861 sed
4009 2823 4080 2860 ex

2493 2887 2851 2940 misericordia
2882 2897 2935 2941 et
2962 2890 3239 2944 clementia
3273 2900 3380 2944 tua.
3414 2891 3634 2960 Propter
3664 2893 3777 2948 haec
3805 2905 3858 2948 te
3885 2894 4083 2949 adora~

2493 2976 2563 3030 bo
2584 3016 2601 3043 ,
2630 2986 2846 3046 propter
2864 2976 2990 3033 inec
3014 2978 3107 3034 tibi
3134 2980 3451 3046 conﬁtebor,
3481 2982 3625 3051 quod
3662 2999 3781 3039 cum
3824 2999 3989 3053 poma
4028 2997 4087 3040 et

2494 3068 2752 3136 supplicio
2776 3068 2964 3140 dignus
2989 3084 3182 3137 essem,
3204 3079 3259 3125 et
3284 3080 3342 3126 ut
3368 3072 3420 3126 in
3445 3073 3619 3128 aliena
3646 3075 3861 3145 regione
3887 3091 4084 3146 perpe-

2493 3167 2586 3213 tuo
2612 3158 2883 3229 degerem,
2912 3176 2999 3217 me
3024 3163 3131 3217 cito
3154 3163 3433 3220 reduxisti.
3460 3165 3708 3233 Quoniam
3734 3170 4087 3240 magniﬁcasti

2492 3266 2645 3319 super
2670 3266 2815 3305 omne
2836 3268 3016 3307 nomen
3038 3264 3265 3308 sanctum
3286 3265 3445 3310 tuum.
3472 3257 3623 3325 Quod
3644 3260 3791 3325 dicit,
3816 3270 3903 3316 est
3930 3262 4085 3330 ejus-

2494 3342 2637 3398 modi
2670 3360 2682 3397 :
2714 3342 2831 3399 Non
2868 3358 3019 3414 agam
3062 3346 3203 3401 enim
3244 3349 3581 3405 solummodo
3617 3352 3813 3420 gratias
3856 3362 4088 3423 propter

2494 3431 2752 3487 beneﬁcia
2775 3472 2792 3497 ,
2821 3432 2915 3488 sed
2942 3435 3099 3489 etiam
3130 3446 3346 3506 propter
3384 3439 3551 3508 ipsam
3579 3439 3799 3510 gloriam
3826 3441 4082 3497 ineﬁ'abi-

2496 3522 2624 3588 lem,
2651 3531 2706 3579 et
2730 3523 2987 3579 inﬁnitam
3014 3526 3479 3595 magniﬁcentiam,
3506 3538 3563 3585 et
3586 3538 3824 3585 naturam
3856 3524 4085 3588 inenar-

2496 3614 2739 3669 rabilem.
2768 3614 3105 3687 logniﬁcasti
3137 3619 3298 3683 enim,
3328 3620 3515 3690 inquit,
3547 3637 3697 3692 super
3724 3640 3873 3678 orline
3896 3642 4086 3681 nomen

2497 3713 2725 3758 sanctum
2752 3714 2938 3760 tuum:
2966 3706 3068 3765 hoc
3101 3704 3204 3774 est,
3236 3724 3333 3781 per
3358 3709 3637 3778 beneﬁcia,
3668 3728 3763 3785 per
3785 3715 4082 3784 elementa,

2498 3809 2595 3865 per
2618 3809 2681 3850 ea
2706 3810 2823 3866 quae
2846 3804 2972 3851 sunt
3006 3798 3061 3851 in
3098 3799 3278 3864 caelis,
3308 3814 3405 3869 per
3428 3816 3491 3857 ea
3519 3818 3639 3873 qua
3664 3813 3787 3860 sunt
3815 3805 3871 3860 in
3901 3814 4048 3864 terra
4068 3851 4083 3874 ,

2502 3901 2597 3955 per
2623 3902 2838 3957 pmnas,
2871 3904 2967 3959 per
2993 3904 3056 3945 ea
3083 3906 3201 3961 quze
3232 3891 3362 3947 ﬁunt
3394 3891 3450 3947 in
3486 3893 3704 3962 hostes,
3742 3910 3839 3966 per
3865 3912 3931 3953 ea
3962 3915 4086 3970 qua:

2501 3975 2634 4031 ﬁunt
2670 3977 2723 4032 in
2761 3976 3067 4035 familiares.
3098 3978 3250 4035 Nulla
3290 3990 3373 4037 est
3407 3983 3549 4038 enim
3588 3999 3711 4055 pars
3737 3995 4005 4043 creaturae
4033 3999 4086 4044 et

2499 4083 2741 4137 superate
2768 4077 2824 4125 et
2860 4070 3080 4125 inferna:
3099 4113 3113 4137 ,
3144 4087 3263 4143 qua:
3290 4089 3398 4130 non
3435 4076 3643 4132 emittat
3679 4091 3862 4133 vocem
3891 4081 4085 4150 quavis

2502 4160 2624 4215 tuba
2649 4160 2951 4225 clariorem,
2978 4162 3351 4231 praedicantem
3376 4167 3608 4222 nominis
3634 4169 3710 4223 tui
3734 4170 4084 4239 magniﬁcen-

2502 4249 2648 4303 tiam.
2682 4249 2805 4306 Sive
2850 4264 2979 4321 ergo
3022 4252 3239 4322 angelos
3276 4254 3509 4321 dixeris,
3538 4257 3665 4319 sive.
3691 4258 4044 4330 archangelos
4066 4303 4080 4325 .

2501 4342 2613 4396 sive
2641 4340 2913 4396 daemones
2933 4384 2949 4409 ,
2979 4342 3089 4397 sive
3116 4343 3377 4399 elementa
3407 4345 3733 4404 insensibilia
3753 4389 3770 4413 ,
3796 4349 3916 4406 sive
3954 4352 4081 4421 lapi-

2500 4428 2616 4496 des,
2639 4430 2752 4486 sive
2770 4433 2994 4499 semina,
3016 4432 3127 4488 sive
3152 4432 3341 4499 solem,
3368 4433 3480 4490 sive
3501 4435 3699 4501 lunam,
3721 4437 3833 4493 sive
3854 4447 4079 4506 terram,

2503 4520 2613 4575 sive
2639 4522 2825 4587 maria,
2852 4522 2964 4576 sive
2988 4522 3178 4591 pisces,
3207 4523 3318 4579 sive
3347 4524 3610 4590 volucres,
3641 4527 3752 4583 sive
3776 4527 3949 4597 lacus,
3971 4531 4084 4584 sive

2504 4609 2697 4676 fontes,
2726 4613 2842 4666 sive
2869 4611 3054 4667 ﬂuvios
3078 4632 3091 4668 :
3116 4628 3210 4683 per
3235 4614 3416 4669 omnia
3440 4630 3633 4671 nomen
3660 4625 3807 4673 tuum
3830 4634 4082 4691 magnum

2503 4697 2817 4759 ostenditur.
2853 4705 3001 4760 Alius
3040 4714 3215 4761 autem
3257 4720 3356 4776 pro
3384 4707 3513 4774 illo,
3552 4706 3898 4781 Regni/iocati
3933 4726 4085 4782 super

2506 4810 2649 4849 omne
2675 4812 2851 4849 nomen
2882 4805 3108 4849 sanctum
3137 4806 3296 4863 tuum,
3325 4798 3399 4852 ait
3426 4817 3441 4852 :
3471 4798 3810 4870 Magni/icui
3836 4803 3975 4857 enini
4002 4820 4076 4857 su-

2507 4903 2595 4955 per
2631 4889 2799 4940 omnia
2839 4889 3040 4941 nomina
3064 4898 3151 4941 tua
3178 4890 3383 4943 verbum
3411 4900 3575 4945 tuum.
3603 4890 3779 4956 Alius,
3809 4890 4083 4962 Eloquium

2508 4986 2668 5031 tuum.
2692 4978 2745 5031 5.
2775 4975 2840 5029 In
2866 4992 3174 5047 quacumque
3198 4978 3281 5033 die
3312 4980 3605 5035 inuocem
3629 4990 3705 5048 te,
3734 4984 3969 5039 velociter
3995 5001 4081 5039 ea:-

2507 5067 2630 5120 audi
2656 5084 2753 5122 me.
2782 5068 2932 5122 Alius
2959 5069 3069 5136 (tt),
3103 5067 3167 5122 In
3196 5086 3507 5141 quacumque
3533 5072 3615 5125 die
3639 5067 3862 5128 invocavi
3894 5084 3971 5139 te,
4002 5090 4085 5128 e3-

2507 5158 2692 5211 audisti
2717 5174 2813 5211 me.
2848 5158 2957 5212 iloc
2980 5160 3137 5212 etiam
3170 5160 3307 5215 Deus
3334 5161 3596 5230 pollicitus
3620 5145 3950 5229 est,'dicens
3980 5180 3993 5216 ε
4021 5162 4082 5216 In

2506 5261 2817 5316 quacumque
2840 5247 2921 5301 die
2946 5249 3246 5303 invocaveris
3274 5266 3353 5304 me
3370 5292 3385 5316 ,
3415 5253 3684 5306 exaudiam
3710 5262 3755 5307 te
3772 5292 3787 5316 ,
3816 5240 3865 5308 et
3890 5254 4083 5318 dicunt,

2508 5336 2641 5391 Ecce
2668 5338 2898 5406 loquetue
2925 5348 2972 5391 te
2995 5339 3172 5393 adsum
3203 5338 3368 5411 (lsai.
3398 5343 3486 5396 58.
3516 5342 3607 5411 6).
3637 5343 3756 5412 Ipse
3779 5341 3962 5414 itaque
3989 5343 4085 5397 hoc

2508 5426 2661 5496 petit.
2693 5426 2851 5481 Tales
2873 5427 3013 5481 enim
3041 5438 3164 5484 sunt
3192 5430 3383 5485 animm
3401 5473 3417 5497 ,
3449 5447 3566 5501 quae
3590 5432 3775 5488 dolore
3800 5433 3981 5504 aliquo
4006 5434 4079 5487 al-

2510 5518 2759 5576 ﬁciuntur
2784 5535 2798 5571 :
2825 5518 3007 5572 volunt
3032 5520 3212 5575 videre
3250 5536 3308 5575 se
3347 5538 3506 5591 quam
3548 5524 3776 5592 primum
3816 5522 4028 5579 liberari
4053 5538 4079 5574 a

2510 5607 2683 5661 malis.
2710 5607 3069 5676 Muttiplicabis
3089 5626 3166 5662 me
3187 5610 3238 5663 in
3259 5612 3429 5664 anima
3456 5628 3565 5666 mea
3589 5612 3765 5665 virtute
3786 5621 3896 5669 tua.
3923 5614 4081 5675 Alius,

2514 5695 2827 5750 Constituiin
2847 5698 2897 5749 in
2924 5700 3091 5751 anima
3112 5716 3220 5753 mea
3241 5702 3464 5756 virtutes.
3495 5702 3624 5759 Nam
3645 5704 3785 5776 quod
3812 5713 3896 5761 est
3923 5704 4078 5776 prius,

2578 5807 2651 5870 (α)
2686 5808 2769 5857 llic
2790 5813 3034 5868 interpres
3055 5813 3163 5873 quis
3184 5812 3246 5861 sit
3268 5814 3500 5861 nescitur.
