4222 6448
222 374 334 431 ιω

224 486 433 544 Exaudi
468 500 579 556 tne,
606 486 745 543 alius
780 483 953 554 dixit,
979 483 1250 543 Emdisti
1284 499 1382 540 ms.
1411 481 1547 552 Quid
1572 488 1656 538 est
1678 477 1807 551 ergo

224 578 367 648 quod
388 577 589 636 dictum
616 575 734 635 est?
756 576 887 644 Qua:
919 583 1045 632 sunt
1080 575 1185 630 alta
1210 582 1266 631 et
1289 573 1533 631 sublimia
1558 572 1809 627 dicuntur

224 666 407 725 Graece
435 676 691 734 meteora,
715 682 747 723 a
774 666 941 724 verbo
963 672 1201 738 αἴρεσθαι,
1222 672 1278 720 et
1298 663 1619 720 elevationes
1642 661 1808 716 maris
1836 678 1841 684 ·

221 746 474 813 dicantur
487 756 679 813 ﬂuctus
702 765 756 813 et
771 756 1142 822 mltationes,
1164 756 1232 810 ab
1248 768 1315 810 eo
1336 751 1481 825 quod
1500 761 1586 808 est
1607 750 1807 807 clavari

219 857 277 904 et
300 848 547 906 exaltari.
569 848 706 906 illud
729 862 856 918 ergo
877 858 1187 919 πολυυρήσιις
1210 845 1350 901 idem
1373 853 1457 901 est
1477 859 1541 900 ac
1564 844 1611 899 si
1633 842 1801 913 dicas,

216 941 489 998 Exaltabis
512 957 618 1005 me,
644 940 885 996 Extolles
907 955 1012 996 me.
1040 939 1154 996 Hoc
1177 939 1351 1008 ipsum
1379 945 1555 992 autem
1580 935 1799 991 verbum

217 1033 566 1103 posuit‘alihi.
584 1032 802 1088 dicens:
826 1031 1118 1089 Secundum
1143 1028 1461 1086 altitudinem
1483 1038 1624 1083 tuam
1648 1037 1797 1084 sctu-

214 1124 322 1179 listi
349 1121 482 1192 ﬁlios
521 1122 777 1177 hominum
805 1120 991 1190 (Psal.
1024 1122 1111 1177 Η.
1138 1117 1228 1191 9),
1257 1119 1345 1175 ubi
1369 1126 1453 1175 est
1475 1116 1660 1175 Graece
1684 1122 1801 1172 Ine-

214 1221 456 1285 λυώρησισ
478 1230 492 1268 :
515 1211 617 1268 hoc
643 1220 760 1279 est,
776 1210 1024 1269 'Eievasti
1041 1252 1057 1275 ,
1088 1208 1355 1268 Extulisti.
1385 1209 1459 1265 ita
1484 1210 1643 1266 etiam
1667 1206 1805 1264 dixit

213 1301 344 1359 illud
364 1310 679 1376 πολυερήσιις
700 1324 779 1371 μ,
807 1310 865 1357 ut
888 1299 1230 1373 significaret,
1255 1299 1504 1369 lmplebis
1526 1313 1611 1355 me
1624 1298 1803 1355 multo

210 1391 443 1464 gaudio,
480 1391 865 1462 sublimemque
901 1398 958 1447 et
996 1398 1231 1446 erectum
1278 1388 1411 1445 mihi
1451 1386 1644 1445 reddes
1680 1388 1800 1444 ani-

210 1499 385 1551 mum,
411 1491 466 1540 et
487 1482 627 1555 quod
651 1492 734 1539 est
760 1480 996 1538 omnium
1023 1481 1335 1545 maximum,
1363 1493 1471 1535 non
1495 1478 1639 1534 sines
1661 1478 1801 1535 hanc

208 1588 389 1631 meam
428 1573 804 1630 exultationem
845 1583 902 1628 et
946 1572 1180 1628 laetitiam
1227 1585 1351 1627 esse
1400 1569 1700 1641 languidam
1746 1576 1802 1625 et

207 1662 554 1729 imbecillam,
582 1663 676 1719 sed
702 1671 993 1735 potentem,
1023 1662 1268 1726 validam,
1294 1660 1502 1716 ﬁrmam
1527 1668 1583 1716 et
1608 1661 1800 1716 immo-

207 1752 395 1809 bilem.
427 1752 539 1808 Hoc
565 1753 708 1809 enim
733 1753 835 1809 sibi
862 1752 974 1809 vult
1005 1751 1153 1819 illud,
1185 1750 1413 1808 Estan
1440 1767 1518 1805 me
1541 1750 1594 1805 in
1618 1750 1793 1804 anima

207 1859 323 1898 mea
350 1844 573 1913 polentia
598 1850 709 1898 tua.

279 1933 338 1990 Ξ.
368 1934 577 2007 Αβὶοιὶο
602 1934 739 1990 Deus
758 1933 919 1989 adest.
940 1964 1011 1976 —
1034 1932 1146 1989 Hoc
1169 1942 1251 1990 est
1276 1941 1451 1989 autem
1478 1932 1622 2005 quod
1646 1932 1794 2002 dicit,

206 2021 450 2079 Extolles
478 2038 566 2079 me
608 2024 842 2094 potentia
865 2065 881 2091 ,
911 2024 1113 2079 viribus
1144 2018 1318 2095 eriges
1337 2064 1353 2089 ,
1384 2031 1442 2079 et
1479 2022 1608 2079 mihi
1636 2038 1795 2093 opem

205 2112 370 2170 feres.
420 2114 857 2182 Quocirca-alius
903 2128 1115 2186 qunque
1161 2115 1424 2184 interpres
1474 2112 1577 2170 hoc
1622 2114 1794 2185 ipsum

204 2204 520 2273 ostendens,
548 2205 702 2273 dixit,
729 2204 1043 2260 Constituisti
1078 2194 1263 2259 annue
1288 2219 1411 2259 mete
1435 2204 1660 2260 virtutes.
1692 2205 1796 2260 lie-

204 2304 295 2353 cte
322 2305 500 2352 autem
535 2295 704 2363 dixit,
741 2296 937 2350 Anima
962 2310 1119 2363 mea,
1150 2294 1293 2365 quod
1322 2303 1405 2350 est
1431 2294 1662 2352 maxime
1701 2294 1795 2351 Dei

206 2387 505 2459 proprium,
537 2401 781 2443 recreare
807 2387 1015 2442 animos
1042 2387 1096 2441 in
1119 2384 1514 2455 afﬂictionibus,
1541 2386 1797 2459 quemad-

204 2477 424 2534 modum
452 2476 615 2534 etiam
651 2476 829 2533 evenit
867 2477 920 2532 in
949 2476 1225 2548 apostolis.
1260 2475 1468 2547 Flagris
1496 2478 1636 2534 enim
1670 2478 1795 2535 caesi

205 2567 613 2624 metiebantur
630 2567 944 2639 gaudentes,
966 2568 1038 2623 ita
1059 2583 1244 2625 eorum
1256 2566 1569 2638 erigebatur
1586 2568 1796 2625 animus

205 2658 358 2728 (Act.
386 2658 440 2714 li.
470 2659 534 2715 41
556 2660 597 2731 ).
633 2659 747 2715 Hoc
770 2667 853 2716 est
881 2658 965 2715 vel
995 2659 1240 2713 maximat
1271 2657 1523 2728 potentia
1552 2657 1647 2714 Dei
1673 2673 1795 2712 mu-

205 2764 339 2817 nus;
366 2750 469 2807 hoc
493 2752 546 2807 in
572 2751 761 2823 primis
779 2749 1010 2806 ostendit
1034 2748 1149 2818 ejus
1174 2749 1333 2814 vires,
1358 2748 1499 2820 quod
1524 2748 1579 2804 in
1604 2748 1795 2805 mediis

205 2845 361 2901 malis
391 2852 446 2900 et
482 2843 733 2917 periculis
766 2857 874 2898 non
909 2842 1033 2896 sinit
1058 2839 1215 2909 dejici
1242 2839 1513 2899 animum.
1534 2839 1588 2894 4.
1617 2838 1794 2908 Con/i-

204 2944 403 2992 teantur
424 2933 532 3002 tibi,
559 2933 795 2998 Domine,
823 2948 994 2987 omnes
1020 2947 1160 3003 reges
1184 2943 1351 2998 teme,
1377 2930 1498 2999 quia
1526 2928 1795 2984 audierunt

204 3029 377 3085 omnia
404 3026 549 3083 verba
576 3028 679 3082 oris
711 3027 803 3082 tui.
838 3024 971 3081 Vide
991 3039 1149 3095 quam
1175 3024 1244 3078 sit
1272 3014 1423 3092 pii'et
1445 3023 1583 3093 grati
1606 3023 1791 3078 animi.

204 3120 323 3177 Non
349 3120 478 3175 satis
502 3117 697 3184 habet,
727 3117 772 3173 si
796 3116 942 3173 solus
964 3124 1085 3187 agat
1106 3115 1303 3184 gratias
1320 3154 1337 3181 ,
1365 3113 1459 3170 sed
1487 3114 1646 3187 etiam
1673 3128 1793 3169 om-

206 3226 303 3269 nes
321 3211 411 3283 qui
435 3210 765 3266 dominatum
788 3206 1050 3273 obtinent,
1064 3214 1229 3261 vocat
1250 3202 1317 3259 ad
1343 3205 1651 3260 societatem
1671 3217 1794 3275 gra-

207 3302 400 3357 tiarum
422 3299 665 3363 actionis,
693 3305 749 3354 et
776 3296 921 3367 ipsos
944 3297 1103 3353 etiam
1124 3295 1211 3367 qui
1236 3303 1448 3365 gestant
1470 3293 1790 3351 diademata.

205 3392 321 3449 Etsi
344 3392 484 3448 enim
513 3404 704 3461 magna
731 3390 829 3454 sit,
862 3388 1065 3460 inquit,
1095 3403 1279 3445 eorum
1305 3388 1538 3458 petentia
1557 3427 1574 3455 ,
1604 3402 1794 3445 omnes

206 3482 302 3538 tibi
322 3493 499 3537 tamen
519 3480 717 3537 debent
741 3480 939 3552 gratias
963 3494 1120 3550 agere
1143 3493 1243 3550 pro
1269 3479 1332 3533 iis
1357 3477 1515 3535 etiam
1537 3494 1654 3550 qua:
1672 3478 1792 3535 aliis

204 3574 344 3632 facta
370 3581 513 3630 sunt.
544 3573 802 3642 Quocirca
831 3572 935 3628 hoc
962 3586 1175 3644 quoque
1198 3569 1500 3640 significans
1518 3611 1534 3637 ,
1566 3571 1790 3641 subjun-

203 3665 317 3733 xit,
357 3663 641 3719 Audierunt
676 3662 847 3718 omnia
883 3662 1029 3718 verba
1066 3663 1169 3717 oris
1204 3663 1295 3716 tui.
1336 3660 1394 3717 Si
1431 3676 1559 3733 ergo
1592 3663 1792 3733 gratias

203 3766 393 3830 agant,
430 3756 714 3827 plurimum
753 3755 879 3811 hinc
908 3754 1135 3811 fructum
1173 3753 1416 3824 capient,
1451 3764 1505 3809 et
1541 3768 1789 3825 magnum

204 3850 410 3906 lucrum
440 3849 651 3904 facient.
681 3846 829 3905 Talia
855 3846 996 3903 enim
1026 3855 1115 3901 tua
1140 3845 1281 3901 dona
1309 3853 1436 3901 sunt
1460 3844 1707 3901 omnibus
1736 3845 1791 3901 in

203 3942 382 4001 medio
412 3942 681 4014 preposita
701 3980 717 4009 ,
747 3947 806 3996 ut
833 3940 923 4011 qui
956 3939 1172 4002 volunt,
1203 3937 1410 4008 possint
1446 3952 1567 3994 esse
1603 3936 1790 3993 eorum

204 4034 507 4107 participes,
534 4041 591 4089 et
613 4047 675 4089 ca
706 4031 999 4103 percipere.
1029 4028 1238 4085 Nullam
1264 4042 1393 4099 ergo
1419 4035 1620 4083 tantam
1646 4028 1786 4083 utili-

203 4137 367 4184 tatem
397 4124 593 4197 poterit
624 4124 703 4180 eis
729 4138 951 4195 regnum
980 4119 1174 4175 adet-re
1191 4161 1208 4188 ,
1235 4128 1487 4191 quantam
1513 4128 1603 4174 tua
1626 4118 1790 4174 verba

200 4217 408 4276 audire.
445 4214 558 4272 Hoc
589 4223 673 4271 est
709 4214 788 4269 eis
824 4211 1113 4277 securitas,
1140 4202 1245 4265 hoc
1276 4209 1451 4276 vires,
1491 4207 1594 4264 hoc
1628 4223 1791 4264 orna-

200 4317 441 4367 mentum
462 4348 477 4372 ,
502 4306 604 4362 hoc
632 4305 795 4362 decus
818 4345 832 4369 ,
873 4303 977 4359 hoc
1018 4308 1241 4373 regnum
1263 4302 1281 4333 ι
1300 4340 1317 4366 ,
1348 4300 1449 4356 hoc
1475 4311 1555 4356 est
1581 4299 1791 4369 imperii

200 4402 385 4458 latitia
404 4409 461 4455 ct
486 4399 737 4470 potentia.
762 4397 817 4453 5.
841 4394 909 4451 Et
926 4403 1126 4450 cantent
1145 4393 1199 4448 in
1219 4392 1311 4448 viis
1326 4390 1536 4446 Domini
1550 4393 1594 4445 ³.
1615 4391 1790 4459 Alius,

201 4493 272 4551 Et
296 4500 495 4550 cantent
523 4492 628 4545 vias
648 4489 875 4545 Domini.
901 4488 957 4545 Si
981 4502 1110 4558 ergo
1138 4486 1298 4552 dicat,
1330 4487 1397 4541 In
1419 4488 1514 4541 uiis
1538 4486 1657 4550 tuis,
1686 4485 1791 4543 hoc

200 4594 286 4643 est
305 4584 447 4655 quod
471 4583 620 4647 dicit,
645 4582 701 4639 lu
724 4582 930 4654 legibus
954 4582 1076 4645 tuis,
1098 4580 1153 4636 in
1173 4579 1336 4651 jussis
1362 4578 1486 4635 tuis.
1508 4577 1565 4635 Si
1585 4585 1789 4646 autem,

210 4676 332 4732 γεω
357 4686 489 4743 tuas,
518 4673 800 4740 Praeclara,
824 4672 1015 4742 inquit,
1044 4670 1161 4727 huc
1183 4681 1268 4725 tua
1294 4669 1432 4726 facta
1452 4668 1651 4735 dicant,
1676 4668 1793 4724 lau-

200 4766 370 4830 dent,
408 4764 684 4822 celebrent
726 4778 791 4819 ac
833 4761 1125 4834 praedicent
1154 4776 1169 4814 :
1200 4759 1305 4815 hoc
1344 4759 1486 4815 enim
1531 4758 1633 4815 sibi
1676 4757 1793 4815 vult

200 4856 353 4919 illud,
376 4854 608 4912 Cantent.
638 4853 892 4920 Quoniam
915 4867 1103 4924 magna
1126 4860 1197 4906 est
1221 4850 1387 4922 gloria
1414 4847 1623 4904 Domini
1644 4863 1664 4903 :
1688 4848 1792 4905 hoc

198 4958 317 5017 est,
348 4947 607 5003 Omnibus
641 4956 823 5017 aperta
846 4984 865 5011 ,
901 4943 1148 5013 omnibus
1188 4941 1505 5009 manifesta,
1542 4941 1797 4998 omnibus

200 5040 444 5107 evidens,
474 5047 653 5109 parata
681 5038 748 5093 ad
774 5036 1024 5094 omnibus
1044 5036 1301 5097 beneﬁcia
1331 5034 1653 5105 praestanda,
1674 5047 1794 5090 om-

199 5145 301 5189 nes
327 5129 532 5187 habens
559 5129 658 5185 sibi
686 5127 870 5200 gratiae
901 5128 1117 5183 nomine
1140 5128 1421 5183 obnoxios.
1451 5126 1505 5183 6.
1537 5125 1793 5195 Quoniam

199 5225 426 5282 excelsus
454 5223 701 5297 Dominus
722 5263 739 5288 ,
764 5231 813 5278 et
836 5221 1051 5276 humilia
1087 5220 1306 5292 respicit.
1347 5220 1542 5303 Altus,
1582 5220 1788 5293 inquit,

200 5327 414 5383 natura,
441 5315 579 5370 altus
604 5313 920 5372 substantia.
940 5312 1046 5369 Sed
1070 5311 1171 5368 hoc
1191 5311 1405 5383 quidem
1427 5327 1569 5367 nunc
1587 5311 1789 5367 dictum

200 5414 320 5471 est,
346 5414 406 5462 ut
428 5420 489 5461 se
520 5405 588 5461 ad
617 5404 895 5461 Judaicum
925 5404 1124 5460 cultum
1162 5402 1608 5468 accommodaret.
1636 5401 1788 5470 Quod

200 5508 383 5556 autem
406 5498 666 5562 sequitur.
693 5497 749 5555 id
771 5496 1013 5569 corrigit,
1040 5504 1096 5552 et
1119 5494 1375 5552 humilem
1398 5494 1699 5552 auditorem
1722 5494 1789 5551 ad

262 5698 285 5733 ι
318 5703 401 5749 ita
420 5711 585 5761 voces,
609 5698 698 5751 hoc
714 5711 932 5761 regnum,
958 5697 1139 5748 desunt
1159 5697 1210 5746 in
1226 5694 1415 5746 savilio.

203 5761 457 5874 “uegit.
482 5766 553 5815 sic
574 5754 730 5815 'aﬁert
764 5754 1028 5813 lectionem
1052 5765 1193 5811 LXX:
1222 5764 1277 5811 Et
1300 5762 1489 5811 cantent
1510 5756 1563 5811 in
1587 5757 1787 5811 cattticis

1280 366 1633 427 exposmo
1660 364 1735 435 tu
1773 361 2113 427 PSALHIJM,
2136 363 2451 424 cxxxvu.

3405 369 3508 429 “0

1928 496 2174 553 magnam
2199 482 2598 553 intelligentiam
2623 481 2796 554 erigit.
2824 481 2961 553 Quid
2990 483 3095 540 hoc
3116 493 3294 541 autem
3319 497 3421 554 est,
3444 487 3513 544 Et

1916 572 2023 626 alta
2041 573 2246 644 alonge
2267 573 2521 642 cognoscit
2537 572 2564 626 2
2582 571 2681 628 llic
2699 574 2840 629 enim
2860 572 2930 636 de
2955 575 3289 645 pmseientta
3313 581 3509 647 agitur,

1912 662 2060 734 quod
2082 672 2167 718 est
2191 652 2442 734 potentias
2472 664 2565 719 Dei
2607 666 2838 721 maxime
2876 667 3151 737 proprium
3179 682 3195 718 :
3225 677 3278 722 et
3304 668 3429 724 ideo
3456 670 3509 723 in

1920 752 2195 823 prophetis
2229 768 2373 824 saepe
2415 753 2671 825 loquens,
2707 755 2833 812 hinc
2871 756 2924 833 in
2957 766 3055 812 eos
3092 756 3390 823 invehitur,
3419 760 3511 829 qni

1920 849 2171 919 tenentur
2196 858 2379 899 errore
2414 844 2845 901 simulacrorum.
2874 847 3045 912 Alius,
3070 844 3139 901 Et
3161 848 3298 917 quod
3322 848 3510 905 elatum

1911 939 2007 997 est,
2036 948 2069 986 α
2095 930 2245 1003 longe
2265 933 2520 990 discernit.
2548 936 2717 998 Alius,
2740 933 2809 989 Et
2826 936 3058 991 sublime.
3079 936 3341 1003 Quoniam
3363 938 3507 993 enim

1909 1021 2068 1089 dixit,
2093 1022 2343 1081 Excelsa
2364 1021 2638 1092 Dominus,
2664 1036 2711 1081 et
2733 1026 2945 1081 humilia
2964 1027 3186 1095 respicit,
3209 1027 3503 1097 snitjuuxit,

1910 1113 1981 1170 Et
2006 1118 2112 1172 alta
2133 1116 2340 1188 alonge
2364 1118 2637 1188 cognoscit,
2668 1116 2975 1189 signiﬁcans
2998 1135 3120 1175 eum
3150 1121 3258 1174 alta
3284 1134 3388 1175 non
3419 1134 3507 1174 son

1910 1196 2188 1263 lummOdo
2211 1220 2557 1276 cognoscere,
2583 1208 2677 1262 sed
2699 1207 2861 1263 etiam
2885 1223 2948 1263 ex
2980 1222 3174 1279 magno
3203 1210 3505 1275 intervallo,

1909 1296 2014 1355 hoc
2038 1305 2143 1367 est,
2174 1298 2483 1370 priusquam
2508 1299 2777 1362 eveniant,
2802 1299 3111 1371 priusquam
3136 1300 3503 1371 perﬁciantur,

1906 1390 2216 1461 priusquam
2244 1390 2299 1446 in
2336 1404 2471 1460 opus
2495 1396 2709 1446 exeant.
2738 1390 2793 1445 7.
2825 1389 2889 1446 Si
2913 1391 3234 1446 ambularem
3260 1393 3313 1446 in
3338 1393 3504 1447 niedio

1906 1478 2266 1547 tribulationis,
2297 1479 2571 1551 uiviﬁcabis
2607 1495 2715 1535 nte.
2745 1479 2862 1551 Non
2891 1479 3045 1546 dixit,
3083 1480 3504 1538 Triliulationetn

1906 1572 2170 1642 expelles,
2192 1572 2308 1636 sed,
2330 1570 2387 1627 in
2410 1572 2539 1642 ipsis
2562 1570 2718 1627 maiis'
2743 1579 3046 1628 manentem
3067 1570 3360 1628 viviﬁcabis
3382 1587 3502 1638 me;

1904 1661 2008 1719 ltoc
2032 1670 2135 1729 est,
2162 1654 2370 1717 etiamsi
2397 1663 2450 1717 in
2480 1661 2716 1717 maxima
2748 1661 2982 1732 pericula
3013 1661 3277 1729 incidero,
3300 1664 3502 1732 poteris
3584 1684 3585 1687 η

1903 1766 1994 1807 me
2021 1766 2346 1827 conservare
2374 1769 2388 1806 :
2416 1751 2559 1823 quod
2584 1762 2669 1807 est
2695 1751 3041 1819 admirabile,
3079 1762 3135 1808 et
3169 1754 3346 1821 majus
3378 1768 3501 1809 om-

1904 1843 2052 1899 nium
2082 1840 2356 1914 opinione,
2383 1843 2526 1916 quod
2556 1858 2677 1899 cum
2705 1843 2936 1915 undique
2963 1845 3144 1898 hostes
3162 1852 3217 1899 et
3235 1844 3377 1898 mala
3394 1844 3504 1900 cir-

1901 1942 2187 2000 cumstent,
2211 1933 2264 1989 in
2293 1943 2405 1990 tuto
2427 1920 2742 2001 collocetur,
2766 1934 2855 2005 qui
2876 1934 2944 1989 ab
2963 1934 3043 1990 eis
3067 1933 3498 1991 circumsidetur.

1901 2023 1970 2079 Et
2010 2041 2164 2097 super
2202 2025 2335 2080 iram
2373 2026 2693 2080 inimicorum
2742 2041 2967 2080 meorum
3009 2025 3276 2080 extendisti
3317 2041 3502 2081 manus

1900 2124 2036 2170 tuas.
2065 2116 2234 2183 Alius,
2259 2116 2512 2172 Adversus
2535 2116 2918 2185 respirationem
2938 2116 3255 2171 inimicorum
3276 2132 3502 2171 meorum

1901 2208 2139 2264 extendes
2163 2208 2261 2281 (a).
2284 2207 2477 2264 Vidisti
2498 2207 2786 2263 maximam
2805 2220 2927 2263 esse
2950 2207 3242 2278 potentiam
3265 2207 3317 2263 in
3342 2208 3503 2264 utris-

1900 2313 2005 2372 que
2034 2299 2313 2370 pertibus?
2335 2298 2470 2354 Nam
2495 2307 2550 2354 et
2573 2313 2681 2363 me,
2702 2297 2896 2369 inquit,
2919 2297 3011 2369 qui
3034 2298 3087 2352 in
3109 2298 3361 2353 maximis
3378 2313 3499 2354 ver-

1900 2408 1992 2448 sor
2016 2392 2192 2459 malis,
2220 2406 2543 2450 conservare
2567 2389 2791 2461 poteris,
2817 2398 2873 2446 et
2898 2390 3017 2445 illos
3042 2388 3222 2445 lurore
3244 2386 3500 2458 rabieque

1899 2483 2156 2554 percitos,
2182 2493 2239 2536 et
2263 2482 2441 2554 ignem
2471 2482 2758 2553 spirantes,
2782 2478 3019 2551 dejicere
3042 2487 3098 2534 et
3122 2479 3497 2548 comprimere.

1899 2574 1969 2629 Et
1990 2575 2186 2629 salvum
2215 2590 2296 2629 me
2334 2574 2454 2645 fecit
2492 2572 2702 2629 dextera
2737 2582 2845 2627 tua.
2874 2571 3059 2640 Alius,
3090 2569 3157 2626 Et
3196 2570 3392 2627 saluum
3420 2587 3503 2627 ms

1901 2667 2052 2738 faciet
2071 2666 2279 2721 dextera
2303 2674 2390 2718 tua
2414 2660 2515 2736 (ι),
2539 2663 2642 2720 hoc
2661 2671 2764 2731 est,
2792 2660 3030 2734 potentia
3057 2669 3166 2729 tua,
3190 2662 3363 2716 virtus
3384 2670 3495 2716 tua.

1874 2742 2013 2814 ~Deo
2049 2758 2195 2814 enim
2233 2764 2361 2813 sunt
2396 2756 2662 2827 expeditas
2696 2755 2797 2810 viai
2825 2768 3014 2810 omnes
3047 2764 3104 2809 et
3140 2754 3413 2821 rationes,
3443 2763 3501 2810 et

1897 2858 2076 2921 potest
2099 2849 2185 2904 vel
2208 2863 2274 2903 ex
2304 2847 2464 2917 rebus
2501 2845 2803 2917 desperatis
2839 2844 2905 2901 ad
2944 2845 3168 2901 salutem
3207 2844 3498 2902 adducere.

1898 2941 1954 2996 8.
1984 2939 2237 2995 Dominus
2260 2939 2500 2994 retribuet
2523 2954 2617 3009 pro
2641 2953 2739 2992 me.
2772 2936 2944 3003 Alius,
2973 2934 3169 3007 Eﬁciet
3326 2937 3499 3001 Alius,

1899 3031 2157 3102 Perﬁciet,
2188 3031 2291 3087 hoc
2318 3037 2420 3098 est,
2450 3030 2751 3087 Uiciscetur
2785 3020 3049 3083 inimicos.
3081 3025 3199 3082 Non
3226 3025 3364 3083 dixit
3397 3041 3497 3081 au-

1899 3134 2028 3190 tem,
2054 3121 2370 3189 Ulciscetur,
2395 3121 2512 3189 sed,
2539 3119 2817 3182 Retribuet,
2848 3116 3142 3175 ostendens
3165 3116 3307 3189 quod
3333 3117 3499 3173 etiam

1899 3216 1945 3271 si
1968 3217 2067 3270 sim
2096 3214 2287 3270 rationi
2313 3212 2600 3268 reddendae
2622 3212 2904 3275 obnoxius,
2931 3211 3046 3280 ipse
3070 3209 3311 3265 exsolvet
3336 3218 3388 3263 et
3411 3222 3500 3262 sa-

1905 3304 2167 3370 tisfaciet;
2197 3313 2280 3358 est
2306 3305 2447 3358 enim
2477 3301 2760 3372 benignus.
2787 3298 2969 3355 Potest
2993 3307 3172 3354 autem
3204 3297 3307 3353 hoc
3333 3298 3497 3354 etiam

1904 3396 2009 3454 dici
2047 3395 2117 3452 de
2150 3394 2218 3451 iis
2250 3408 2369 3466 quae
2393 3409 2425 3448 a
2452 3392 2670 3448 Christo
2709 3406 2809 3461 pro
2842 3390 2997 3445 nobis
3029 3388 3166 3445 facta
3202 3396 3347 3444 sunt.
3377 3387 3498 3458 ipse

1900 3488 2042 3544 enim
2069 3500 2168 3556 pro
2192 3484 2346 3540 nobis
2372 3482 2635 3540 retribuit.
2668 3479 2887 3534 Domine
2906 3520 2921 3545 ,
2951 3478 3297 3533 misericordia
3328 3488 3413 3531 tua
3439 3480 3495 3533 in

1895 3581 2158 3639 suculam.
2205 3576 2375 3649 Opera
2412 3590 2655 3630 manuum
2699 3583 2900 3627 tuarum
2939 3587 3005 3625 ne
3039 3570 3310 3641 despicias.
3353 3569 3497 3626 Duas

1896 3674 2052 3731 aﬂ‘ert
2082 3672 2346 3733 rationes,
2380 3683 2477 3723 cur
2498 3666 2692 3723 debeat
2720 3663 2932 3733 assequi
2959 3662 3076 3732 ejus
3103 3659 3441 3717 clementiam
3476 3677 3491 3712 :

1895 3779 2056 3820 unam
2093 3761 2311 3834 quidem
2336 3799 2352 3824 ,
2384 3756 2525 3829 quod
2553 3758 2666 3826 ipse
2693 3754 2763 3810 sit
2788 3753 2961 3808 bonus
2988 3762 3045 3807 et
3072 3752 3376 3806 misericors
3396 3791 3409 3814 ,
3438 3759 3497 3805 et

1895 3854 2109 3912 assidue
2133 3852 2438 3907 misericors
2457 3890 2474 3912 ,
2506 3856 2565 3903 ut
2592 3858 2882 3916 numquam
2914 3844 3361 3911 interrumpatur,
3391 3854 3495 3895 nec

1895 3946 2103 4003 desinat
2126 3984 2142 4010 ,
2184 3956 2285 3998 nec
2324 3938 2480 3995 cedat
2519 3936 2637 4007 ejus
2680 3933 2967 3990 clementia
3000 3950 3014 3988 :
3043 3930 3272 3988 alteram
3310 3938 3497 3987 autem

1898 4037 2039 4110 quod
2069 4036 2182 4106 ipse
2206 4035 2276 4089 sit
2304 4032 2526 4088 Greater
2551 4035 2607 4083 et
2632 4023 2843 4097 Opiiex.

1970 4126 2321 4185 Misericordia
2345 4121 2445 4178 Dei
2471 4136 2575 4176 non
2610 4119 2764 4174 datur
2796 4115 3255 4173 indiscriminatim.
3284 4145 3358 4157 —
3380 4113 3499 4171 Sed.

1894 4217 2342 4293 quemadmodum
2367 4213 2436 4269 ab
2461 4212 2541 4270 eis
2564 4207 2767 4267 servasi
2794 4206 3065 4272 volumus,
3098 4206 3169 4260 ita
3195 4206 3356 4262 etiam
3383 4208 3490 4259 mi-

1894 4309 2185 4369 sericordia
2219 4306 2436 4377 dignum
2474 4301 2601 4373 quid
2637 4298 2985 4357 ostendamus
3010 4294 3215 4368 (Exod.
3243 4296 3331 4353 53.
3360 4293 3429 4353 19
3447 4294 3488 4363 ).

1895 4401 2175 4458 liserebor
2200 4398 2368 4465 enim,
2397 4394 2589 4465 inquit,
2615 4392 2762 4463 cuius
2788 4389 3061 4445 miserebor
3084 4385 3259 4460 (Rom.
3287 4385 3343 4443 9.
3374 4388 3489 4458 l5).

1892 4495 2009 4551 Non
2052 4493 2195 4548 enim
2230 4484 2703 4545 indiscriminatim
2742 4496 2868 4539 eum
2908 4478 3055 4537 subit
3089 4475 3489 4542 misericordia,

1894 4584 1991 4641 sed
2028 4583 2143 4654 ipse
2180 4580 2340 4636 etiam
2378 4576 2611 4646 aliquam
2645 4570 3043 4629 distinctionem
3079 4567 3319 4624 adhibet.
3350 4566 3405 4621 Si
3440 4567 3495 4623 id

1893 4674 2036 4732 enim
2064 4672 2264 4727 iaceret
2289 4664 2774 4728 indiscriminatim,
2804 4673 2967 4716 nemo
2993 4672 3245 4728 umquam
3271 4656 3495 4727 punire-

1895 4777 1997 4822 tur.
2027 4764 2293 4833 Quocirca
2316 4773 2423 4815 non
2453 4756 2626 4813 solum
2653 4753 2911 4810 iaciamus
2935 4763 2999 4804 ea
3024 4762 3145 4819 qua:
3171 4754 3402 4818 Oportet,
3434 4756 3493 4802 ut

1895 4853 2313 4915 misericordiam
2356 4848 2789 4920 consequamur,
2824 4841 2921 4898 sed
2959 4841 3121 4897 etiam
3151 4840 3275 4911 quia
3311 4854 3341 4894 a
3376 4838 3498 4895 Deo

1894 4950 2017 5006 iacti
2044 4960 2249 5003 sumus.
2279 4942 2415 4999 Eum
2441 4940 2585 4996 enim
2610 4936 2699 5009 qui
2728 4950 2758 4990 a
2786 4935 2896 4990 Deo
2918 4940 3131 4989 creatus
3158 4939 3261 4997 est.
3285 4939 3341 4987 et
3368 4939 3489 4985 tan-

1895 5051 2007 5098 tum
2036 5039 2220 5096 habuit
2246 5034 2501 5108 Opiﬁcem
2526 5039 2583 5088 et
2610 5030 2811 5101 Regem
2830 5068 2846 5095 ,
2872 5032 3087 5097 oportet
3119 5038 3180 5080 se
3208 5024 3277 5080 ita
3301 5036 3493 5093 gerere

1894 5143 1955 5190 ut
1998 5131 2138 5188 illius
2175 5142 2305 5185 cura
2342 5134 2398 5183 et
2434 5120 2766 5196 providentia
2807 5132 2868 5175 se
2907 5131 3015 5173 non
3055 5130 3177 5172 esse
3214 5113 3499 5184 indignum

1894 5225 2158 5285 ostendat.
2184 5222 2243 5280 Si
2267 5221 2384 5277 haec
2410 5217 2686 5283 iaciamus,
2708 5214 2847 5270 bona
2874 5211 3051 5267 futura
3075 5220 3490 5277 consequemur,

1894 5336 2014 5392 qua:
2044 5317 2199 5374 nobis
2226 5312 2499 5382 contingat
2525 5309 2761 5379 assequi,
2789 5305 2961 5377 gratia
2981 5312 3039 5361 et
3063 5300 3351 5360 clementia
3380 5298 3491 5392 Do-

1894 5388 2026 5469 mini
2065 5406 2234 5464 nostri
2270 5404 2401 5461 Jesu
2422 5400 2623 5458 Christi
2645 5439 2663 5466 ,
2687 5397 2773 5454 cui
2801 5396 2969 5469 gloria
2994 5402 3050 5453 et
3084 5393 3407 5466 imperium,
3435 5388 3502 5449 in

1895 5504 2090 5564 sarcula
2117 5498 2456 5558 seculorum.
2488 5494 2682 5550 Amen.

1956 5685 2009 5742 la
2064 5689 2177 5732 Haec
2198 5673 2542 5741 interpretatio
2563 5677 2643 5723 est
2661 5667 2944 5735 Symmachi.

1961 5684 2032 5809 (οἶ
2066 5744 2296 5809 limitem
2316 5741 2565 5809 interpres
2588 5741 2674 5809 est.

1982 5730 2032 5804 bl
2066 5730 2296 5793 inuitem
2316 5730 2565 5804 interpres
2588 5741 2671 5804 est
2691 5730 3021 5804 Symmachus.

1982 5750 2032 5809 ὸ)
2066 5750 2153 5793 Dic
2173 5750 2296 5792 item
2316 5750 2565 5799 interpres
2588 5750 2667 5784 ea
2695 5750 2963 5804 ayss-tuum

1960 5750 2031 5877 ἒς)
2064 5806 2121 5856 Hi
2151 5805 2455 5865 interpretes
2474 5800 2559 5862 qui
2580 5797 2681 5848 sint
2700 5805 2963 5845 nescimus.
