4222 6444
694 354 794 413 HI

1091 460 1157 519 IN
1192 456 1518 518 PSALMUM
1555 452 1883 512 CXXXVIII.

1046 596 1100 650 1.
1145 588 1212 647 In
1239 592 1423 661 ﬁnem,
1453 588 1675 643 uictoris:
1706 586 1916 640 auctori.

933 707 1181 775 Domine,
1206 705 1426 777 probasti
1446 720 1545 772 me,
1567 711 1614 759 et
1634 702 1907 774 cognovisti
1934 716 2030 754 me.

768 822 820 876 i.
852 820 1121 887 Quomodo
1143 835 1257 885 vos,
1289 817 1546 888 probasti,
1570 816 1633 871 de
1666 814 1776 869 Deo
1814 812 2138 885 intelligenda
2174 810 2272 875 sit;

694 912 849 966 sessio
874 920 921 965 et
947 911 1243 964 resurrectio
1267 908 1420 979 quid;
1449 906 1545 961 Dei
1572 906 1913 977 proscientia.
1933 934 2001 945 —
2024 900 2162 969 Quid
2187 901 2271 955 di-

695 1002 819 1058 cis?
846 1003 994 1058 novit
1020 1003 1182 1067 Deus,
1214 1011 1491 1072 postquam
1519 998 1760 1068 pronavit
1787 1014 1803 1053 :
1829 1007 2112 1067 antequam
2142 1010 2269 1065 pro-

699 1093 841 1147 bavit
864 1102 1041 1149 autem
1062 1134 1078 1158 ,
1117 1106 1222 1146 non
1252 1090 1441 1147 novit?
1470 1090 1639 1144 Absit.
1665 1087 1942 1156 Quomodo
1970 1087 2111 1140 enim
2136 1126 2151 1149 ,
2180 1083 2269 1153 qui

699 1184 875 1238 omnia
919 1185 1065 1243 novit
1100 1192 1382 1253 antequam
1426 1180 1655 1235 ﬁerent?
1689 1179 1787 1235 sed
1823 1178 1952 1233 illud
1981 1218 1997 1243 ,
2039 1174 2271 1229 Probasti

700 1289 781 1327 me
809 1272 831 1344 (
855 1273 991 1328 Dan.
1020 1274 1107 1329 15.
1139 1272 1210 1328 62
1234 1272 1288 1345 ).
1329 1271 1589 1343 signiﬁcat
1611 1311 1627 1337 ,
1655 1270 1739 1326 lle
1776 1271 2007 1341 perfecte
2052 1265 2267 1322 novisti.

699 1363 1155 1431 Quemadmodum
1194 1363 1335 1418 enim
1379 1361 1688 1437 Apostolus,
1734 1359 1945 1431 quando
1981 1357 2108 1413 dicit
2148 1372 2270 1412 eum

697 1454 859 1508 corda
887 1455 1108 1509 scrutari
1136 1452 1327 1527 (Rom.
1352 1456 1406 1510 8.
1432 1453 1501 1507 27
1521 1454 1539 1521 )
1560 1495 1574 1518 ,
1606 1468 1712 1507 non
1742 1452 2151 1522 ignorationem,
2176 1448 2271 1505 sed

698 1545 987 1612 perfectam
1014 1546 1366 1617 cognitionem
1394 1544 1698 1616 signiﬁcans
1719 1545 1821 1599 hoc
1839 1542 1999 1599 dicit:
2020 1544 2091 1597 ita
2111 1542 2272 1597 ctiam

696 1634 786 1688 hic
808 1649 927 1689 cum
957 1635 1116 1701 dicit,
1153 1633 1391 1691 Probasti
1412 1651 1508 1701 me,
1535 1633 1987 1691 evidentissimam
2012 1632 2273 1703 signiﬁcat

696 1726 1050 1801 cognitionem
1077 1768 1091 1789 ,
1131 1727 1232 1781 hoc
1270 1736 1385 1791 est,
1412 1726 1490 1780 Tu
1530 1740 1617 1780 me
1653 1726 1885 1795 perfecte
1923 1725 2083 1780 nes-ti.
2110 1725 2163 1783 2.
2196 1724 2273 1779 Tu

695 1818 969 1887 cognovisti
997 1818 1263 1871 sessionem
1288 1833 1449 1870 meam
1476 1826 1520 1871 et
1542 1818 1947 1871 resurrectionem
1971 1833 2151 1869 meam.
2172 1815 2274 1870 Per

694 1910 987 1965 sessionem
1013 1918 1067 1965 et
1086 1910 1525 1965 resurrectionem
1555 1923 1767 1962 omnem
1788 1907 1947 1961 vitam
1975 1905 2269 1976 signiﬁcat;

696 1998 749 2051 in
778 1997 859 2051 his
886 1996 1030 2053 enim
1058 2006 1165 2053 tota
1192 1997 1297 2050 vita
1334 2005 1513 2052 nostra
1548 1997 1827 2063 consistit;
1856 1996 2114 2061 actiones,
2145 2011 2273 2065 ope-

694 2089 951 2156 rationes,
980 2089 1246 2159 ingressus
1265 2098 1320 2143 et
1346 2088 1539 2143 exitus.
1568 2088 1768 2143 Deinde
1791 2089 2039 2159 quoniam
2061 2088 2192 2142 dixit
2216 2087 2272 2143 in

692 2180 975 2251 principio,
1001 2180 1239 2235 Probasti
1263 2180 1343 2235 me
1368 2196 1390 2235 :
1412 2195 1479 2236 ne
1506 2180 1626 2251 quis
1654 2179 1811 2250 paulo
1836 2178 2273 2234 inconsideratior

692 2279 907 2340 putaret
928 2287 1049 2326 eum
1073 2286 1232 2327 nosse
1259 2286 1325 2327 ex
1349 2270 1681 2340 probatione,
1709 2270 1794 2325 vel
1822 2286 1886 2324 ex
1909 2284 2083 2323 rerum
2108 2284 2271 2339 expe-

692 2362 906 2427 rientia,
938 2372 1214 2431 propterea
1241 2361 1384 2431 quod
1407 2358 1569 2426 dixit,
1598 2354 1676 2415 Tu
1704 2362 1977 2433 cognovisti
2003 2362 2273 2415 sessionem

692 2469 874 2517 nteant,
898 2464 950 2507 et
971 2456 1380 2508 resurrectionem
1398 2470 1580 2518 meam,
1602 2452 1722 2507 vide
1742 2452 2005 2522 quomodo
2030 2452 2080 2507 id
2105 2453 2272 2507 corri-

692 2546 768 2616 git
804 2560 898 2615 per
928 2545 981 2599 id
1007 2544 1146 2615 quod
1185 2544 1451 2614 subjungit
1472 2586 1487 2607 ,
1523 2543 1707 2599 dicens
1733 2586 1749 2609 ,
1792 2544 1845 2596 5.
1878 2542 1953 2597 Tu
1979 2543 2272 2615 intellexisti

693 2636 1015 2705 cogitationes
1034 2652 1171 2690 meas
1193 2652 1226 2688 a
1255 2637 1417 2704 longe.
1450 2636 1553 2690 Per
1579 2635 1680 2689 hoc
1700 2635 1841 2689 enim
1867 2633 2269 2702 signiﬁcatcum

695 2742 802 2781 non
846 2742 1003 2783 nosse
1035 2723 1131 2797 per
1169 2727 1531 2798 probationem
1556 2766 1575 2791 ,
1611 2740 1783 2796 neque
1812 2739 1946 2794 opus
1984 2725 2183 2782 habere
2213 2734 2271 2779 ut

694 2820 904 2887 probet,
927 2818 1023 2874 sed
1048 2834 1140 2873 sua
1168 2817 1480 2893 prmsciendi
1506 2818 1757 2873 iacultate
1781 2819 1920 2874 scire
1945 2818 2145 2871 omnia.
2168 2819 2269 2885 Qui

693 2909 835 2964 enim
865 2909 1009 2962 novit
1045 2908 1391 2978 cogitationes
1428 2924 1547 2980 quae
1588 2909 1641 2963 in
1676 2920 1853 2965 mente
1884 2919 2009 2964 sunt
2040 2910 2227 2979 posita:
2249 2948 2268 2975 ,

694 3002 959 3069 non'opus
979 2999 1140 3053 habet
1158 3007 1219 3053 ut
1243 2998 1429 3067 probet
1452 3013 1548 3069 per
1566 3013 1753 3069 opera.
1778 2999 2108 3071 Quamquam
2136 3000 2273 3055 alio-

692 3092 784 3162 qui
811 3106 916 3145 non
939 3089 1111 3145 solum
1134 3104 1228 3145 eas
1251 3089 1397 3145 novit
1419 3089 1543 3145 dum
1572 3090 1628 3144 in
1658 3098 1835 3145 mente
1854 3102 2152 3158 versantur,
2175 3092 2272 3148 sed

693 3183 853 3238 etiam
884 3182 1190 3251 priusquam
1215 3181 1414 3236 versari
1440 3180 1695 3251 incipiant
1722 3199 1736 3235 :
1775 3197 1877 3238 nec
1911 3183 2083 3239 solum
2117 3194 2271 3241 ante-

693 3288 851 3344 quam
894 3272 1092 3329 versari
1139 3272 1429 3343 incipiant,
1472 3273 1569 3328 sed
1600 3274 1760 3328 etiam
1801 3274 1959 3344 longo
1987 3286 2109 3331 ante
2138 3284 2273 3330 tem-

694 3380 842 3435 pore.
877 3364 946 3418 Et
970 3364 1090 3418 ideo
1115 3364 1229 3419 haec
1249 3363 1433 3419 volens
1460 3362 1757 3435 signiﬁcare
1779 3406 1794 3430 ,
1822 3365 2094 3434 subjnnxit
2117 3366 2269 3433 illud,

694 3453 999 3509 Intellexisti
1038 3454 1362 3525 cogitationes
1403 3470 1539 3509 meas
1579 3454 1641 3510 de
1675 3454 1842 3527 longe.
1887 3458 1942 3512 Si
1972 3473 2099 3527 ergo
2127 3460 2275 3514 novit

694 3546 856 3601 etiam
898 3545 1241 3617 cogitationes
1268 3545 1407 3600 Deus
1429 3585 1446 3610 ,
1474 3560 1570 3600 cur
1607 3545 1807 3606 inducit
1832 3562 1951 3603 eam
1974 3588 1988 3611 ,
2023 3564 2142 3619 quae
2181 3564 2275 3618 per

695 3650 858 3703 opera
890 3634 976 3698 ﬁt,
1008 3634 1415 3704 probationem?
1436 3635 1553 3691 Νοη
1583 3643 1643 3690 ιιι
1670 3638 1784 3707 ipse
1812 3636 1914 3693 hoc
1941 3638 2150 3707 discat,
2177 3641 2274 3697 sed

696 3736 756 3783 ut
776 3744 869 3784 eos
894 3726 983 3799 qui
1010 3729 1097 3783 illa
1122 3728 1386 3783 sustinent
1410 3728 1662 3799 probatos
1695 3728 1913 3785 efﬁciat.
1942 3731 2277 3801 Cognoverat

697 3822 840 3893 enim
870 3822 970 3876 Job
996 3831 1119 3877 ante
1145 3821 1545 3889 experientiam,
1571 3829 1626 3876 et
1651 3820 1774 3876 ideo
1800 3820 1853 3876 id
1883 3824 2172 3879 testabatur
2195 3824 2277 3881 di-

698 3924 827 3964 cens
856 3927 871 3963 :
906 3909 1074 3964 Homo
1099 3911 1291 3979 justus,
1318 3924 1490 3978 uerax,
1527 3911 1646 3978 pius
1667 3910 1822 3982 (Job.
1852 3912 1907 3965 2.
1935 3913 1971 3967 5
1994 3913 2032 3983 ).
2058 3912 2161 3969 Sed
2193 3915 2276 3969 in-

700 4000 852 4055 duxit
872 4000 1273 4071 experientiam,
1296 4010 1355 4055 ut
1378 4010 1433 4057 et
1456 4001 1605 4056 illum
1633 4001 1883 4057 redderet
1905 4002 2200 4071 fortiorem,
2223 4013 2278 4061 et

701 4095 897 4150 diaboli
925 4094 1262 4165 redargueret
1286 4094 1702 4165 improbitatem,
1724 4105 1780 4152 et
1798 4097 1933 4153 alios
1959 4100 2073 4168 ejus
2097 4115 2279 4156 exem-

701 4187 793 4257 plo
821 4186 1067 4241 meliores
1104 4185 1363 4241 redderet.
1401 4186 1469 4241 Et
1495 4186 1625 4255 quid
1653 4187 1864 4243 miraris
1893 4190 1937 4244 si
1966 4190 2069 4245 hoc
2096 4192 2280 4247 fecerit

703 4279 757 4331 in
772 4276 1026 4342 Job,‘cum
1049 4278 1219 4345 ipsum
1245 4275 1400 4332 faciat
1414 4278 1573 4332 etiam
1591 4278 1644 4333 in
1662 4282 2061 4349 peccatoribus?
2080 4274 2280 4355 Aperte

706 4371 851 4425 enim
881 4368 1081 4424 sciebat
1107 4368 1363 4422 Ninivitas
1390 4384 1495 4424 non
1525 4384 1645 4425 esse
1673 4371 1859 4443 dignos
1892 4376 1980 4443 qui
2020 4378 2277 4445 perirent,

707 4463 799 4518 sed
824 4478 915 4533 per
933 4461 1293 4533 paenitentiam
1324 4475 1418 4519 eos
1446 4462 1697 4521 meliores
1716 4464 1919 4522 futuros
1939 4483 1957 4533 ;
1980 4468 2179 4529 inducit
2205 4480 2283 4525 ta-

709 4573 829 4611 men
849 4558 1007 4613 etiam
1028 4571 1123 4627 per
1144 4573 1230 4614 res
1244 4556 1655 4628 experientiam;
1680 4567 1734 4614 et
1753 4559 1948 4630 ubique
1966 4562 2128 4617 multa
2151 4578 2284 4633 prae-

712 4646 801 4702 bet
822 4657 1126 4719 argumenta
1147 4648 1536 4704 evidentissima
1557 4664 1669 4705 suae
1687 4664 1829 4706 cura:
1850 4660 1902 4707 et
1916 4654 2280 4722 providentiae,

712 4753 818 4793 non
844 4748 1120 4793 contentus
1145 4753 1238 4793 sua
1264 4739 1587 4808 cognitione.

787 4828 1109 4885 Prascientia
1138 4830 1232 4885 Dei
1256 4831 1506 4886 hominem
1532 4832 1714 4887 bonum
1740 4841 1827 4887 aut
1857 4835 2047 4889 malum
2079 4852 2181 4892 non
2200 4837 2285 4905 fa-

717 4923 809 4977 cit.
839 4952 908 4962 -
931 4922 1284 4989 Quamobrem
1323 4922 1536 4979 dicebat
1576 4939 1787 4995 quoque
1823 4925 2135 4997 Unigenitus
2167 4947 2179 4980 :
2224 4929 2284 4985 Si

716 5030 814 5067 non
843 5012 973 5082 facio
1000 5029 1154 5083 opera
1190 5012 1361 5067 Patris
1389 5015 1486 5067 mei
1505 5055 1521 5078 ,
1550 5030 1611 5068 ne
1644 5016 1768 5070 milii
1791 5016 1977 5070 credite
2002 5034 2021 5070 .'
2048 5018 2092 5072 si
2118 5028 2286 5073 autem

715 5104 867 5172 facio,
896 5105 987 5159 etsi
1010 5104 1131 5157 mihi
1154 5120 1256 5158 non
1276 5104 1513 5171 credatis,
1538 5106 1766 5174 operibus
1782 5107 1971 5162 credite
1989 5108 2166 5181 (Joan.
2197 5110 2283 5167 10.

714 5193 804 5248 37.
837 5194 965 5265 '58).
991 5196 1124 5261 Quia
1162 5197 1305 5251 enim
1333 5197 1580 5267 permulti
1610 5198 1699 5268 qui
1734 5207 1858 5254 sunt
1896 5201 2173 5255 crassioris
2202 5202 2287 5256 in-

716 5286 894 5355 genii,
929 5294 990 5341 et
1011 5287 1156 5341 nullo
1183 5287 1293 5343 fere
1321 5302 1479 5343 sensu
1509 5288 1710 5357 praediti
1735 5330 1749 5353 ,
1783 5291 1945 5343 multa
1974 5290 2158 5345 dicunt
2187 5291 2286 5345 bu-

719 5376 966 5444 iusmodi,
986 5393 1187 5447 nempe
1209 5379 1350 5435 hunc
1373 5380 1550 5447 elegit,
1582 5380 1723 5435 hunc
1748 5380 1963 5445 dilexit,
1992 5380 2141 5436 illum
2166 5382 2289 5437 odio

720 5466 921 5531 habuit,
951 5476 1005 5522 et
1034 5478 1309 5539 propterea
1338 5470 1422 5525 hic
1448 5470 1659 5540 quidem
1688 5473 1856 5525 malus
1879 5513 1895 5538 ,
1924 5473 2014 5526 ille
2037 5487 2163 5526 vero
2192 5472 2289 5527 bo-

721 5570 822 5612 nus
847 5557 1013 5611 evasit
1040 5576 1054 5611 :
1081 5573 1145 5613 ex
1175 5559 1333 5614 rebus
1359 5560 1487 5630 ipsis
1511 5561 1793 5631 persuadet
1823 5604 1838 5629 ,
1880 5563 2291 5634 uniuscujusque

722 5646 909 5702 borum
937 5650 1248 5705 sententiam
1271 5652 1541 5722 corrigens
1564 5695 1579 5719 ,
1604 5662 1661 5709 et
1685 5652 1738 5708 in
1768 5654 1999 5709 medium
2026 5654 2293 5710 adducens

713 5737 1087 5810 probationem
1116 5756 1210 5813 per
1235 5751 1393 5813 cper'a
1419 5786 1433 5813 ,
1455 5754 1520 5801 et
1556 5748 1858 5819 pronuntiat
1889 5746 2104 5819 quidem
2132 5746 2291 5803 etiam

1363 346 1422 403 8.
1463 339 1740 403 IOANNIS
1776 331 2247 398 CHRYSOSTOMI
2288 328 2606 388 ABCHIEP.
2644 326 3184 388 CONS'I'ANTIKOP.

3856 323 3968 383 MS

2379 450 2661 512 antequam
2706 456 2794 497 res
2830 440 3109 506 eveniant,
3142 440 3283 495 hunc
3318 438 3516 494 virtute
3557 436 3835 509 praditum
3860 478 3875 504 ,
3902 446 3965 493 ut

2377 533 2493 603 ejus
2507 532 2817 603 prmsciendi
2838 532 3139 588 facultatem
3162 530 3455 602 intelligant
3482 530 3755 602 :adjungit
3779 541 3965 587 autem

2378 624 2537 677 etiam
2582 623 2947 692 probationem
2973 638 3092 693 quae
3136 622 3198 678 ﬁt
3222 638 3318 693 per
3344 636 3506 693 opera
3529 663 3547 690 ,
3575 637 3644 679 ne
3665 623 3784 694 quis
3810 620 3963 677 dicat

2379 713 2539 783 paulo
2568 713 3008 769 inconsideratior
3039 728 3161 769 eum
3204 713 3364 769 talem
3404 727 3525 769 esse
3565 723 3782 784 propter
3815 728 3961 782 pra:-

2377 806 2676 861 scientiam.
2720 805 2887 860 Porro
2925 793 3044 859 vide
3081 804 3350 874 quomodo
3390 804 3585 861 Paulus
3615 805 3719 861 hoc
3756 803 3961 876 signiﬁ-

2338 884 2481 959 Fcat,
2506 896 2692 951 dicens
2716 911 2734 946 -:
2764 894 2890 949 Cum
2918 896 3052 949 enim
3079 894 3308 949 nondum
3330 896 3437 949 nati
3458 896 3671 966 fuissent
3691 936 3706 960 ,
3736 912 3827 949 nee
3852 895 3947 949 sli.

2376 985 2499 1056 quid
2520 985 2637 1038 boni
2659 994 2746 1038 aut
2766 984 2887 1039 mali
2911 987 3159 1056 fecissent,
3179 995 3232 1040 ut
3253 985 3350 1041 Dei
3371 987 3643 1041 secundum
3668 987 3971 1041 electionem

2378 1077 2688 1145 prapositum
2717 1085 2957 1144 maneret,
2988 1093 3089 1131 non
3121 1093 3187 1131 ea:
3218 1078 3471 1147 operibus,
3501 1077 3590 1133 sed
3620 1094 3684 1132 ea:
3712 1088 3966 1145 vocante,

2376 1168 2567 1222 dictum
2591 1180 2661 1223 est
2686 1169 2733 1222 ei
2755 1210 2769 1234 ,
2798 1170 2934 1240 quod
2960 1171 3126 1242 major
3146 1172 3324 1225 serviet
3348 1170 3530 1223 minori
3558 1170 3576 1239 (
3599 1171 3749 1226 Rom.
3777 1169 3830 1227 9.
3856 1170 3970 1225 il—

2378 1262 2504 1331 15).
2547 1260 2728 1330 Neque
2754 1261 2895 1317 enim
2928 1260 3187 1317 factorum
3216 1263 3389 1317 exitus
3411 1271 3495 1318 est
3521 1261 3913 1333 exspectandus
3938 1300 3971 1328 ,

2377 1354 2472 1407 sed
2501 1361 2663 1406 etiam
2686 1360 2809 1406 ante
2843 1366 2905 1405 ea
2933 1352 3078 1406 novit
3117 1352 3234 1421 ipse
3264 1358 3387 1407 eum
3422 1351 3513 1422 qui
3551 1351 3723 1406 malus
3743 1392 3760 1416 ,
3785 1359 3840 1407 et
3866 1351 3968 1422 qui

2378 1459 2485 1498 non
2528 1443 2647 1499 talis
2693 1456 2777 1500 est
2825 1443 3053 1499 futurus.
3098 1443 3346 1499 Semitam
3391 1459 3554 1497 meam
3595 1452 3639 1496 et
3676 1443 3967 1515 (miculas.

2377 1554 2545 1591 meum
2588 1537 2894 1607 inrestigasti
2918 1576 2933 1603 ,
2960 1537 3014 1592 4.
3043 1545 3091 1591 et
3132 1551 3305 1590 omnes
3341 1536 3447 1589 vias
3486 1549 3623 1589 meas
3654 1533 3962 1605 prteridistis

2378 1628 2833 1696 Quemadmodum
2875 1629 3169 1683 sessionem
3213 1634 3268 1681 et
3310 1625 3758 1681 resurrectionem
3802 1631 3969 1679 vocat

2378 1718 2515 1774 facta
2551 1735 2617 1774 ex
2651 1719 3038 1774 consuetudine
3066 1735 3080 1771 :
3109 1717 3305 1773 etenim
3337 1730 3437 1774 nos
3460 1718 3620 1773 etiam
3648 1730 3791 1786 saepe
3818 1714 3965 1771 dici-

2378 1828 2499 1867 mus
2528 1832 2541 1866 :
2577 1812 2673 1867 Hic
2700 1812 2864 1873 novit,
2893 1810 3159 1881 quomodo
3185 1808 3369 1876 sedet,
3393 1818 3448 1864 et
3473 1806 3743 1879 quomodo
3770 1806 3965 1878 surgit,

2378 1912 2634 1959 testantes
2660 1903 2776 1971 ejus
2801 1903 3090 1972 perfectam
3118 1901 3366 1957 notitiam
3397 1918 3411 1955 :
3442 1902 3517 1956 ita
3558 1902 3644 1956 hic
3679 1900 3842 1956 etiam
3868 1914 3962 1955 se-

2377 1997 2560 2049 mitam
2600 2003 2654 2049 et
2695 1993 2992 2049 funiculum
3030 1994 3159 2049 dicit
3195 1993 3497 2048 universam
3536 1993 3651 2063 ejus
3680 1992 3863 2046 vitam.
3895 1990 3968 2047 Et

2376 2086 2499 2142 ideo
2523 2087 2791 2157 subjungit
2824 2106 2838 2141 :
2876 2086 2940 2140 Et
2962 2103 3133 2141 omnes
3160 2088 3267 2141 vias
3290 2101 3427 2140 meas
3463 2084 3759 2156 ννωνὶάωὶ.
3789 2084 3965 2139 Porro

2377 2180 2507 2236 illud
2530 2222 2549 2249 ,
2581 2179 2931 2251 Investigasti,
2955 2194 3064 2234 non
3092 2188 3175 2235 est
3199 2178 3316 2249 ejus
3341 2178 3430 2249 qui
3455 2179 3647 2247 quaerit
3670 2217 3686 2241 ,
3717 2192 3817 2233 nec
3842 2175 3965 2245 ejus

2375 2276 2466 2344 qui
2496 2282 2781 2338 scrutatur,
2809 2271 2905 2328 sed
2931 2272 3048 2342 ejus
3073 2272 3163 2342 qui
3189 2271 3338 2325 novit
3360 2269 3613 2341 perfecte.
3642 2268 3755 2324 Hoc
3782 2276 3964 2323 autem

2376 2367 2666 2422 ostendens
2693 2365 2966 2435 subjunxit
2989 2406 3005 2430 ,
3036 2363 3327 2419 Pravidisti
3347 2380 3366 2418 :
3393 2363 3496 2418 hoc
3521 2372 3605 2418 est
3626 2404 3640 2426 ,
3672 2373 3961 2432 antequam

2378 2457 2569 2515 ﬁerent
2597 2457 2733 2512 nosti
2761 2457 2939 2511 omnia
2976 2455 3111 2511 facta
3152 2456 3291 2511 bona
3320 2462 3375 2509 et
3402 2454 3560 2509 maia.
3598 2454 3731 2521 Quia
3759 2469 3861 2508 non
3885 2460 3965 2509 est

2375 2548 2521 2601 dolus
2554 2549 2605 2601 in
2644 2547 2820 2618 lingua
2845 2562 2974 2602 mea.
3014 2546 3166 2600 Alius
3189 2586 3205 2613 ,
3234 2544 3578 2600 Contradictio
3607 2542 3710 2617 (a),
3738 2542 3851 2598 Hoc
3877 2551 3966 2599 est

2374 2638 2663 2692 maximum
2684 2635 2893 2690 virtutis
2912 2634 3181 2695 indicium,
3208 2633 3310 2689 hoc
3335 2642 3418 2689 est
3439 2636 3646 2688 summa
3673 2634 3960 2700 bonorum,

2375 2734 2479 2789 hoc
2499 2742 2581 2787 est
2616 2731 2757 2802 quod
2786 2729 3026 2786 Christus
3062 2728 3295 2784 maxime
3333 2728 3559 2797 requirit
3584 2726 3804 2782 dicens:
3838 2724 3963 2782 Nisi

2375 2823 2735 2879 convertamini
2761 2830 2809 2874 et
2847 2820 3130 2890 eﬂiciamini
3156 2819 3284 2873 sicut
3309 2816 3506 2885 paruuli
3530 2859 3546 2882 ,
3572 2833 3673 2871 non
3706 2816 3961 2886 ingredie-

2375 2916 2500 2969 mini
2533 2916 2585 2967 in
2621 2928 2831 2983 regnum
2868 2911 3107 2965 caelorum
3148 2908 3360 2980 (Matth.
3386 2908 3473 2963 18.
3503 2908 3575 2979 ὅ)
3609 2925 3623 2962 :
3651 2908 3961 2977 simplicita-

2378 3015 2485 3060 tem
2512 3046 2527 3063 .
2568 3004 2960 3064 innocentiam,
2991 3008 3045 3055 et
3072 3000 3138 3055 ab
3179 2999 3334 3054 omni-
3365 2998 3490 3053 dolo
3524 3013 3589 3053 ac
3617 2998 3962 3053 simulatione

2376 3098 2726 3153 remotionem
2758 3092 3082 3164 signiﬁcans.
3104 3090 3366 3157 Quocirca
3393 3090 3667 3159 imperitos
3688 3097 3741 3143 et
3766 3088 3964 3145 idiotas
4009 3142 4015 3146 _

2374 3192 2534 3261 elegit
2558 3197 2613 3243 et
2637 3188 2769 3243 dixit
2792 3206 2806 3241 :
2837 3186 3089 3251 Conﬁteor
3108 3184 3214 3249 tibi,
3234 3182 3412 3261 Pater,
3435 3184 3553 3253 quia
3573 3182 3834 3236 occultasti
3850 3183 3961 3237 hac

2376 3300 2409 3336 α
2435 3258 2743 3353 sapientibus
2774 3287 2823 3332 et
2851 3276 3243 3347 intelligentin
3262 3258 3361 3341 ,ἐι
3393 3274 3623 3328 reoelasti
3648 3289 3709 3328 ea
3736 3274 3961 3345 parvulis

2377 3373 2589 3444 (Matth.
2620 3372 2705 3425 Η.
2722 3368 2839 3439 25).
2862 3367 2995 3424 Vide
3020 3376 3197 3422 autem
3222 3382 3237 3419 :
3263 3380 3369 3420 non
3392 3364 3543 3430 dixit,
3565 3364 3697 3433 Quia
3722 3366 3956 3435 suscepi,

2377 3476 2431 3522 et
2460 3465 2595 3534 ejeci
2616 3462 2830 3526 dolum;
2868 3460 2963 3517 sed
2983 3501 2999 3525 ,
3026 3457 3176 3526 Quod
3203 3472 3307 3512 non
3346 3456 3440 3511 fuit
3477 3471 3747 3526 umquam,
3786 3472 3959 3527 neque

2377 3556 2615 3625 linguam
2635 3566 2810 3608 meam
2832 3549 3065 3617 suscepit
3089 3547 3175 3603 hic
3199 3546 3437 3611 morbus,
3463 3561 3564 3602 nec
3587 3547 3636 3601 ei
3664 3548 3791 3601 vitio
3819 3548 3961 3604 ullus

2379 3661 2625 3716 umquam
2654 3642 2839 3703 fuit.ad
2865 3656 2949 3696 me
2968 3641 3161 3695 aditus.
3190 3639 3245 3694 5.
3274 3638 3420 3703 Ecce,
3441 3638 3677 3705 Domine,
3694 3649 3747 3693 tu
3766 3655 3959 3711 cogno-

2380 3739 2493 3794 uisti
2519 3738 2689 3793 omnia
2715 3734 2983 3790 novissima
3009 3740 3054 3785 et
3080 3732 3305 3801 antiqua.
3333 3729 3449 3786 Non
3488 3730 3835 3801 cogitationes
3869 3747 3951 3788 so-

2382 3833 2512 3897 lum,
2542 3830 2731 3901 inquit,
2763 3827 2921 3892 nosti,
2950 3839 3049 3881 nec
3072 3824 3311 3879 actiones
3335 3863 3350 3886 ,
3382 3837 3483 3878 nec
3508 3823 3621 3877 vias
3650 3838 3796 3877 meas
3816 3865 3832 3887 ,
3862 3822 3961 3879 sed

2380 3924 2557 3981 omnia
2584 3939 2702 3993 quae
2728 3920 2943 3976 fuerunt
2967 3927 3022 3973 et
3050 3917 3221 3972 futura
3246 3925 3388 3971 sunt.
3420 3914 3503 3970 Tu
3528 3916 3760 3987 formasti
3786 3933 3886 3983 me,
3910 3926 3960 3971 et

2382 4016 2591 4087 posuisti
2614 4028 2765 4082 super
2783 4028 2863 4065 me
2890 4025 3095 4063 manum
3113 4016 3273 4061 tuam.
3302 4007 3348 4062 A
3372 4007 3685 4077 prtescieudi
3713 4006 3961 4071 facultate

2382 4107 2593 4163 transiit
2618 4104 2685 4160 ad
2713 4101 2929 4159 creandi
2968 4107 3288 4172 potestatem
3314 4138 3329 4165 ,
3359 4106 3414 4154 et
3445 4112 3632 4153 rursus
3670 4114 3704 4154 a
3741 4099 3959 4155 creandi

2381 4207 2647 4271 potestate
2672 4196 2738 4250 ad
2769 4190 3081 4265 praesciendi
3120 4190 3443 4246 facultatem.
3469 4188 3586 4245 Non
3618 4190 3788 4245 solum
3815 4192 3959 4247 enim

2383 4308 2484 4349 nos
2509 4291 2656 4360 fecit,
2693 4303 2818 4344 cum
2842 4301 2949 4342 non
2976 4298 3238 4349 essemus,
3266 4281 3360 4339 sed
3390 4282 3629 4339 etiamin
3653 4282 3765 4353 jam
3793 4282 3963 4341 factos

2382 4383 2591 4441 obtinet
2614 4379 2916 4450 imperium.

2453 4478 2509 4533 2.
2540 4476 2663 4531 Haec
2689 4484 2911 4544 utraque
2929 4474 2997 4529 de
3017 4472 3231 4528 Christo
3256 4470 3715 4539 Paulus-testatur,
3741 4472 3957 4531 dicens:

2387 4569 2725 4640 Muttifariam
2749 4566 3016 4638 multisque
3041 4564 3205 4619 modis
3229 4562 3367 4617 Deus
3396 4564 3519 4617 olim
3547 4563 3779 4632 loquutus
3805 4566 3962 4632 patri-

2385 4662 2475 4715 bus
2493 4661 2547 4713 in
2564 4643 2844 4729 prophetis.
2868 4657 2921 4710 in
2940 4655 3173 4709 extremis
3186 4653 3360 4709 diebus
3381 4653 3611 4723 loquutus
3640 4664 3713 4708 est
3741 4653 3882 4709 nobis
3909 4655 3962 4710 in

2386 4751 2545 4819 Filio,
2565 4766 2711 4822 quem
2728 4749 2893 4819 posuit
2913 4746 3144 4801 heredem
3159 4748 3403 4800 omnium.
3426 4743 3626 4801 Deinde
3640 4744 3962 4815 subjungens

2386 4845 2515 4901 dicit
2559 4844 2717 4898 etiam
2760 4837 3028 4909 opiﬁcium
3060 4854 3073 4889 :
3112 4835 3217 4890 Per
3256 4852 3405 4905 quem
3441 4836 3557 4907 fecit
3588 4836 3737 4889 etiam
3779 4837 3963 4901 scruta

2390 4936 2575 5011 (Hebr.
2596 4936 2648 4988 4.
2678 4935 2731 4988 l.
2757 4930 2794 4985 2
2814 4929 2855 5003 ).
2891 4931 2959 4985 Et
2984 4943 3105 4984 cum
3125 4927 3193 4984 de
3218 4927 3335 4997 ejus
3362 4927 3658 4983 substantia
3682 4922 3964 4983 disseruis-

2387 5036 2500 5094 set,
2540 5037 2595 5082 et
2630 5022 2853 5079 dixisset
2872 5063 2891 5087 ,
2917 5020 3015 5087 Qui
3038 5036 3152 5083 cum
3180 5019 3244 5074 sit
3270 5019 3511 5089 splendor
3535 5019 3741 5089 glorias,
3774 5028 3821 5073 et
3841 5019 3963 5074 elia-

2388 5130 2549 5177 racter
2575 5117 2869 5175 substantia
2881 5115 2994 5184 ejus
3019 5112 3180 5186 (Ibid.
3209 5129 3257 5166 υ.
3280 5114 3316 5170 '5
3338 5114 3379 5182 ),
3411 5111 3644 5167 ostendit
3666 5112 3826 5166 etiam
3850 5112 3963 5178 ejus

2391 5210 2702 5285 prmsciendi
2727 5207 3030 5263 facultatem
3053 5246 3071 5271 ,
3100 5205 3305 5271 dicens,
3338 5202 3401 5257 Et
3430 5204 3597 5274 ferens
3626 5202 3797 5256 omnia
3822 5203 3965 5257 uerbo

2392 5302 2649 5373 potestatis
2669 5315 2799 5354 suae.
2826 5296 2895 5353 Et
2921 5295 2986 5351 ad
3007 5295 3356 5352 Colossenses
3379 5294 3619 5350 scribens
3645 5294 3759 5349 haec
3783 5292 3963 5351 eadem

2392 5410 2579 5451 rursus
2602 5393 2737 5448 dixit
2768 5408 2782 5443 :
2814 5390 3064 5455 Quoniam
3100 5388 3155 5441 in
3188 5403 3246 5441 eo
3288 5394 3456 5441 creata
3491 5396 3610 5440 sunt
3652 5386 3824 5441 omnia
3856 5400 3967 5455 qua

2392 5496 2508 5542 sunt
2530 5488 2585 5539 in
2605 5486 2742 5538 cretis
2769 5490 2814 5537 et
2839 5496 2953 5551 qua
2975 5480 3030 5533 in
3055 5487 3218 5545 terra,
3247 5478 3351 5533 sive
3375 5479 3581 5543 throni,
3608 5478 3710 5532 sive
3733 5475 3966 5531 domino-

2395 5581 2574 5643 tiones,
2596 5578 2698 5633 sive
2718 5573 3049 5646 principatus,
3070 5572 3174 5627 sive
3189 5579 3475 5640 potestates,
3488 5570 3659 5624 omnia
3678 5569 3967 5638 peripenas,

2460 5693 2533 5751 (a)
2564 5696 2676 5753 Haec
2701 5687 3035 5753 interpretatio
3076 5687 3126 5734 in
3149 5682 3971 5753 quibusdam-exemplaribusng-

2401 5744 2572 5804 macbo
2591 5744 2841 5817 tribuitqu
2859 5748 2983 5797 Vide
3013 5744 3183 5799 notam'
3196 5745 3254 5795 ad
3278 5745 3406 5795 hunc
3428 5744 3594 5796 locum
3608 5744 3665 5795 in
3682 5744 3935 5810 Hexaplis.
