4222 6438
298 514 418 572 stin
443 511 751 581 ipsae-recta
779 508 922 567 sunt,
949 500 1057 571 ipse
1083 504 1159 553 est
1185 488 1303 549 ante
1338 489 1512 548 omnia

298 568 383 662 ἧς.
413 568 483 658 ιῆ
504 601 548 672 ).
594 596 720 652 Hoc
761 600 889 649 sunt
924 568 1040 660 ejus
1076 581 1295 649 creandi
1332 568 1880 672 potestatis..Deind_e

295 665 599 752 honustum
625 681 941 757 praesciendi
967 677 1293 750 significans,
1310 670 1605 742 subjungit.
1626 666 1691 724 Et
1706 665 1882 722 omnia

293 789 347 844 in
370 787 481 857 ipso
506 782 785 838 consistam
807 766 1274 848 (Ibid.).lltraque
1292 767 1409 822 inec
1430 776 1617 857 rursus
1642 760 1881 857 Joannes

294 854 506 950 quoque
544 870 837 929 ostendens
876 864 1085 921 dicebat
1117 903 1132 927 ,
1175 860 1362 915 Omnia
1401 855 1696 950 penipsum
1738 854 1880 950 facta

290 943 430 1033 ἐστι,
447 974 495 1019 σε
512 962 742 1033 sinsipsa
762 962 953 1033 factum
972 964 1046 1011 est
1069 952 1199 1009 nihil
1222 950 1398 1021 (Joan.
1423 947 1570 1019 ιδ).
1589 945 1704 1001 Hoc
1722 943 1876 1009 dixit,

291 1055 597 1127 signiﬁcans
608 1051 956 1108 creationem.
972 1044 1172 1102 Deinde
1183 1042 1570 1115 providentiam
1592 1036 1733 1094 :Vita
1746 1044 1875 1104 erat,

290 1159 339 1205 et
355 1149 457 1202 vita
474 1155 583 1200 erat
597 1145 689 1200 ista:
702 1143 963 1197 hominum
980 1136 1139 1210 (Ibid.
1156 1152 1203 1190 υ.
1220 1134 1297 1205 ι).
1315 1133 1425 1189 [ioc
1439 1132 1600 1188 etiam
1618 1127 1877 1200 propheta

291 1240 728 1312 ilic-significans,
756 1238 904 1302 dicit,
934 1233 1011 1290 Tu
1031 1230 1266 1307 formasti
1282 1245 1380 1284 me.
1408 1226 1525 1283 Hoc
1549 1235 1632 1282 est
1654 1221 1874 1295 Opiﬂcii.

291 1332 434 1388 Dixit
472 1332 634 1387 etiam
666 1328 717 1385 id
753 1326 897 1399 quod
929 1334 1013 1381 est
1048 1322 1399 1399 providentis
1431 1338 1445 1374 :
1472 1317 1706 1374 Posuisti
1727 1330 1879 1386 super

288 1439 369 1481 me
388 1438 596 1478 manum
619 1396 785 1476 tuam:
804 1416 942 1485 Quid
970 1424 1072 1482 est,
1105 1396 1333 1469 Posuisti
1352 1412 1379 1466 1
1401 1410 1583 1482 Regis,
1609 1406 1874 1472 contines,

288 1513 565 1584 componis
586 1554 603 1581 ,
635 1520 691 1567 et
716 1517 915 1581 portas.
947 1505 1100 1575 Quod
1132 1506 1307 1577 ipsum
1338 1515 1553 1573 quoque
1573 1498 1777 1555 Paulus
1803 1496 1878 1551 si-

287 1604 548 1677 gnificans
568 1616 595 1668 ,‘
617 1601 751 1657 dixit
778 1618 794 1656 :
823 1598 893 1653 In
914 1599 1028 1667 ipso
1065 1596 1310 1659 uiuimus,
1338 1601 1385 1648 et
1413 1605 1687 1655 mouemur,
1715 1598 1761 1643 et
1785 1602 1876 1642 su-

286 1713 399 1753 etus
425 1696 574 1769 (Act.
609 1695 695 1749 Π.
720 1689 852 1763 28).
883 1689 999 1746 Non
1028 1690 1202 1745 solum
1228 1686 1373 1742 enim
1399 1685 1455 1741 in
1481 1698 1549 1740 eo
1575 1680 1719 1755 quod
1747 1678 1876 1738 facti

285 1803 492 1855 sumus,
518 1786 611 1843 sed
634 1786 794 1842 etiam
820 1785 872 1840 in
900 1797 967 1839 eo
990 1780 1132 1852 quod
1157 1778 1462 1836 exsistunus
1481 1784 1537 1832 et
1559 1787 1839 1831 manemus
1856 1812 1873 1839 ,

285 1882 526 1954 potentia
560 1880 678 1950 ejus
717 1892 854 1948 opus
892 1875 1174 1931 habemus.
1219 1872 1276 1929 ϐ.
1321 1870 1579 1926 lirab'ilis
1624 1869 1766 1941 facta
1804 1874 1877 1923 est

288 1972 499 2028 scientia
528 1980 615 2024 tua
640 1985 705 2024 ea:
737 1984 817 2023 me
845 1982 864 2022 :
888 1966 1176 2037 confortata
1203 1973 1312 2031 est,
1362 1978 1411 2018 et
1445 1976 1549 2017 non
1591 1969 1771 2027 potero
1806 1957 1877 2013 ad

284 2079 415 2119 eam.
433 2062 604 2126 Alius,
629 2057 851 2129 Superat
864 2072 943 2111 me
953 2055 1051 2130 (α).
1065 2054 1171 2111 Pro
1185 2070 1254 2138 eo
1271 2062 1451 2109 autem
1464 2050 1605 2123 quod
1621 2057 1724 2117 est,
1740 2048 1877 2105 Con-

286 2155 473 2225 [artata
502 2158 592 2214 est,
619 2148 775 2213 alios,
803 2146 1094 2201 Admodum
1123 2144 1260 2200 elata
1284 2151 1377 2200 est.
1409 2142 1561 2210 Quod
1587 2148 1767 2196 autem
1791 2138 1877 2194 di-

282 2242 375 2305 cit,
393 2248 480 2297 est
498 2237 757 2311 ejusmodi
776 2253 791 2292 :
812 2237 878 2293 Et
891 2245 978 2292 tua
1003 2234 1154 2293 fruor
1178 2232 1529 2307 providentia,
1549 2240 1605 2288 et
1630 2229 1877 2303 quamvis

281 2334 448 2389 sciam
479 2344 531 2387 te
565 2331 741 2385 omnia
774 2332 1025 2400 prmscire
1051 2370 1067 2396 ,
1107 2339 1163 2385 et
1191 2342 1277 2383 me
1304 2341 1371 2383 ex
1400 2339 1510 2382 non
1536 2324 1874 2381 exstantibus

281 2424 472 2482 fecisse
505 2443 519 2480 :
552 2419 847 2494 perfectam
870 2430 1046 2479 tamen
1071 2430 1128 2478 et
1154 2418 1491 2477 manifestam
1518 2434 1626 2475 non
1654 2431 1876 2490 possum

282 2515 483 2573 habere
506 2517 582 2571 tui
608 2516 966 2588 cognitionem
988 2554 1005 2582 ,
1033 2513 1133 2570 sed
1169 2506 1592 2569 mirabilis‘facta
1619 2520 1699 2568 est
1721 2551 1738 2579 ,
1772 2510 1876 2565 hoc

281 2617 402 2675 est,
433 2610 744 2679 superavit,
770 2606 1001 2663 exaltata
1030 2612 1116 2661 est
1152 2618 1315 2675 super
1343 2618 1450 2670 me,
1479 2602 1705 2657 validior
1729 2600 1867 2657 facta

281 2712 365 2757 est
386 2714 578 2772 ,quam
609 2706 667 2755 ut
694 2713 813 2754 mea
845 2699 1011 2769 possit
1045 2696 1256 2752 ratione
1286 2694 1670 2766 comprehendi
1700 2693 1875 2749 :adeo

281 2806 367 2849 est
393 2792 650 2848 mirabilis
673 2833 690 2860 ,
718 2790 856 2847 adeo
881 2804 1093 2860 magna.
1122 2788 1262 2857 Quid
1289 2788 1450 2859 igitur
1473 2787 1519 2843 si
1541 2795 1627 2842 est
1653 2786 1873 2856 quidem

281 2883 544 2953 mirabilis
571 2892 625 2937 et
644 2897 836 2953 magna
861 2922 875 2948 ,
903 2888 1080 2950 potest
1104 2889 1284 2934 autem
1313 2876 1698 2948 comprehendi
1716 2876 1742 2929 Τ
1770 2874 1875 2932 Ne-

281 2990 569 3047 quaquam.
607 2972 897 3043 PrOpterea
925 2971 1068 3027 enim
1098 2969 1373 3040 subjunxit
1401 2987 1416 3024 :
1455 2967 1579 3022 Non
1610 2977 1784 3039 potero
1805 2967 1875 3021 ad

282 3082 414 3133 eant,
440 3082 508 3121 ne
532 3066 634 3121 hoc
658 3064 824 3121 dicas.
854 3063 1081 3131 Quando
1105 3070 1286 3118 autem
1312 3059 1472 3126 dicit,
1497 3057 1872 3131 Cognitionem

284 3174 390 3217 non
417 3157 609 3223 habeo,
639 3172 745 3212 non
768 3157 871 3211 hoc
894 3156 1057 3224 dicit,
1083 3154 1274 3225 Ignoro
1296 3152 1465 3209 Deum
1483 3193 1499 3219 ,
1524 3152 1618 3208 sed
1643 3193 1658 3217 ,
1689 3150 1875 3208 Perfec

282 3258 422 3306 ctam
462 3260 516 3304 et
549 3248 784 3317 undique
818 3246 1120 3302 absolutam
1154 3252 1211 3301 et
1246 3242 1735 3315 manifestam'ejus
1766 3257 1875 3299 non

284 3342 457 3399 habeo
472 3343 735 3397 notitiam.
751 3340 903 3409 Quod
921 3340 1136 3411 quidem
1156 3339 1284 3395 dicit
1301 3338 1465 3395 etiam
1490 3336 1717 3392 Paulus:
1739 3336 1875 3393 Nam

283 3451 405 3493 eum
428 3435 643 3507 quidem
664 3448 784 3491 esse
814 3434 1013 3489 scimus
1043 3449 1056 3485 :
1084 3430 1213 3502 quid
1238 3430 1311 3486 sit
1336 3439 1516 3486 autem
1542 3429 1870 3497 substantia,

284 3530 552 3586 nescimus
577 3546 590 3581 :
618 3526 833 3581 Credere
857 3525 987 3579 enim
1015 3530 1213 3594 oportet
1238 3522 1554 3577 accedentem
1581 3524 1650 3575 ad
1676 3520 1873 3589 Deum,

284 3623 403 3693 quia
430 3631 502 3675 est
531 3619 715 3688 (Hebr.
746 3619 834 3673 fl.
865 3616 941 3688 6).
970 3615 1087 3670 Non
1113 3614 1267 3682 dixit,
1296 3613 1423 3685 quid
1447 3613 1518 3668 sit
1541 3612 1872 3677 substantia;

286 3712 390 3769 hoc
430 3712 572 3767 enim
617 3710 747 3765 nulli
788 3721 867 3765 εει
897 3709 1187 3778 cognitum.
1222 3705 1375 3775 Quod
1414 3706 1486 3761 sit
1525 3704 1788 3776 benignus
1822 3710 1879 3760 et

285 3804 558 3870 clemens,
590 3804 836 3857 novimus
855 3843 869 3866 ,
898 3799 1042 3872 quod
1072 3801 1141 3855 sit
1168 3799 1433 3856 humanus
1451 3840 1467 3865 ,
1489 3799 1630 3869 quod
1658 3798 1830 3854 bonus
1859 3812 1874 3865 ;

286 3905 540 3970 quantum
564 3908 691 3950 vero
710 3894 780 3950 sit
800 3895 1122 3962 ignoramus.
1145 3891 1249 3948 Sed
1264 3890 1353 3948 hic
1370 3892 1453 3946 his
1471 3891 1717 3946 omnibus
1742 3903 1880 3959 pra-

288 3987 553 4045 termissis
575 4029 588 4049 ,
619 3986 871 4056 proponit
896 3983 1040 4040 aliud
1070 3983 1212 4054 quod
1237 3983 1452 4038 videtur
1479 3997 1600 4039 esse
1637 3981 1875 4049 facilius,

286 4088 341 4136 et
370 4078 473 4134 hoc
498 4092 712 4149 quoque
739 4092 798 4133 se
823 4075 955 4132 dicit
980 4079 1247 4147 ignorare.
1274 4073 1390 4131 Non
1421 4076 1595 4130 solum
1616 4115 1631 4141 ,
1665 4072 1876 4144 inquit,

290 4187 396 4229 non
426 4172 548 4227 dico
574 4171 829 4243 quidnam
853 4170 922 4224 sit
958 4168 1252 4224 substantia
1278 4208 1295 4234 ,
1325 4183 1500 4238 neque
1526 4178 1785 4238 quantum
1809 4167 1882 4223 sit

290 4264 493 4329 bonus;
521 4263 634 4317 hac
660 4264 803 4319 enim
830 4277 938 4317 non
963 4275 1121 4332 posse
1145 4258 1529 4332 comprehendi
1559 4268 1642 4315 est
1669 4259 1721 4315 in
1749 4273 1881 4315 con-

291 4354 463 4422 fesso;
503 4353 597 4411 sed
638 4354 799 4409 etiam
823 4352 1096 4424 quomodo
1136 4353 1207 4406 sit
1247 4352 1447 4421 ubique
1472 4392 1488 4417 ,
1517 4364 1623 4406 non
1662 4365 1882 4421 possum

289 4444 470 4502 dicere
497 4464 511 4499 :
543 4445 637 4502 sed
666 4444 767 4500 hoc
790 4458 1003 4515 quoque
1022 4454 1238 4514 supcrat
1265 4452 1504 4500 nostram
1527 4443 1881 4514 comprehen-

291 4537 522 4594 sionem.
561 4536 823 4606 Quocirca
860 4551 981 4591 cum
1026 4535 1250 4591 dixisset
1288 4553 1303 4589 :
1339 4534 1596 4590 Mirabilis
1635 4537 1773 4606 facta
1810 4544 1884 4591 est

289 4630 498 4685 scientia
523 4638 610 4683 tua
636 4645 698 4684 ea:
725 4644 824 4696 me,
860 4627 1170 4698 subjunxit:
1197 4629 1249 4682 7.
1273 4626 1387 4694 Quo
1410 4626 1491 4682 ibo
1511 4644 1544 4681 a
1569 4628 1750 4698 spiritu
1773 4636 1880 4698 tuo,

291 4731 339 4774 et
363 4736 461 4790 quo
478 4736 511 4773 a
532 4722 768 4791 facietun
794 4719 1033 4792 fugiam?
1061 4719 1114 4775 8.
1142 4718 1203 4775 Si
1228 4719 1500 4775 ascendere
1528 4720 1581 4773 in
1606 4718 1808 4786 calum,
1830 4729 1887 4774 tu

293 4813 398 4865 illic
426 4828 477 4865 es
494 4827 514 4866 :
533 4813 578 4866 si
602 4812 904 4867 descendero
928 4812 981 4865 in
997 4811 1274 4883 infernum,
1298 4812 1440 4866 ades.
1468 4811 1523 4866 9.
1549 4810 1886 4882 Sisumpsero

294 4917 485 4973 pennas
511 4918 648 4956 meas
668 4902 897 4956 diluculo
919 4944 935 4968 ,
969 4911 1016 4957 et
1044 4901 1335 4955 babitavero
1359 4902 1414 4954 in
1441 4902 1675 4956 extremis
1702 4901 1882 4955 maris.

294 4996 442 5050 Alius
466 5037 481 5060 ,
526 4994 782 5049 Mansero.
826 4995 913 5050 10.
958 4994 1160 5049 Etenim
1192 4995 1317 5049 illuc
1340 4993 1535 5069 (Alius,
1565 4994 1748 5049 Adhuc
1771 4994 1884 5067 ibi)

294 5100 475 5139 manus
502 5094 587 5138 tua
614 5084 828 5141 deducet
856 5101 936 5139 me
956 5126 973 5152 ,
1002 5095 1049 5139 et
1076 5086 1257 5140 tenebit
1284 5103 1364 5139 me
1387 5085 1596 5141 dextera
1623 5095 1728 5142 tua.
1760 5086 1884 5158 Spi-

296 5175 457 5232 ritum
480 5186 535 5231 et
562 5177 747 5230 faciem
774 5176 906 5232 dicit
933 5177 1098 5233 Deum
1136 5177 1333 5248 ipsum.
1359 5176 1473 5234 Hoc
1498 5190 1602 5247 est,
1629 5179 1746 5247 Quo
1773 5188 1887 5235 ate

298 5270 645 5339 proficiscar?
674 5268 861 5326 Omnia
902 5270 1126 5340 imples,
1158 5272 1407 5326 omnibus
1439 5271 1568 5326 ades
1592 5312 1609 5336 ,
1649 5286 1755 5327 non
1792 5287 1889 5342 per

297 5370 477 5431 partes
499 5401 515 5425 ,
539 5360 640 5416 scd
665 5361 916 5416 omnibus
941 5361 1101 5417 simul
1130 5370 1292 5416 totus.
1326 5362 1395 5416 Et
1431 5371 1713 5433 postquam
1753 5362 1889 5418 dixit

296 5465 417 5520 quas
441 5460 567 5506 sunt
590 5465 840 5521 superne,
869 5460 923 5507 et
946 5466 1064 5522 quae
1092 5450 1319 5518 inferne,
1353 5452 1737 5525 longitudinem
1764 5494 1779 5519 ,
1810 5454 1889 5507 la-

296 5542 575 5599 titudinem
594 5586 612 5611 ,
642 5544 1052 5615 profunditatem
1077 5588 1093 5612 ,
1121 5561 1246 5602 eum
1271 5547 1466 5618 ubique
1505 5547 1698 5605 adesse
1725 5549 1890 5617 signi—

296 5632 439 5691 ficat.
469 5634 583 5690 Non
610 5637 741 5692 dixit
769 5646 948 5692 autem
976 5654 991 5692 :
1018 5637 1369 5710 Quocumque
1396 5640 1579 5697 abiero
1598 5682 1614 5709 ,
1646 5642 1890 5713 sequeris

359 5811 432 5878 (α)
450 5820 574 5867 .uaec
589 5814 931 5880 interpretatio
954 5823 1029 5867 est
1052 5818 1333 5882 Symmachi.

1231 364 1595 436 EIPW
1627 365 1701 428 IN
1732 359 2063 425 νεεικυι
2092 357 2428 423 CXXXVIII.

3400 354 3406 359 ’
3474 365 3582 426 ιιι

1984 492 2096 547 me,
2127 486 2184 536 et
2206 493 2296 536 me
2317 476 2579 537 retinebis
2605 493 2622 533 :
2652 476 2777 546 sed,
2801 476 3151 548 Quocumque
3177 475 3361 533 abiero
3377 516 3395 542 ,
3426 484 3496 533 ιιι·
3514 478 3578 532 il-

1984 571 2063 629 llc
2079 585 2142 628 es
2165 588 2181 627 :
2210 560 2315 628 hoc
2335 579 2438 636 est,
2462 569 2576 626 Illic
2601 570 2896 627 teinvenio
2918 584 3007 624 me
3034 569 3453 639 prmvenientem
3478 608 3497 634 ,
3525 578 3586 626 et

1982 661 2106 719 ideo
2141 660 2273 718 dicit
2299 700 2316 727 ,
2362 658 2617 716 Hirabilis
2653 663 2793 732 facta
2831 667 2909 713 est
2944 659 3155 713 scientia
3182 666 3272 713 tua
3294 674 3359 715 ea:
3392 675 3495 715 nte.
3522 657 3581 716 Si

1983 768 2104 810 eam
2140 765 2251 813 non
2290 748 2529 821 perfecte
2554 748 2732 816 nosti,
2755 749 2939 816 dices,
2980 747 3253 818 quomodo
3291 749 3433 804 nosti
3462 762 3583 806 eam

1982 858 2105 902 esse
2128 834 2427 900 mirabilem
2447 844 2472 898 τ
2496 841 2654 912 Quod
2674 856 2848 897 meam
2878 849 3096 911 superet
3121 842 3413 908 rationem,
3438 841 3582 912 quod

1983 944 2220 993 mentem
2245 949 2421 992 meam
2447 932 2693 991 excedat.
2712 928 2857 989 Nam
2875 931 3086 988 radium
3110 946 3324 1003 quoque
3349 932 3584 987 solarem

1982 1040 2090 1082 non
2117 1039 2407 1097 possumus
2432 1032 2618 1096 aperte
2641 1026 2985 1096 'cognoscere
3016 1039 3031 1077 :
3061 1031 3118 1079 et
3146 1032 3326 1077 tamen
3361 1034 3586 1094 propter

1983 1114 2088 1172 hoc
2106 1116 2280 1187 ipsum
2305 1130 2430 1173 eum
2454 1115 2689 1171 maxime
2710 1106 3080 1170 admiramur:
3108 1112 3180 1167 ita
3210 1113 3376 1167 etiam
3398 1112 3467 1177 de
3491 1113 3585 1168 Dei

1982 1209 2336 1279 cognitione:
2391 1220 2568 1279 neque
2613 1222 2739 1262 eam
2789 1205 3010 1261 omnino
3054 1206 3409 1276 ignoramus;
3456 1217 3588 1260 eum

1980 1299 2125 1355 enim
2151 1313 2277 1356 esse
2294 1299 2518 1367 scimus,
2545 1306 2602 1355 et
2628 1311 2752 1355 esse
2769 1297 3082 1368 benignum,
3110 1297 3451 1361 clementem,
3484 1295 3584 1349 bu-

1981 1404 2111 1445 num
2129 1430 2146 1457 ,
2173 1388 2581 1445 misericordem
2607 1430 2624 1456 ,
2649 1396 2709 1444 et
2730 1402 2856 1444 esse
2883 1388 3083 1459 ubique
3112 1401 3127 1441 :
3153 1385 3282 1459 quid
3306 1387 3378 1442 sit
3402 1396 3586 1442 autem

1979 1481 2276 1539 substantia
2302 1521 2319 1548 ,
2346 1479 2433 1536 vel
2461 1488 2661 1552 quanta
2686 1478 2797 1535 sin:
2825 1494 2947 1550 quae
2970 1477 3114 1534 dicta
3142 1486 3301 1544 sunt,
3333 1477 3415 1533 vel
3445 1490 3581 1547 quo-

1978 1572 2143 1629 modo
2170 1571 2244 1663 sit
2266 1570 2465 1643 ubique
2487 1610 2507 1641 ,
2550 1569 2667 1663 hoc,
2695 1570 3031 1663 ignoramus.
3071 1568 3363 1663 ilostquam
3405 1568 3583 1640 itaque

1978 1664 2121 1724 dixit
2144 1658 2467 1734 quibusnam
2497 1677 2563 1719 ex
2592 1662 2757 1719 rebus
2781 1659 3046 1718 mirabilis
3070 1658 3212 1717 facta
3234 1666 3321 1717 est
3351 1660 3583 1716 scientia

1978 1765 2088 1825 tua,
2118 1764 2176 1814 et
2198 1755 2514 1829 praedicavit
2531 1755 2652 1827 ejus
2672 1753 3019 1827 praesciendi,
3044 1752 3288 1819 creandi,
3317 1759 3374 1808 et
3399 1752 3587 1825 provi-

1976 1850 2139 1909 dendi
2166 1850 2478 1908 facultatem
2494 1892 2512 1918 ,
2543 1848 3030 1920 substantiamque,
3059 1860 3183 1918 quas
3208 1860 3312 1903 nec
3334 1856 3589 1916 compre-

1978 1940 2178 2010 bendi,
2218 1957 2320 2000 nec
2346 1941 2602 2015 explicari
2639 1948 2861 2014 potest:
2888 1940 3274 1997 alism’rursus
3296 1935 3464 1995 refert
3489 1951 3589 2008 po-

1978 2043 2228 2092 testatem
2248 2074 2265 2100 ,
2292 2048 2414 2106 qua:
2456 2035 2572 2106 ipsa
2595 2046 2811 2105 quoque
2846 2034 3041 2105 magna
3064 2023 3403 2088 dubitatione
3426 2028 3586 2100 plena

1976 2135 2083 2195 est,
2110 2127 2156 2182 si
2185 2126 2399 2183 ratione
2423 2135 2716 2198 quaeratur.
2743 2122 2880 2181 Nam
2911 2123 3029 2195 ipss
3057 2121 3446 2193 comprehendi
3474 2134 3585 2176 non

1977 2228 2173 2290 potest.
2208 2219 2468 2290 Quaenam
2495 2233 2627 2292 ergo
2648 2230 2713 2276 es
2736 2217 2863 2287 est?
2888 2215 3095 2273 Etenim
3129 2215 3256 2271 illuc
3288 2232 3471 2272 manus
3499 2225 3590 2269 tua

1977 2311 2190 2367 deducet
2214 2328 2296 2368 me
2317 2354 2333 2379 ,
2362 2320 2411 2367 et
2444 2310 2632 2367 tenebit
2657 2310 2973 2367 medentem
2991 2317 3103 2364 tua.
3128 2307 3245 2364 Hoc
3270 2316 3355 2364 est
3378 2349 3395 2375 ,
3425 2307 3588 2364 Potes

1976 2403 2194 2461 efficere
2217 2412 2275 2460 ut
2302 2403 2551 2461 homines
2574 2402 2671 2475 qui
2692 2402 2750 2459 in
2774 2416 2971 2474 magna
2998 2409 3056 2458 et
3078 2401 3263 2473 gravia
3291 2400 3431 2456 mala
3457 2400 3590 2456 ioci-

1975 2494 2157 2551 derint
2178 2534 2196 2561 ,
2237 2494 2490 2567 gravibus
2534 2493 2644 2551 illis
2682 2492 2847 2549 malis
2877 2491 3108 2549 minime
3144 2490 3508 2564 illaqueentur
3532 2498 3590 2547 et

1977 2586 2348 2658 implicentur.

2046 2677 2105 2734 3.
2128 2676 2437 2749 Hocitaque
2459 2676 2845 2749 interpretans,
2871 2672 3151 2745 subjunxit
3181 2690 3197 2729 :
3229 2673 3320 2729 ιι.
3347 2670 3420 2728 Et
3445 2671 3582 2739 dixi,

1979 2767 2226 2829 Forsitan
2248 2768 2469 2824 teneer
2482 2767 2858 2824 conculcabunt
2879 2782 2981 2834 me,
3006 2774 3053 2819 et
3073 2780 3179 2820 nos:
3203 2762 3515 2819 illuminatio
3534 2763 3591 2819 in

1977 2862 2172 2918 deliciis
2192 2863 2336 2933 meis.
2362 2862 2452 2919 12.
2487 2861 2623 2929 Quia
2645 2862 2868 2917 tenebrte
2892 2875 2995 2915 non
3022 2856 3434 2914 obscurabuntur
3460 2866 3588 2923 ate,

1976 2963 2025 3008 et
2052 2968 2158 3008 nos:
2192 2953 2325 3008 sicut
2354 2953 2463 3008 dies
2498 2952 2894 3007 illuminabitur.
2924 2948 3076 3006 Sicut
3104 2949 3325 3004 tenebrat
3341 2949 3454 3019 ejus
3473 2991 3488 3013 ,
3508 2949 3586 3003 ita

1977 3056 2026 3102 et
2045 3048 2213 3103 lmnen
2233 3048 2365 3117 ejus.
2395 3046 2687 3118 Pdstquam
2713 3044 2848 3102 dixit
2885 3043 3137 3116 superius
3180 3057 3276 3111 ea,
3308 3058 3429 3112 qua:
3458 3058 3593 3098 enu-

1976 3140 2204 3205 meravi,
2220 3146 2277 3196 et
2293 3154 2393 3194 una
2410 3153 2534 3194 cum
2556 3138 2684 3205 illis,
2699 3152 2824 3195 eum
2837 3144 2945 3195 non
2962 3134 3137 3191 solum
3156 3133 3350 3190 adesse
3368 3133 3585 3203 ubique,

1976 3231 2073 3287 sed
2099 3231 2261 3287 etiam
2287 3228 2555 3287 deducere
2572 3269 2590 3295 ,
2624 3227 2918 3285 defendere
2957 3237 3015 3285 et
3042 3225 3256 3283 munire
3280 3242 3295 3289 ;
3319 3224 3593 3296 subiungit

1977 3322 2233 3393 deinceps
2252 3362 2267 3387 ,
2290 3320 2345 3376 in
2374 3336 2441 3376 eo
2469 3333 2687 3392 quoque
2711 3318 3006 3377 ostendens
3045 3315 3180 3389 quid
3225 3314 3543 3370 admirabile
3564 3354 3586 3382 ,

1980 3429 2086 3469 non
2122 3414 2297 3469 solum
2336 3412 2483 3485 quod
2512 3411 2720 3467 muniat
2737 3418 2793 3467 et
2822 3418 3102 3481 protegat,
3129 3407 3226 3465 sed
3252 3409 3415 3464 etiam
3444 3404 3590 3477 quod

1979 3519 2141 3577 supra
2159 3520 2339 3561 rerum
2366 3513 2632 3560 naturam.
2653 3502 2790 3559 Cum
2820 3500 2966 3559 enim
2990 3500 3217 3557 dixisset
3239 3541 3256 3568 ,
3279 3496 3490 3554 Tenebit
3509 3513 3594 3554 me

1979 3599 2186 3667 dextera
2205 3608 2325 3663 tua,
2348 3606 2439 3665 et,
2469 3596 2695 3652 Deducet
2736 3611 2847 3661 me,
2885 3594 3163 3665 subjunxit
3191 3590 3308 3667 (a):
3346 3590 3410 3645 Et
3438 3590 3549 3646 disi
3569 3630 3588 3656 .

1978 3663 2226 3747 [Forsitan
2261 3663 2481 3745 tenebrat
2517 3687 2890 3744 conculcabunt
2930 3663 3032 3741 me.
3064 3663 3259 3752 Alius,
3293 3683 3356 3740 Si
3376 3682 3590 3752 dixero,

1980 3781 2229 3838 Forsitan
2259 3782 2475 3837 tenebrat
2502 3788 2669 3852 tegent
2687 3795 2786 3834 me.
2809 3778 2981 3845 Alius,
3012 3776 3258 3848 Operient
3283 3793 3383 3831 me.

2056 3875 2296 3932 Tenebrae
2319 3874 2551 3946 aﬂlictio;
2579 3887 2682 3927 nos:
2705 3871 3057 3935 calamitates;
3088 3869 3448 3924 elementorum
3469 3881 3594 3937 ope~

1982 3970 2118 4024 ratio
2165 3967 2221 4022 in
2248 3966 2566 4022 contrarium
2611 3980 2643 4018 a
2672 3961 2784 4018 Deo
2803 4003 2820 4029 ,
2863 3976 2979 4016 cum
3006 3959 3150 4026 uult,
3180 3959 3487 4014 traducitur.
3518 3986 3593 4001 -—

1983 4061 2245 4119 Tenebrae
2276 4060 2362 4116 hic
2390 4057 2693 4131 significant
2720 4054 3092 4112 a'filictionem.
3115 4052 3269 4123 Quod
3297 4061 3478 4106 autem
3507 4049 3593 4107 di-

1982 4156 2077 4221 cit,
2106 4162 2191 4211 est
2209 4151 2475 4225 ejusmodi
2510 4166 2525 4206 :
2554 4146 2953 4206 Circumsessus
2980 4160 3100 4202 sum
3130 4160 3162 4200 a
3194 4144 3370 4217 malis,
3391 4152 3449 4200 et
3471 4141 3587 4199 dixi

1983 4246 2117 4304 mihi
2143 4246 2276 4318 ipsi,
2303 4244 2650 4316 Superabunt
2675 4257 2764 4298 me
2802 4239 2967 4297 mala.
3013 4238 3128 4295 [loc
3152 4238 3297 4293 enim
3347 4236 3450 4293 sibi
3477 4235 3595 4292 vult

1984 4339 2137 4406 illud,
2172 4337 2515 4394 Tenebrteme
2535 4333 2923 4391 conculcabunt.
2957 4332 3127 4398 Alius,
3163 4328 3405 4385 Tenebrae
3426 4336 3591 4402 tegent

1985 4448 2084 4487 me.
2120 4429 2186 4485 Et
2210 4446 2314 4486 nos:
2334 4429 2645 4485 illuminatio
2663 4427 2718 4481 in
2747 4425 2943 4481 deliciis
2966 4424 3112 4479 meis.
3142 4422 3326 4489 Alius,
3357 4419 3483 4478 No.1:
3507 4421 3596 4476 ta-

1987 4525 2105 4581 cida
2142 4525 2281 4579 circa
2320 4537 2421 4577 me.
2450 4520 2591 4589 Quid
2621 4520 2724 4575 hoc
2744 4518 2865 4574 est?
2891 4517 3005 4588 Ego
3049 4516 3165 4571 haec
3192 4514 3411 4585 quidem
3437 4512 3595 4584 dixi,

1988 4617 2191 4689 inquit,
2235 4630 2305 4671 ex
2352 4628 2530 4670 rerum
2584 4621 2774 4668 natura
2818 4619 3117 4681 reputans:
3145 4617 3369 4678 repente
3414 4617 3596 4663 autvm

1990 4709 2132 4765 mala
2175 4714 2377 4763 mutata
2403 4714 2529 4763 sunt
2558 4704 2611 4760 in
2640 4703 2779 4759 bona
2810 4719 2826 4759 :
2858 4702 2970 4757 imo
3000 4714 3130 4756 vero
3167 4699 3311 4754 mala
3338 4713 3444 4753 non
3472 4714 3596 4752 mn-

1993 4810 2102 4857 tata
2153 4810 2278 4857 sunt
2328 4800 2382 4854 in
2430 4799 2570 4854 bona
2596 4839 2612 4865 ,
2640 4796 2736 4852 sed
2779 4795 2936 4852 malis
2976 4792 3317 4849 manentibus
3345 4806 3598 4862 magnam

1991 4896 2135 4951 sensi
2157 4894 2563 4965 benignitatem.
2587 4890 2704 4946 Non
2734 4888 2869 4944 dixit
2892 4888 3060 4953 enim,
3099 4885 3216 4941 Nox
3245 4884 3424 4942 deleta
3466 4895 3550 4939 est
3580 4925 3597 4950 ,

1991 4988 2110 5055 sed,
2143 4986 2267 5042 No.1:
2281 4987 2379 5056 fuit
2404 4985 2597 5048 lucida;
2628 4983 2733 5038 hoc
2760 4990 2864 5049 est,
2897 4981 3014 5036 Nox
3040 4993 3268 5034 manens
3294 4993 3422 5045 nox,
3457 4976 3597 5032 mala

1992 5081 2222 5146 scilicet,
2242 5088 2298 5136 et
2322 5078 2655 5134 calamitates
2681 5077 2769 5147 (ea
2795 5076 2939 5131 enim
2972 5076 3149 5130 noctis
3172 5074 3391 5129 nomine
3424 5071 3585 5143 signi-

1995 5174 2142 5247 ficat)
2180 5192 2286 5231 non
2321 5179 2610 5243 potuerunt
2658 5186 2747 5226 me
2774 5168 3098 5225 conculcare
3119 5210 3133 5232 ,
3165 5167 3262 5223 sed
3303 5165 3403 5221 fuit
3421 5166 3511 5219 lux
3541 5164 3598 5220 in

1995 5282 2173 5337 nocte,
2208 5270 2313 5326 hoc
2353 5277 2455 5332 est,
2486 5268 2591 5323 mei
2616 5260 2819 5322 exstitit
2845 5263 3107 5320 defensio.
3136 5259 3423 5317 Contraria
3449 5259 3599 5314 enim

1996 5364 2049 5420 in
2079 5362 2363 5421 contrariis
2383 5370 2438 5416 et
2467 5360 2601 5416 ﬁunt
2624 5368 2680 5415 et
2722 5364 3013 5433 apparent,
3045 5353 3264 5427 quando
3291 5353 3404 5408 vult
3432 5353 3594 5407 Deus.

2000 5458 2193 5514 Annon
2225 5456 2404 5511 vidisti
2430 5462 2488 5511 et
2515 5454 2787 5510 fornacem
2826 5452 3140 5514 ardentem,
3171 5458 3228 5505 et
3252 5463 3431 5504 rorem
3466 5446 3600 5501 sibi-

2058 5570 2133 5635 (a)
2164 5576 2278 5619 Haec
2298 5571 2477 5626 omnia,
2502 5576 2623 5618 cum
2650 5564 2779 5618 enim
2800 5563 3086 5637 dixisset...
3112 5561 3381 5626 subjtnm't,
3395 5560 3611 5609 deerant

1995 5634 2045 5701 in
2068 5631 2234 5701 Morel.
2268 5638 2321 5680 et
2342 5629 2509 5701 savii...
2535 5629 2623 5701 sed
2661 5634 2779 5678 sunt
2818 5630 2869 5701 in
2902 5627 3009 5677 alus
3034 5624 3600 5701 exemplaribumJPrmt

1996 5695 2147 5745 lcctio
2188 5705 2437 5756 sequeps,
2465 5685 2510 5743 si
2553 5690 2734 5756 dixero
2754 5724 2770 5747 ,
2818 5697 2937 5747 etc...
2975 5696 3054 5756 est
3090 5685 3230 5750 juxta
3253 5685 3605 5756 Symmadmm,

1996 5760 2134 5870 sicut,
2149 5746 2772 5867 etiamail'llt‘t‘interpretatio
2794 5764 2907 5816 qua:
2927 5746 3076 5816 paulo
3091 5746 3208 5815 post
3230 5746 3475 5812 sequitur,
3500 5755 3607 5799 nos

2025 5832 2097 5868 uc:
2137 5834 2166 5868 a
2187 5831 2282 5867 ure
2435 5851 2444 5863 .
