4222 6446
665 380 773 438 με

662 492 884 558 lentem,
902 500 954 545 et
982 500 1151 557 neque
1179 484 1319 538 illam
1344 477 1626 548 exstingui,
1652 487 1752 530 nec
1778 471 1919 527 hunc
1945 463 2228 558 exsiccari,

666 594 723 639 et
741 554 1052 651 grandinem
1067 554 1232 629 simul
1257 580 1310 626 et
1334 566 1627 625 ﬂammam?
1656 562 1932 651 Undenam
1953 572 2083 628 ergo
2104 596 2121 621 ,
2145 554 2233 611 die

669 648 834 734 milii,
860 667 963 722 hoc
990 663 1189 719 factum
1215 660 1337 715 est?
1357 654 1632 725 Quomodo
1672 659 1848 707 autem
1876 648 2072 715 factum
2117 651 2231 708 est,

672 760 798 815 volo
816 760 973 814 scire.
1001 755 1112 810 imo
1149 766 1275 807 vero
1304 763 1404 805 nec
1418 748 1539 802 volo
1564 744 1776 815 quidem
1802 741 1941 796 scire
1979 735 2230 792 modum:

670 864 844 921 neque
866 848 1009 904 enim
1048 852 1223 915 potest
1251 842 1399 897 ﬁeri:
1430 838 1523 895 sed
1553 836 1748 891 factum
1774 832 1953 896 credo;
1986 844 2109 885 eum
2134 842 2233 882 au—

670 950 777 996 tem
796 940 884 1010 qui
909 938 1033 994 fecit
1056 936 1221 994 adoro
1245 951 1261 988 :
1294 932 1526 990 Plurima
1553 930 1686 984 citius
1710 928 1821 995 eius
1858 929 1993 998 facta
2013 930 2126 978 sunt
2144 936 2236 975 oc-

669 1030 807 1084 culta
832 1038 879 1082 et
900 1043 1086 1081 arcano
1119 1023 1301 1095 (Eccli.
1334 1020 1422 1077 i6.
1448 1018 1709 1087 22).'Non
1740 1014 1913 1071 vidisti
1952 1010 2092 1083 quod
2112 1024 2235 1066 cum

670 1120 789 1175 dies
810 1128 976 1185 esset,
1004 1114 1219 1186 perinde
1241 1122 1401 1183 atque
1422 1113 1479 1168 in
1507 1110 1744 1167 tenebris
1767 1104 2049 1177 palpabant
2067 1103 2237 1173 Egyo

676 1211 811 1280 ptii:
848 1218 900 1263 et
929 1218 1050 1263 cum
1093 1206 1270 1260 omnia
1318 1209 1641 1271 occuparent
1687 1196 1920 1254 tenebrat
1941 1235 1956 1260 ,
1988 1193 2240 1249 videbant

674 1297 926 1354 Israelita:
951 1315 964 1350 :
993 1305 1186 1351 etcum
1214 1300 1398 1350 essent
1422 1304 1607 1347 rursus
1629 1289 1681 1345 in
1712 1286 1967 1358 principio
1991 1284 2239 1342 tenebra-

674 1387 957 1456 ram,-lux
982 1386 1062 1442 eis
1101 1384 1277 1441 illuxit
1322 1384 1375 1438 in
1404 1380 1620 1437 medio?
1654 1377 1866 1434 Nature
1887 1377 2029 1433 enim
2058 1388 2238 1431 rerum

674 1492 888 1546 semper
903 1485 987 1532 est
1006 1474 1259 1529 Dominus
1274 1512 1291 1539 ,
1319 1472 1409 1542 qui
1438 1470 1564 1527 fecit
1590 1479 1827 1524 naturam
1849 1508 1868 1534 ,
1897 1480 2005 1522 non
2032 1475 2092 1521 ut
2114 1478 2241 1533 pro-

674 1564 832 1622 ducat
853 1578 975 1634 quae
1001 1578 1107 1619 non
1130 1570 1274 1628 sunt,
1303 1560 1397 1617 sed
1424 1568 1483 1615 ut
1507 1558 1772 1615 maeotia
1795 1556 1849 1612 iu
1874 1563 2064 1611 natura
2087 1552 2242 1609 aliter

675 1668 934 1726 apparere
970 1650 1190 1709 efﬁciat.
1222 1649 1355 1718 Quia
1381 1646 1596 1703 tenebra
1620 1662 1721 1703 non
1764 1644 2163 1701 obscurabuntur
2206 1658 2241 1696 α

679 1752 749 1801 te.
775 1741 947 1808 Alius,
969 1741 1118 1812 Apud
1144 1750 1211 1795 ts.
1250 1738 1320 1793 Et
1343 1754 1445 1793 nos:
1468 1737 1595 1792 sicut
1616 1736 1724 1791 dies
1747 1734 2115 1790 illuntirtabitur
2136 1730 2238 1804 (α).

677 1834 849 1900 Alius,
886 1831 992 1888 Sed
1014 1840 1063 1887 et
1091 1846 1194 1886 ιω
1216 1839 1271 1885 ut
1296 1831 1401 1885 dies
1417 1826 1693 1900 apparebit.
1711 1826 1857 1882 Sicut
1872 1825 2084 1880 tateer
2109 1825 2240 1893 ejus,

674 1924 748 1981 its
770 1932 820 1978 et
838 1920 930 1977 ista:
955 1922 1085 1989 eius.
1122 1920 1304 1986 Alius,
1333 1917 1537 1975 Similes
1556 1926 1671 1972 sunt
1694 1916 1905 1971 tenebris
1926 1924 1973 1969 et
1996 1913 2086 1968 ista:
2111 1914 2242 1984 ejus.

675 2010 843 2068 Recte
890 2010 1043 2076 dixit,
1070 2010 1113 2063 Α
1142 2018 1223 2075 te,
1250 2008 1352 2063 hoc
1380 2017 1501 2073 est,
1526 2005 1679 2076 Apud
1709 2013 1798 2071 te;
1838 2002 2160 2075 signiﬁcans,
2195 2001 2240 2056 si

676 2100 929 2170 volueris,
952 2100 1185 2155 tenebras
1222 2113 1330 2154 non
1357 2109 1513 2154 erunt
1542 2096 1773 2152 tenebrae
1800 2134 1817 2162 ,
1841 2095 1936 2149 sed
1964 2108 2083 2164 qua:
2110 2090 2243 2147 lucis

678 2200 821 2257 sunt,
852 2191 1151 2246 ostendent.
1178 2190 1244 2247 Et
1278 2190 1397 2245 ideo
1432 2189 1737 2259 subiunxit,
1760 2186 1883 2241 Nos
1900 2190 2028 2241 sicut
2050 2185 2157 2239 dies
2179 2184 2244 2238 il-

678 2282 1022 2345 lussiaabitur,
1051 2280 1279 2337 reddens
1303 2278 1446 2350 quod
1480 2278 1736 2350 praecedit
1761 2278 1994 2348 apertius
2012 2317 2029 2344 ,
2060 2283 2116 2330 et
2141 2273 2244 2329 hoc

676 2371 873 2428 indicat
903 2388 917 2425 :
942 2370 1073 2439 Qum
1094 2379 1221 2438 sunt
1249 2369 1354 2426 diei
1370 2410 1387 2436 ,
1414 2385 1519 2426 uox
1544 2369 1790 2425 ostendet
1808 2410 1826 2435 ,
1856 2383 1962 2423 non
1982 2380 2139 2422 secus
2166 2373 2247 2420 at-

676 2478 781 2534 que
803 2478 867 2519 ea
893 2478 1011 2534 quae
1036 2471 1161 2518 sunt
1182 2462 1301 2531 eius
1329 2462 1561 2537 propria.
1587 2460 1807 2530 Quando
1833 2462 1975 2517 enim
2006 2460 2243 2514 Deusvo-

544 2579 557 2589 ε
678 2553 870 2617 luerit,
911 2554 1148 2622 operatio
1182 2552 1562 2608 elementorum
1590 2553 1812 2607 vertitur
1846 2551 1899 2605 in
1938 2549 2202 2605 contraria
2222 2589 2239 2614 ,

677 2657 830 2716 atque
857 2641 1012 2698 facile
1030 2650 1189 2717 atque
1224 2642 1281 2698 in
1305 2642 1517 2712 prepria
1542 2644 1642 2698 sibi
1682 2642 1833 2697 initio
1858 2642 2073 2697 tributa.
2099 2640 2157 2696 Si
2187 2648 2243 2693 tu

675 2733 819 2790 enim
844 2733 1102 2799 volueris,
1130 2734 1203 2789 ita
1228 2734 1331 2789 erit
1354 2748 1480 2799 nox,
1510 2742 1566 2789 et
1589 2735 1659 2789 ita
1702 2734 1919 2789 habebit
1938 2734 2112 2788 lucem
2141 2732 2244 2788 sibi

676 2823 978 2878 attributam
1002 2864 1020 2887 ,
1043 2832 1103 2878 ut
1124 2823 1390 2879 tenebras.
1418 2824 1676 2891 Quocirca
1702 2824 1805 2879 hoc
1836 2838 2048 2894 quoque
2073 2822 2242 2893 signi-

680 2912 845 2967 licans
871 2953 887 2977 ,
920 2912 1190 2982 subiunxit
1221 2930 1235 2967 :
1263 2912 1405 2969 Sicut
1446 2914 1659 2969 tenebrat
1702 2915 1809 2984 ejus
1830 2953 1847 2981 ,
1876 2914 1948 2967 ita
1987 2922 2034 2968 et
2078 2914 2246 2967 lumen

678 3003 809 3073 ejus.
842 3000 964 3055 Haec
999 3000 1067 3056 de
1096 3002 1373 3057 elementis
1397 3002 1611 3071 quidem
1652 3003 1865 3073 proprie
1902 3002 2039 3058 dicta
2080 3009 2205 3057 sunt
2226 3041 2243 3068 ,

682 3091 1046 3161 metaphorice
1073 3103 1249 3146 autem
1275 3093 1432 3147 etiam
1455 3091 1524 3147 de
1547 3092 1724 3147 rebus.
1758 3093 1837 3148 Ex
1858 3093 2049 3164 quibus
2072 3100 2247 3147 osten-

679 3181 824 3237 ditur
848 3195 1002 3252 posse
1034 3180 1203 3236 Deum
1229 3189 1427 3237 tantam
1454 3180 1644 3237 afferre
1680 3182 1917 3252 requiem
1942 3196 2005 3237 ac
2028 3195 2243 3237 mrca-

681 3274 883 3328 tionem
907 3274 971 3327 iis
994 3274 1082 3343 qui
1112 3272 1164 3327 in
1207 3271 1521 3328 afﬂictiones
1560 3273 1827 3339 incidunt,
1869 3282 2122 3343 quantam
2148 3273 2246 3328 ba-

686 3364 811 3417 bent
838 3363 873 3416 ii
902 3364 988 3432 qui
1011 3371 1227 3417 utuntur
1245 3362 1405 3417 rebus
1433 3361 1700 3429 secundis,
1729 3372 1912 3433 utpote
1940 3363 2030 3432 qui
2061 3377 2245 3418 curam

684 3463 833 3523 gerat
860 3451 1181 3507 amictionis.
1216 3452 1325 3507 Hoc
1346 3462 1426 3508 est
1454 3454 1598 3508 enim
1621 3453 1963 3517 incredibile,
1995 3462 2048 3510 et
2077 3454 2248 3524 majus

685 3540 949 3610 opinione,
980 3541 1119 3611 quod
1160 3541 1323 3597 etiam
1352 3541 1402 3595 in
1424 3540 1620 3611 Joseph
1654 3542 1865 3599 accidit.
1888 3542 2069 3613 Neque
2105 3544 2250 3599 enim

685 3641 794 3689 tam
838 3633 961 3689 felix
1001 3632 1187 3689 fuisset
1224 3633 1341 3705 ejus
1388 3648 1703 3701 successus,
1735 3650 1834 3691 nec
1861 3643 2064 3690 tantum
2107 3643 2251 3691 esset

687 3724 944 3782 honorem
986 3735 1341 3795 consequutus
1394 3727 1447 3781 in
1496 3736 1714 3797 paterna
1757 3727 1918 3783 domo
1968 3728 2247 3796 habitans,

683 3823 939 3886 quantum
968 3816 1313 3872 venumdatus
1331 3859 1346 3885 ,
1376 3829 1431 3873 et
1455 3819 1507 3872 in
1538 3818 1697 3873 domo
1724 3818 1998 3874 barbarica
2048 3820 2247 3875 educa-

686 3914 792 3960 tus.
821 3906 921 3961 Per
949 3908 1090 3975 ipsos
1110 3906 1255 3961 enim
1284 3906 1617 3963 insidiatores
1646 3909 1695 3963 ei
1709 3909 2104 3965 contexebatur
2130 3910 2248 3963 dia-

686 3998 862 4066 dema,
887 4006 941 4052 et
966 3998 1367 4069 comparabatur
1390 4015 1641 4071 purpura,
1671 4009 1723 4055 et
1753 4000 1820 4055 ab
1846 4000 2075 4055 infamite
2094 4016 2249 4055 occa-

686 4090 840 4145 sione
862 4090 1077 4144 honoris
1102 4097 1159 4145 et
1180 4091 1327 4161 regni
1350 4092 1397 4146 ei
1422 4106 1581 4147 causa
1610 4090 1890 4162 processit.
1917 4090 2107 4147 Vidisti
2129 4106 2255 4162 quo-

686 4181 846 4235 modo
870 4182 1197 4251 interpretati
1237 4196 1417 4237 sumus
1439 4182 1565 4239 illud
1584 4225 1599 4249 ,
1633 4184 1755 4240 Nos:
1776 4185 1902 4240 sicut
1929 4186 2034 4241 dies
2060 4185 2253 4263 illumi-

689 4277 913 4331 nabitur?
933 4277 1012 4331 Ad
1043 4277 1141 4331 hoc
1162 4285 1368 4343 autem,
1394 4278 1539 4333 Sicut
1564 4278 1775 4333 tenebrae
1798 4280 1907 4349 ejus
1928 4318 1945 4345 ,
1967 4279 2041 4333 ita
2081 4280 2252 4334 lumen

687 4369 817 4439 ejus,
851 4368 900 4425 id
928 4368 1099 4437 ipsum
1112 4368 1287 4424 dicere
1310 4383 1529 4426 necesse
1548 4378 1629 4425 est
1653 4388 1667 4424 :
1692 4370 1829 4426 sicut
1847 4371 1971 4438 illas,
1988 4372 2066 4427 sic
2091 4372 2253 4428 etiam

690 4458 794 4515 hoc
813 4459 935 4527 erit,
962 4474 1069 4514 non
1092 4461 1266 4531 specie
1286 4468 1512 4528 tantum,
1535 4461 1628 4516 sed
1650 4461 1876 4518 Domino
1896 4471 1990 4518 tuo
2014 4472 2252 4521 mutante

689 4563 869 4604 rerum
893 4558 1124 4604 naturas.
1154 4549 1241 4605 i3.
1266 4549 1398 4617 Quia
1422 4559 1476 4605 tu
1514 4550 1775 4622 possedisti
1793 4568 1935 4607 renes
1960 4568 2116 4617 meos,
2143 4551 2254 4608 Do-

687 4639 821 4692 mine
844 4655 863 4693 :
888 4639 1147 4709 suscepisti
1169 4656 1248 4694 nte
1287 4640 1350 4695 de
1374 4650 1513 4697 utero
1536 4643 1712 4698 matris
1739 4660 1883 4700 utea.
1914 4643 1984 4699 Et
2005 4660 2252 4719 quaenam

686 4737 772 4795 est
797 4728 913 4785 hac
929 4731 1307 4801 consequentia
1326 4746 1447 4787 cum
1474 4733 1554 4789 eis
1573 4748 1691 4805 quae
1708 4733 1850 4792 dicta
1873 4739 2034 4792 sunt?
2062 4735 2250 4808 Magna

686 4818 903 4890 quidem
924 4829 1101 4889 certe,
1123 4829 1177 4878 et
1202 4836 1320 4893 quae
1348 4823 1502 4880 valde
1537 4825 1790 4882 cohaeret.
1822 4827 2082 4895 Quoniam
2103 4827 2252 4885 enim

686 4908 821 4965 dixit
848 4908 916 4966 de
943 4918 1087 4967 tanta
1111 4912 1226 4981 eius
1269 4915 1498 4984 potentia
1518 4957 1535 4983 ,
1577 4917 1813 4972 ostendit
1850 4918 2102 4990 deinceps
2126 4934 2251 4977 eum

687 4999 765 5055 uti
808 5000 905 5056 hac
952 5009 1211 5072 potestate
1253 5002 1323 5059 ad
1372 5005 1653 5062 utilitatem
1692 5014 1748 5063 et
1787 5007 2104 5066 beneﬁcium
2146 5008 2250 5065 ho-

685 5093 912 5148 minum.

757 5182 1025 5241 Possessor
1046 5186 1120 5241 rei
1144 5203 1383 5257 possessa:
1417 5205 1595 5245 curam
1618 5191 1761 5262 gerit.
1782 5220 1853 5233 —
1873 5190 1950 5249 Ne
1971 5192 2089 5263 quis
2105 5192 2249 5249 enim

686 5277 941 5347 insipiens
967 5278 1199 5349 diceret,
1229 5280 1296 5337 Et
1314 5282 1439 5353 quid
1466 5282 1583 5339 haec
1600 5283 1668 5339 ad
1687 5299 1774 5341 me
1790 5328 1803 5352 ,
1830 5286 1876 5342 si
1897 5294 1981 5341 est
2002 5300 2246 5357 magnus,

682 5376 738 5421 et
760 5376 948 5439 potens
964 5409 979 5434 ,
1006 5378 1062 5426 et
1087 5373 1396 5455 praesciendi
1427 5375 1675 5433 facultate
1716 5376 2004 5447 praeditus?
2027 5376 2251 5433 ostende

684 5455 731 5510 si
759 5456 885 5527 quid
910 5474 974 5516 ex
994 5473 1060 5515 eo
1084 5459 1217 5516 lucri
1242 5461 1493 5519 faciamus
1520 5484 1534 5519 :
1557 5466 1847 5536 subiunxit,
1871 5466 1952 5522 Tu
1977 5466 2245 5539 possedisti

686 5560 828 5602 rencs
852 5566 1005 5617 meos,
1034 5566 1066 5607 a
1096 5560 1241 5623 parte
1260 5553 1442 5611 dicens
1462 5565 1633 5613 totum
1678 5558 1968 5620 hominem.
2014 5559 2135 5617 Non
2164 5570 2251 5617 est

743 5723 820 5806 (9)
853 5729 961 5775 ἤδη
977 5727 1308 5792 luterpretatio
1320 5730 1457 5795 iuxta
1477 5745 1625 5799 quem
1645 5734 1709 5787 sit
1734 5734 2001 5799 ignoratur.

1356 364 1416 422 s.
1453 358 1731 421 teANNIs
1766 336 2242 416 cautsosr'out
2277 343 2591 407 ARCBIEP.
2630 338 3163 401 consumma.

3799 333 3905 393 ιιι

2338 467 2516 516 alitem
2560 457 2660 515 hoc
2686 471 2907 527 parvum
2948 453 3016 513 ad
3042 459 3246 523 partem
3286 447 3463 507 laudis
3506 448 3853 519 providentia
3880 486 3905 515 ,

2336 562 2457 605 esse
2483 548 2579 605 Dei
2606 545 3011 617 possessionem.
3035 542 3133 609 Qui
3154 541 3295 598 enim
3320 538 3577 611 possidet,
3607 554 3799 596 curam
3810 554 3902 610 ge-

2335 641 2407 694 rit
2422 648 2478 695 et
2504 637 2761 709 providet.
2783 635 3039 704 Quocirca
3060 634 3164 695 hoc
3186 647 3398 704 quoque
3434 632 3737 702 signiﬁcans
3756 672 3779 700 ,
3800 632 3908 687 ad.-

2331 728 2452 799 iicit
2485 729 2736 798 deinceps
2778 725 2918 796 quod
2960 724 3219 797 sequitur,
3243 724 3520 796 Suscepisti
3552 743 3631 781 me
3670 725 3734 780 de
3760 735 3909 781 um

2338 820 2514 874 matris
2561 833 2701 873 mea.
2732 816 2845 872 Hoc
2884 825 2967 872 est
2988 855 3005 883 ,
3036 816 3297 885 Perpetuo
3341 831 3428 871 me
3470 818 3704 871 muniisti
3725 857 3742 883 ,
3769 816 3902 874 mihi

2338 910 2631 981 providisti,
2654 908 2759 964 mei
2782 922 2965 964 curam
2984 908 3191 978 gessisti
3216 948 3232 973 ,
3258 922 3321 963 ac
3349 918 3517 964 tutum
3538 909 3813 965 reddidisti
3837 910 3905 967 ab

2338 1004 2555 1059 ineunte
2580 1010 2765 1067 aetate,
2796 1002 2865 1054 ab
2892 1000 3021 1070 ipsis
3049 998 3253 1062 fasciis.
3275 1008 3331 1054 et
3353 1016 3475 1070 qua:
3503 1000 3642 1066 dixi,
3672 1001 3911 1059 docuisti

2339 1092 2500 1149 rebus
2524 1092 2670 1162 ipsis.
2704 1091 2789 1146 14.
2816 1089 3103 1159 Conﬁtebor
3131 1089 3218 1143 tibi
3243 1090 3362 1159 quia
3390 1092 3672 1146 terribiliter
3698 1097 3906 1163 magist-

2340 1183 2517 1252 [icatus
2541 1199 2593 1238 es
2618 1197 2637 1236 :
2658 1180 2907 1240 mirabilia
2932 1196 3086 1245 opera
3114 1189 3200 1233 tua
3223 1222 3239 1247 ,
3260 1189 3307 1233 et
3327 1181 3497 1234 anima
3515 1198 3623 1236 mea
3650 1187 3914 1255 cognoscit

2339 1275 2508 1328 nimis.
2540 1273 2675 1341 Quid
2705 1272 2807 1327 hoc
2830 1272 2937 1328 est?
2964 1270 3190 1327 Finxisti
3230 1287 3316 1328 me
3337 1311 3353 1337 ,
3376 1274 3575 1341 inquit,
3600 1276 3694 1331 sed
3723 1277 3914 1333 nescio

2339 1364 2606 1435 quomodo
2645 1364 2899 1419 finxeris:
2928 1363 3206 1432 provides,
3239 1363 3334 1418 sed
3377 1379 3483 1418 non
3507 1380 3718 1434 possum
3746 1369 3905 1422 simul

2340 1453 2725 1525 providentiam
2743 1467 2954 1508 omnem
2977 1455 3182 1508 ratione
3203 1454 3671 1523 comprehendere.
3699 1456 3909 1529 Ubique

2340 1559 2421 1614 es,
2444 1544 2537 1600 sed
2557 1559 2625 1599 ne
2652 1544 2755 1601 hoc
2787 1542 3001 1614 quidem
3025 1544 3141 1598 scio
3170 1558 3276 1613 quo
3301 1554 3481 1615 pacto.
3514 1545 3659 1600 Nosti
3690 1546 3868 1603 futura
3888 1588 3906 1616 ,

2342 1644 2399 1693 et
2422 1636 2705 1707 praeterita,
2725 1643 2780 1689 et
2805 1649 2995 1690 arcana
3016 1636 3209 1690 mentis
3235 1636 3505 1692 hominum
3532 1656 3547 1693 :
3568 1638 3661 1693 sed
3685 1656 3785 1697 nec
3808 1643 3912 1699 hoc

2342 1740 2557 1797 possum
2604 1726 2807 1781 ratione
2846 1724 3315 1795 comprehendere.
3344 1726 3513 1783 Ilntas
3560 1733 3699 1786 enim
3728 1748 3908 1788 rerum

2344 1830 2579 1889 naturas,
2598 1830 2653 1878 et
2676 1822 2809 1880 facis
2837 1832 2895 1879 ut
2917 1834 3193 1879 manentes
3220 1823 3502 1880 ostendant
3522 1824 3788 1880 contraria
3812 1842 3825 1878 :
3854 1832 3912 1881 et

2344 1914 2414 1969 ita
2441 1930 2627 1971 rursus
2652 1914 2919 1970 contraria
2948 1914 3151 1981 educis,
3183 1915 3403 1986 perinde
3424 1930 3487 1971 ac
3511 1916 3557 1971 si
3583 1925 3766 1971 essent
3786 1929 3911 1986 pro-

2344 2006 2457 2077 pria
2478 2015 2533 2061 et
2559 2007 2677 2074 ejus
2704 2015 2908 2061 natura:
2929 2007 3202 2062 attributa.

2412 2098 2467 2153 4.
2488 2095 2619 2152 Cum
2650 2098 2827 2168 itaque
2846 2096 2961 2153 bzec
2987 2099 3163 2153 omnia
3184 2098 3506 2168 collegisset,
3530 2107 3586 2155 et
3612 2098 3795 2154 divino
3814 2112 3905 2154 es-

2344 2198 2429 2244 set
2473 2189 2663 2259 spiritu
2703 2188 2944 2254 afﬂatus,
2974 2202 3160 2257 magna
3189 2202 3319 2243 voce
3342 2188 3629 2253 clamavit,
3668 2187 3861 2243 dicens
3892 2206 3907 2243 :

2345 2276 2630 2347 Coaﬁtebor
2656 2278 2764 2338 tibi.
2777 2279 2895 2348 quia
2918 2276 3199 2331 terribiliter
3218 2277 3565 2347 magniﬁcatus
3588 2294 3659 2339 es,
3680 2277 3783 2333 hoc
3804 2286 3906 2345 est,

2346 2368 2604 2424 mirabilis
2630 2369 2917 2438 apparuisti
2942 2408 2958 2432 ,
2986 2377 3123 2423 etes
3150 2368 3425 2422 mirabilis.
3460 2367 3719 2423 Hirabitia
3758 2385 3914 2440 opera

2348 2471 2453 2524 tua,
2485 2470 2532 2514 et
2560 2460 2731 2513 animo
2755 2475 2865 2513 mea
2888 2460 3141 2530 cognoscit
3169 2462 3337 2516 nimis.
3369 2461 3435 2516 Et
3458 2460 3583 2530 quid
3608 2461 3679 2515 de
3704 2469 3755 2515 te
3775 2503 3791 2525 ,
3822 2463 3909 2516 iu-

2345 2554 2477 2623 quit,
2509 2552 2648 2615 dico,
2672 2566 2793 2606 cum
2822 2566 2940 2623 quae
2965 2566 2995 2605 a
3028 2560 3078 2607 te
3107 2551 3258 2617 ﬁunt,
3290 2568 3537 2623 magnum
3558 2552 3787 2609 habeant
3810 2556 3912 2608 mi-

2347 2644 2609 2701 raculum?
2634 2644 2833 2699 Deinde
2848 2644 3063 2699 mittens
3088 2645 3264 2699 omnia
3290 2645 3559 2715 persequi,
3588 2646 3799 2716 pr0pria
3829 2647 3912 2703 sui

2346 2736 2535 2790 notitia
2569 2734 2851 2790 contentus
2878 2735 3008 2789 dicit
3040 2752 3053 2787 :
3088 2734 3153 2787 Et
3182 2738 3349 2789 anima
3386 2752 3498 2790 mea
3541 2737 3791 2807 cognoscit
3838 2738 3914 2791 ni-

2347 2827 2462 2881 mis.
2490 2826 2603 2882 Non
2629 2828 2897 2897 cognoscit
2931 2827 3261 2881 solummodo
3283 2868 3299 2893 ,
3322 2826 3414 2881 sed
3445 2826 3601 2882 valde
3628 2836 3683 2882 et
3703 2828 3917 2887 intentu

2348 2919 2638 2988 cognoscit.
2665 2918 2718 2973 Si
2748 2931 2923 2973 autem
2950 2917 3251 2983 cognoscit,
3282 2918 3547 2987 quomodo
3572 2918 3704 2972 dixit
3730 2928 3913 2985 antea,

2348 3006 2597 3063 Mirabiiis
2622 3012 2755 3079 facta
2772 3016 2843 3060 est
2867 3007 3072 3061 scientia
3097 3015 3182 3059 tua
3204 3022 3239 3060 a
3260 3022 3355 3072 me,
3387 3007 3669 3077 confortata
3698 3018 3793 3075 est,
3817 3025 3918 3063 nou

2348 3106 2518 3170 potero
2547 3097 2614 3151 ad
2640 3098 2786 3151 eam!
2810 3095 3034 3151 Maxime
3063 3112 3078 3151 :
3104 3110 3224 3149 nam
3265 3095 3391 3151 illud
3434 3096 3645 3165 quidem
3676 3107 3824 3153 certe
3851 3098 3919 3156 de

2348 3190 2464 3260 ipso
2491 3190 2689 3245 dictum
2714 3196 2828 3253 est,
2859 3186 2959 3242 hoc
2984 3200 3110 3241 vero
3129 3186 3195 3243 de
3223 3187 3490 3256 Operibus.
3528 3186 3680 3254 Quod
3724 3188 3767 3243 si
3814 3189 3916 3245 hoc

2349 3294 2562 3351 quoque
2584 3278 2651 3335 de
2680 3280 2796 3349 ipso
2819 3278 3015 3334 dictum
3044 3287 3164 3344 est,
3203 3278 3330 3334 illud
3369 3278 3661 3335 dixerimus
3706 3298 3721 3334 :
3766 3280 3921 3341 Nouit

2350 3387 2470 3427 eum
2496 3386 2615 3427 esse
2661 3370 2978 3437 mirabilem,
3027 3385 3295 3442 magnum,
3352 3372 3620 3427 excelsum
3649 3372 3816 3441 :quid
3845 3374 3915 3427 sit

2350 3471 2525 3519 autem
2546 3454 2836 3517 substantia
2866 3460 3075 3531 (eadem
3100 3460 3241 3515 enim
3266 3475 3452 3516 rursus
3475 3461 3691 3525 dicam).
3708 3471 3765 3517 et
3787 3478 3922 3534 quo-

2351 3567 2474 3609 nam
2501 3552 2660 3607 modo
2682 3552 2751 3607 sit
2774 3551 2892 3621 ejus
2911 3550 3162 3620 maiestas
3187 3558 3239 3606 et
3264 3550 3672 3620 magnificentia,
3691 3562 3745 3623 et
3769 3552 3920 3623 quis-

2352 3662 2474 3701 nam
2519 3646 2588 3700 sit
2630 3643 2818 3699 modus
2834 3658 3023 3699 eorum
3054 3657 3172 3712 qua:
3201 3641 3341 3697 dicta
3368 3653 3513 3708 sunt,
3544 3622 3754 3714 ignorat
3782 3622 3797 3699 ξ
3827 3646 3921 3701 sed

2353 3751 2415 3791 ea
2446 3736 2558 3805 ipsa
2588 3734 2849 3807 ignoratio
2868 3743 2949 3789 est
2965 3740 3332 3803 argumentum
3352 3733 3691 3803 cognitionis,
3711 3735 3921 3791 etiamsi

2353 3828 2422 3883 sit
2461 3825 2703 3896 mirabile
2754 3824 2897 3896 quod
2936 3824 3132 3879 dictum
3186 3832 3287 3880 est.
3336 3823 3467 3879 Nam
3515 3841 3661 3881 mare
3709 3842 3922 3898 quoque

2352 3928 2605 3990 quantum
2634 3918 2719 3982 sit,
2753 3917 3087 3989 ignoramus;
3114 3924 3168 3971 et
3190 3924 3362 3972 tamen
3381 3925 3596 3987 propter
3621 3916 3723 3973 hoc
3750 3919 3922 3989 ipsum

2354 4027 2504 4069 mare
2529 4011 2760 4066 maxime
2790 4008 3053 4075 novimus,
3077 4008 3215 4079 quod
3240 4008 3357 4079 eius
3382 4024 3682 4065 mensuram
3712 4012 3922 4067 nescia-

2354 4120 2494 4160 mus.
2516 4103 2571 4160 Si
2592 4104 2711 4172 quis
2735 4110 2911 4158 autem
2933 4101 3072 4155 dicat
3092 4114 3151 4156 se
3171 4114 3329 4155 nosse
3351 4100 3466 4171 eius
3484 4102 3849 4171 quantitatem,
3878 4103 3923 4159 is

2355 4204 2438 4250 est
2454 4195 2544 4265 qui
2574 4193 2624 4248 id
2655 4193 2859 4264 ignorat
2886 4192 3132 4246 maxime.
3155 4190 3248 4246 Est
3275 4190 3431 4261 igitur
3457 4191 3718 4262 professio
3738 4196 3922 4265 cogni-

2357 4286 2536 4352 tionis,
2554 4300 2671 4354 qure
2698 4284 2871 4354 arguit
2898 4272 3247 4353 ignorantiam
3280 4299 3293 4335 :
3321 4292 3376 4339 et
3401 4292 3483 4339 est
3508 4284 3788 4353 ignoratio,
3805 4302 3924 4356 quas

2357 4377 2511 4431 nobis
2540 4375 2642 4432 fert
2672 4375 3029 4431 testimonium
3060 4373 3127 4430 de
3154 4374 3393 4431 scientia.
3418 4375 3507 4430 15.
3528 4373 3645 4430 Non
3668 4377 3925 4432 estoccul-

2357 4476 2512 4522 tatum
2531 4483 2587 4521 os
2607 4482 2767 4520 meum
2793 4481 2825 4518 a
2862 4474 2909 4520 te
2924 4464 3059 4537 quod
3087 4465 3247 4536 feciin
3274 4466 3328 4519 in
3351 4466 3545 4520 occulto
3570 4482 3588 4520 :
3611 4476 3658 4521 et
3693 4467 3925 4522 substan-

2358 4559 2428 4612 tia
2445 4574 2556 4612 mca
2578 4558 2632 4611 in
2650 4555 2969 4626 inferioribus
2997 4565 3161 4609 terra.
3206 4554 3460 4625 Loquitur
3485 4571 3670 4613 rursus
3700 4558 3769 4614 de
3807 4560 3924 4628 eius

2356 4650 2676 4719 cognitione,
2706 4658 2759 4702 et
2804 4646 3037 4701 ostendit
3077 4661 3198 4702 eum
3228 4645 3346 4702 haec
3394 4647 3535 4703 scire
3571 4649 3768 4703 omnia.
3831 4648 3924 4705 Vel

2356 4752 2483 4809 ergo
2527 4738 2656 4793 dicit
2683 4752 2803 4792 eum
2830 4738 3006 4791 omnia
3038 4750 3195 4791 nosse
3213 4750 3427 4803 amans,
3452 4736 3531 4791 vel
3557 4737 3751 4808 aliquid
3780 4738 3923 4795 aliud

2357 4828 2652 4903 signiﬁcat,
2675 4843 2867 4898 nempe
2918 4826 3290 4883 formationem
3339 4836 3395 4882 et
3446 4828 3813 4885 creationem:
3845 4828 3924 4886 Ne

2357 4939 2477 4979 cum
2521 4921 2750 4993 lingerer
2773 4919 3005 4991 quidem,
3036 4934 3124 4975 me
3150 4919 3439 4989 ignorasti,
3469 4918 3563 4975 sed
3585 4920 3763 4975 omnia
3788 4922 3925 4977 scie-

2358 5013 2475 5075 bas.
2496 5026 2623 5071 cum
2647 5011 2763 5067 btec
2781 5009 3034 5082 paulatim
3062 5018 3252 5065 natura
3273 5017 3603 5076 contexeret,
3633 5011 3845 5066 tametsi
3871 5012 3926 5069 in

2356 5119 2553 5161 arcano
2574 5111 2906 5172 Operaretur,
2932 5110 2988 5157 et
3013 5108 3279 5173 tamquam
3307 5101 3361 5157 in
3399 5100 3594 5158 inlimis
3629 5111 3784 5159 terra:
3803 5116 3927 5174 par-

2358 5199 2496 5261 tibus
2521 5214 2537 5252 :
2563 5204 2687 5251 sunt
2706 5204 2881 5250 tamen
2910 5193 3027 5261 tibi,
3055 5193 3242 5265 inquit,
3270 5193 3446 5249 omnia
3476 5192 3613 5248 nuda
3639 5203 3695 5249 et
3716 5202 3923 5263 aperta.

2356 5288 2505 5345 Alius
2526 5295 2703 5341 autem
2733 5285 2998 5354 interpres
3035 5284 3113 5339 sic
3144 5283 3285 5339 dixit
3310 5299 3324 5336 :
3359 5282 3479 5337 Non
3498 5282 3659 5337 uelata
3676 5292 3791 5337 sunt
3808 5299 3926 5341 ossa

2356 5394 2467 5433 mea
2487 5393 2521 5432 a
2546 5385 2613 5445 te,
2641 5375 2819 5447 quibus
2840 5377 3006 5447 factus
3034 5390 3144 5429 suus
3164 5373 3218 5429 iis
3237 5372 3432 5429 occulto
3461 5371 3559 5446 (α).
3576 5373 3729 5430 Alius
3749 5414 3768 5441 ,
3799 5373 3925 5432 Non

2418 5553 2491 5616 ta)
2522 5558 2635 5601 Haec
2655 5552 2786 5616 Prior
2806 5551 3143 5616 interpretatio
3180 5550 3413 5616 estiam
3704 5547 3926 5616 seat-tta

2375 5607 2490 5664 uita
2510 5607 2855 5673 Synuuacbum.
2878 5607 3020 5663 tertia
3052 5612 3189 5673 juxta
3231 5607 3487 5673 ιιςοετωιη,
3509 5607 3572 5658 ἰιι
3592 5607 3679 5673 ius
3703 5607 3927 5673 lectioni-

2374 5689 2450 5725 )us
2471 5668 2650 5736 aliquid
2671 5674 2968 5725 diversitatis
2989 5668 3276 5725 observatur
3297 5674 3347 5721 in
3362 5669 3503 5723 sarit.
3527 5671 3618 5721 Sed
3634 5668 3798 5721 Morel.
3824 5681 3923 5721 Ine-

2360 5736 2453 5787 lius
2474 5736 2639 5787 habet.
