4222 6450
284 426 388 488 ιιι

283 550 432 605 latuit
458 554 507 601 te
523 544 768 617 fortitudo
795 558 906 597 mea
923 556 1024 612 qua
1050 541 1216 612 factus
1238 552 1351 594 sum
1376 537 1430 591 in
1456 533 1653 590 occulto
1677 545 1695 584 :
1730 524 1871 581 uarie

281 648 706 708 conpactus-nn
743 644 797 689 ut
825 634 880 688 in
898 631 1089 700 inﬁmis
1114 639 1280 685 terra.
1305 627 1479 689 Alius,
1506 623 1628 679 Non
1653 622 1802 677 latuit
1825 629 1875 675 te

285 728 508 794 potentia
530 741 644 781 mea
660 740 748 781 seu
774 739 890 777 ossa
914 736 1026 775 mea
1044 763 1061 784 ,
1088 719 1211 791 quia
1229 723 1394 789 factus
1415 732 1529 770 sum
1550 714 1618 779 in
1648 712 1867 775 occulto,

283 819 475 890 (μιν
501 834 617 873 sum
642 817 696 870 in
719 814 909 884 inﬁmis
935 822 1105 868 terra.
1134 812 1337 867 Omnes
1361 820 1492 879 ergo
1535 804 1724 861 eadem
1753 802 1870 874 ipsa

283 912 594 982 loquuntur,
622 920 835 977 nempe,
863 906 990 962 dum
1013 907 1262 976 (ingerar,
1292 916 1382 962 me
1408 899 1641 971 perfecte
1667 895 1870 951 forma-

283 1016 395 1060 tum
427 1018 524 1074 per
564 1010 744 1074 partes
774 999 1005 1066 novisti,
1031 1007 1087 1055 et
1119 994 1536 1065 unumquodque
1569 990 1869 1047 membrum

280 1104 339 1150 et
376 1096 496 1165 ejus
524 1108 738 1165 quoque
775 1092 1168 1147 incrementum
1203 1086 1425 1143 scivisti.
1473 1081 1627 1151 Quod
1665 1090 1719 1138 et
1755 1081 1873 1148 ipse

280 1187 445 1241 etiam
482 1185 629 1246 dicit.
655 1182 903 1240 Christus
943 1199 959 1238 :
1022 1178 1189 1235 Vestri
1239 1188 1411 1231 autem
1457 1173 1633 1245 capilli
1684 1173 1870 1241 capitis

278 1293 455 1332 omnes
472 1273 723 1331 numerati
744 1282 860 1329 sunt
891 1268 1042 1344 (Luc.
1072 1269 1160 1324 12.
1185 1266 1262 1340 7).
1289 1264 1456 1323 Simul
1476 1274 1656 1318 autem
1671 1272 1726 1318 et
1743 1275 1869 1330 pro-

279 1368 573 1424 videntiam
612 1374 665 1421 et
700 1364 979 1420 scientiam
1009 1358 1199 1417 eodem
1243 1370 1495 1416 sermone
1540 1353 1870 1425 explicatam

278 1457 754 1531 deprehendimus.
787 1456 874 1512 16.
901 1453 1263 1525 Imperfectum
1287 1465 1452 1505 meum
1477 1448 1709 1503 uiderunt
1736 1445 1869 1499 oculi

276 1556 376 1608 tui.
427 1551 523 1608 Vel
562 1551 702 1605 idem
733 1550 908 1617 ipsum
937 1559 1125 1602 rursus
1151 1542 1317 1608 dicit,
1348 1556 1436 1595 me
1464 1539 1549 1609 vel
1583 1536 1869 1593 informem

278 1644 459 1708 nosti;
486 1640 624 1698 alius
667 1640 810 1695 enim
858 1638 937 1693 sic
967 1635 1118 1703 dixit,
1178 1631 1461 1705 Infamem
1512 1645 1601 1695 me
1635 1628 1870 1691 uiderunt

276 1736 418 1791 oculi
445 1735 518 1789 tui
539 1749 561 1788 :
581 1732 665 1789 vel
699 1730 768 1787 de
795 1730 926 1800 ipsis
962 1726 1284 1791 actionibus,
1313 1732 1507 1792 nempe
1537 1719 1682 1793 quod
1728 1734 1857 1774 non-

274 1828 410 1882 dum
460 1805 654 1881 iactum
686 1833 805 1879 erat
850 1821 1097 1876 viderunt
1136 1816 1276 1873 oculi
1319 1813 1414 1871 tui.
1442 1813 1512 1868 Et
1534 1813 1588 1867 in
1607 1809 1735 1866 libro
1783 1816 1873 1862 tuo

277 1933 456 1973 omnes
483 1917 781 1971 scribentur.
818 1911 913 1967 Die
948 1910 1320 1981 formabuntur.
1342 1913 1388 1961 et
1412 1919 1558 1959 nemo
1576 1903 1630 1956 in
1649 1901 1740 1955 eis.
1771 1898 1873 1953 Est

276 2010 568 2071 obscurum
612 2004 764 2071 illud,
798 2003 893 2060 sed
914 2009 1128 2073 oportet
1155 1999 1208 2054 id
1235 1996 1417 2053 venari
1444 2010 1515 2050 ex
1535 1992 1675 2049 serie
1703 1998 1760 2045 et
1803 2001 1872 2044 ex

278 2101 390 2155 alio
419 2100 731 2168 interprete.
768 2093 924 2163 Quod
974 2091 1119 2148 enim
1154 2088 1319 2153 dicit,
1347 2087 1453 2142 tale
1488 2092 1615 2151 est,
1637 2082 1689 2138 ei
1726 2077 1870 2151 quod

280 2192 562 2263 praecessit
591 2187 940 2245 conveniens.
970 2181 1113 2252 Quid
1139 2190 1320 2237 autem
1345 2176 1661 2250 pratcessit't
1688 2172 1870 2243 Infor-

273 2297 415 2340 metu
434 2297 515 2334 me
530 2277 772 2332 uiderunt
788 2270 932 2327 oculi
952 2270 1031 2325 tui
1047 2285 1065 2325 :
1083 2269 1300 2331 hocest,
1314 2266 1692 2322 cumnondum
1714 2263 1881 2318 ullam

278 2376 516 2444 figuram
540 2369 928 2437 suscepissem,
953 2376 1079 2417 cum
1110 2358 1292 2415 adhuc
1321 2356 1566 2430 .tingcrer
1598 2363 1657 2411 et
1676 2355 1882 2421 forma-

277 2481 392 2531 rer,
411 2477 499 2517 me
526 2473 680 2530 teque
702 2467 891 2528 aperte
910 2454 1186 2518 viderunt,
1217 2459 1275 2505 ut
1293 2465 1440 2515 eum,
1462 2448 1557 2517 qui
1591 2454 1677 2503 est
1706 2445 1881 2517 figura

278 2551 566 2627 praeditus,
586 2555 643 2621 et
665 2547 816 2601 nullo
836 2544 924 2600 die
953 2549 1077 2615 eget
1096 2541 1164 2597 ad
1192 2555 1348 2597 suam
1371 2537 1786 2627 perfectionem.
1816 2534 1883 2612 Et

283 2624 348 2700 ut
366 2645 512 2701 scias
538 2642 643 2696 hoc
662 2639 738 2695 ita
770 2651 914 2703 esse,
935 2635 1063 2690 audi
1085 2632 1589 2704 interpretationem
1615 2624 1875 2685 alterius:

291 2736 582 2805 Informem
601 2747 683 2786 me
712 2729 1068 2801 praeciderunt
1094 2726 1234 2781 oculi
1257 2726 1337 2780 tui
1357 2725 1461 2797 (a),
1485 2740 1605 2778 cum
1636 2720 1880 2778 omnibus

282 2826 372 2896 qui
397 2826 451 2879 in
474 2822 603 2879 libro
622 2831 709 2877 tuo
727 2821 901 2891 scripti
928 2827 1045 2874 sunt
1062 2860 1080 2884 ,
1100 2817 1189 2889 qui
1207 2825 1326 2871 sunt
1345 2813 1607 2885 eﬂngendi
1633 2810 1774 2866 nullo
1793 2809 1878 2864 die

284 2915 570 2984 deﬁciente.
587 2912 721 2969 Cum
753 2910 881 2975 illis,
901 2909 1092 2978 inquit,
1120 2922 1207 2961 me
1235 2906 1412 2961 vidisti
1427 2903 1517 2975 qui
1531 2903 1800 2973 tinguntur
1821 2902 1875 2955 in

286 3007 477 3062 diebus
486 3006 691 3070 eorum,
708 3002 901 3075 quibus
917 3000 1092 3057 nullus
1110 2999 1228 3056 dies
1251 2998 1438 3054 defuit.
1455 2996 1579 3053 Haec
1600 3003 1778 3049 autem
1794 2992 1885 3048 di-‘

287 3100 363 3153 cit
377 3105 486 3154 neu
498 3096 648 3167 quasi
674 3096 744 3150 sit
771 3094 907 3150 liber
930 3094 983 3149 in
1002 3095 1268 3163 supernis,
1292 3106 1393 3146 nec
1410 3091 1561 3161 quasi
1579 3090 1669 3143 ulli
1682 3085 1877 3156 scripti

292 3190 422 3255 sint,
465 3186 559 3243 sed
613 3185 901 3256 perfectam
926 3182 1283 3255 cognitionem
1323 3197 1420 3253 per
1448 3182 1642 3236 librum
1670 3177 1880 3249 signifi-

291 3294 447 3345 cans,
473 3263 922 3349 quemadmodum
951 3273 1164 3346 quando
1184 3272 1338 3340 dicit,
1368 3272 1574 3327 Audiuit
1597 3270 1874 3334 Dominus,

295 3381 344 3425 et
364 3370 567 3441 scripsit
592 3368 647 3422 in
675 3368 804 3423 libro
830 3364 1080 3435 (Halach.
1132 3365 1186 3419 5.
1217 3365 1328 3436 16).
1380 3363 1454 3419 Et
1483 3377 1694 3428 rursus,
1738 3360 1882 3416 Libri

300 3462 470 3531 aperti
489 3467 607 3515 sunt
631 3457 791 3531 (Dan.
817 3456 873 3512 7.
901 3456 1012 3528 I0).
1038 3456 1124 3511 I7.
1146 3455 1278 3510 Mihi
1301 3464 1472 3510 autem
1497 3456 1648 3509 nimis
1668 3454 1877 3508 honori-

297 3551 437 3621 βοειιὶ
478 3557 593 3623 sunt
635 3549 787 3603 amici
845 3547 939 3616 tui,
991 3545 1155 3601 Deus.
1196 3547 1371 3616 Alius,
1409 3545 1631 3602 Pretiosi
1678 3547 1883 3615 fuerunt

297 3643 452 3697 amici
503 3643 578 3696 tati
620 3640 719 3712 (lt).
748 3640 864 3696 Non
894 3651 978 3697 est
999 3639 1101 3695 hoc
1129 3654 1293 3710 parva
1338 3639 1528 3701 virtus,
1557 3638 1649 3692 Dei
1678 3637 1883 3691 amicos

299 3736 509 3790 honore
532 3734 767 3790 afficere.
797 3733 1017 3797 Curam,
1047 3732 1258 3803 inquit,
1304 3731 1409 3786 mei
1448 3730 1659 3800 gessisti
1686 3769 1701 3794 ,
1748 3744 1834 3783 me
1865 3768 1880 3793 ,

299 3845 421 3886 cum
448 3844 551 3883 non
581 3843 755 3885 essem
778 3868 794 3891 ,
839 3826 1156 3897 produxisti,
1199 3841 1287 3881 me
1325 3826 1470 3895 regis
1493 3834 1549 3886 et
1592 3823 1833 3878 contines
1868 3839 1882 3876 :

300 3936 402 3993 ego
420 3929 599 3976 autem
633 3919 769 3974 hane
794 3918 964 3975 reddo
990 3917 1497 3982 remunerationem,
1520 3914 1724 3969 amicos
1764 3921 1886 3968 tuos

306 4014 608 4067 honoratis.
639 4010 819 4065 Nimis
855 4010 1148 4079 confortati
1184 4016 1307 4063 sunt
1333 4008 1663 4078 principatus
1692 4020 1898 4060 eorum.

305 4105 429 4161 iloc
447 4114 555 4169 est,
572 4104 677 4174 Ipsi
698 4102 863 4157 validi
885 4111 940 4157 et
957 4109 1205 4171 potentes
1227 4097 1356 4155 facti
1379 4108 1526 4154 sunt.
1553 4098 1708 4152 Alius
1729 4096 1898 4152 dicit:

308 4196 485 4262 Quam
505 4193 825 4263 multiplicia
853 4203 977 4247 sunt
1003 4192 1179 4260 capita
1196 4206 1379 4261 eorum
1394 4189 1487 4259 (c)!
1507 4187 1662 4255 Quod
1682 4186 1904 4257 quidem

306 4298 393 4341 est
406 4287 633 4349 clarius;
651 4284 931 4353 subiungit
944 4284 1089 4338 enim
1108 4301 1120 4335 ε
1138 4282 1224 4337 18.
1245 4280 1602 4336 Dinumerabo
1619 4296 1727 4343 eos,
1742 4288 1793 4334 et
1813 4294 1905 4332 su-

306 4392 400 4445 per
410 4390 629 4429 arenam
642 4371 1662 4442 multiplicabuntur.Egoquidemips-ns
1675 4371 1907 4434 honoro,

310 4476 369 4519 tu
392 4473 570 4518 autem
600 4462 796 4516 multos
817 4460 971 4526 iacis,
1000 4471 1161 4530 atque
1190 4460 1325 4515 adeo
1351 4458 1534 4531 plures
1550 4471 1713 4512 arena
1745 4474 1760 4511 :
1785 4470 1891 4511 non

308 4554 483 4608 solum
530 4559 707 4607 autem
743 4552 940 4606 multos
964 4592 980 4616 ,
1029 4548 1125 4605 sed
1156 4551 1315 4605 etiam
1361 4548 1529 4605 fortes
1559 4562 1623 4605 ac
1665 4547 1892 4604 validos.

310 4645 427 4698 Iloc
450 4642 592 4697 enim
632 4642 744 4697 sibi
774 4642 886 4696 vult
942 4640 1093 4703 illud,
1125 4640 1412 4709 Confortati
1438 4650 1577 4695 sunt.
1618 4639 1892 4709 Duplicetu

307 4745 491 4790 autem
522 4734 652 4789 dicit
698 4734 1125 4805 prosperitatem,
1177 4733 1533 4788 multitudinis
1584 4734 1809 4795 scilicet,
1842 4741 1897 4788 et

311 4826 525 4882 ruboris
561 4826 965 4881 incrementum.
995 4824 1294 4891 Enurretri,
1319 4834 1365 4878 et
1390 4824 1561 4878 adhuc
1579 4839 1692 4878 sum
1710 4833 1895 4878 tecum.

313 4918 485 4981 Alius,
517 4915 812 4984 Euitabor,
836 4925 884 4971 et
908 4933 997 4971 ero
1015 4931 1211 4986 semper
1229 4924 1410 4970 tecum.

387 5007 441 5061 5.
481 5005 597 5061 Non
632 5015 714 5062 est
753 5006 857 5063 hoc
894 5021 1113 5078 parvum
1143 5006 1351 5077 signum
1379 5007 1623 5074 virtutis,
1657 5006 1709 5061 in
1735 5006 1900 5063 rebus

314 5097 564 5154 secundis
613 5098 859 5152 virtutem
908 5107 1165 5166 perpetuo
1210 5112 1549 5152 conservare.
1593 5097 1738 5151 Multi
1762 5138 1776 5158 .
1818 5098 1901 5152 in-

315 5190 459 5256 quit,
513 5203 635 5243 cum
684 5202 774 5243 res
824 5187 904 5242 eis
946 5187 1197 5243 secundae
1248 5188 1585 5252 evenissent,
1636 5188 1708 5241 tui
1747 5187 1900 5243 obliti

316 5290 461 5333 sunt.
495 5279 560 5332 At
588 5293 693 5333 non
723 5290 857 5346 ego,
886 5277 1093 5347 inquit,
1124 5278 1220 5335 sed
1246 5280 1405 5334 etiam
1432 5294 1551 5333 cum
1581 5278 1855 5333 exsurrexi
1882 5320 1898 5346 ,

316 5370 421 5425 huc
455 5379 570 5434 est,
600 5385 721 5425 cum
751 5386 868 5425 sum
897 5370 1150 5426 liberatus
1178 5385 1207 5424 a
1237 5372 1423 5436 malis,
1455 5386 1668 5440 semper
1694 5385 1790 5425 ero
1818 5378 1901 5425 te-

312 5477 459 5515 rum.
504 5461 592 5517 l9.
620 5462 680 5517 Si
706 5462 979 5529 occideris,
1011 5459 1149 5516 Deus
1169 5503 1181 5522 .
1208 5472 1507 5531 peccatores.
1541 5460 1656 5515 Non
1688 5460 1790 5514 hoc
1818 5460 1903 5514 di-

313 5556 421 5619 cit,
458 5555 513 5609 Si
555 5555 847 5620 occideris,
889 5563 1014 5609 tunc
1039 5569 1133 5609 ero
1160 5563 1334 5610 tecum
1368 5554 1501 5609 :scd
1526 5554 1656 5608 illud
1685 5553 1899 5621 quidem

379 5664 454 5728 (ᾳ)
488 5646 596 5728 Haec
617 5664 958 5728 interpretatio
982 5672 1059 5728 est
1080 5664 1365 5728 Symmachi.

378 5725 452 5848 (lt;
485 5725 570 5774 Hic
591 5725 841 5796 intenti-es
859 5727 969 5789 quis
990 5727 1055 5775 sit
1077 5725 1309 5775 nescitur.

378 5786 430 5848 (e
484 5792 596 5838 ιια
610 5787 947 5848 interpretatio
970 5793 1045 5837 est
1061 5787 1321 5848 Symmachi

378 5786 455 5848 (ε)
484 5792 596 5838 ttat:
610 5786 947 5849 interpretatio
970 5793 1045 5837 est
1061 5787 1333 5850 Symmachi.

1347 410 1706 477 EXPOSI'I‘IO
1746 409 1810 466 IN
1848 406 2180 467 PSALMUM
2206 404 2541 464 CXXXVIII.

3466 406 3578 470 ΜΒ

1983 523 2143 578 etiam
2188 522 2391 592 absque
2436 523 2539 579 hoc
2578 521 2857 593 promisit;
2900 520 3031 592 petit
3069 524 3251 578 autem
3293 513 3399 578 hoc
3423 519 3578 591 ﬁeri,

1981 627 2088 666 non
2116 620 2173 666 ut
2198 611 2377 670 deleat
2406 611 2681 667 hominum
2710 611 3061 668 substantiam
3081 652 3098 679 ,
3129 609 3225 667 sed
3251 619 3312 666 ut
3337 624 3434 667 eos
3452 625 3580 667 mu-

1978 712 2056 760 tet
2083 718 2113 757 a
2140 715 2359 774 peccato
2388 705 2443 759 in
2466 705 2747 772 justitiam.
2776 705 2890 760 Non
2912 705 3048 761 dixit
3060 705 3226 768 enim.
3249 705 3306 760 Si
3328 703 3578 768 homines

1976 797 2190 851 occidas
2212 836 2230 863 ,
2262 796 2356 852 sed
2381 837 2397 861 ,
2428 794 2747 851 Peccatores.
2792 797 2942 852 Alius
2975 806 3151 852 autem
3191 810 3291 865 pro
3327 810 3396 853 eo
3431 794 3575 866 quod

1976 897 2060 943 est
2076 929 2093 955 ,
2136 886 2468 954 Peccatores,
2503 888 2667 952 dixit,
2714 886 3158 958 Transgressorem
3198 884 3299 956 (tt),
3350 886 3577 957 loquens

1975 976 2043 1032 de
2070 976 2313 1032 hostibus
2332 977 2613 1031 simulacra
2637 976 3010 1034 adorantibus.

2058 1065 2167 1121 Viri
2183 1068 2490 1138 anguinum
2508 1063 2775 1139 fugiendi;
2803 1065 3022 1135 improbi
3043 1065 3255 1128 oitandi,
3288 1065 3372 1120 lea;
3396 1080 3579 1135 septe;

1973 1142 2279 1235 Judteorttnt
2311 1155 2740 1212 mutabilius.‘
2758 1154 2866 1210 Viri
2883 1156 3191 1227 sanguinum
3212 1190 3229 1222 ,
3258 1155 3506 1211 declinata
3543 1173 3579 1212 a

1975 1265 2075 1304 sne.
2112 1247 2265 1304 Viros
2300 1250 2619 1319 s‘anguiuum
2658 1246 2788 1302 dicit
2829 1243 3052 1301 sicarios
3076 1280 3091 1310 ,
3138 1244 3435 1302 homicidas
3457 1286 3479 1314 ,
3518 1255 3578 1303 et

1976 1342 2066 1412 qui
2108 1341 2259 1398 cmde
2295 1341 2562 1395 hctantur.
2592 1338 2710 1396 Non
2739 1348 2821 1394 est
2844 1346 3022 1393 autem
3049 1336 3136 1394 hic
3156 1350 3351 1410 parvus
3376 1339 3577 1409 gradus

1975 1433 2043 1485 ad
2087 1432 2471 1487 incrementum
2512 1429 2723 1485 virtutis
2766 1429 2950 1499 lugere
2995 1436 3050 1483 et
3093 1429 3303 1485 resilire
3331 1429 3401 1483 ab
3429 1429 3578 1499 ejus~

1976 1521 2121 1581 modi
2165 1521 2442 1576 hominum
2483 1520 2977 1591 congressionibus.
3006 1517 3209 1574 Deinde
3235 1518 3579 1588 subiungitur

1962 1612 2130 1670 etiam
2154 1624 2323 1668 causa
2348 1624 2361 1664 :
2385 1608 2478 1666 20.
2499 1609 2640 1677 Quia
2663 1605 2888 1680 litigiosi
2912 1607 3039 1663 estis
3059 1606 3114 1659 in
3136 1606 3573 1676 cogitationibus.

1966 1705 2147 1772 Alius,
2164 1702 2271 1771 Qui
2289 1703 2541 1758 adversus
2551 1710 2604 1758 te
2617 1694 2869 1758 dixerunt
2893 1701 3266 1771 cogitationem
3280 1688 3378 1768 (ὸ).
3397 1697 3577 1761 Alius,

1977 1793 2234 1862 Quoniam
2271 1791 2692 1849 exacerbaverunt
2733 1799 2782 1844 te
2806 1790 2862 1844 in
2885 1791 3019 1843 malo
3037 1788 3271 1845 consilio.
3297 1787 3432 1843 Vide
3448 1801 3577 1845 eum

1975 1901 2083 1942 non
2104 1900 2348 1957 quaerere
2375 1882 2518 1955 quod
2555 1897 2710 1939 suum
2737 1891 2821 1944 est
2841 1923 2858 1949 ,
2881 1880 2974 1937 sed
2999 1890 3218 1952 propter
3244 1880 3357 1937 Deo
3382 1880 3577 1935 factam

1975 1977 2225 2048 iujuriam
2270 1976 2519 2044 resilire,
2561 1983 2618 2031 et
2659 1973 2843 2045 fugere
2866 1974 3081 2030 illorum
3109 1972 3577 2029 consuetudinem.

1975 2069 2089 2126 Hoc
2129 2069 2273 2125 enim
2314 2067 2516 2124 Judteis
2552 2064 2654 2122 fuit
2694 2081 2855 2122 causa
2899 2066 3181 2131 interitus,
3216 2064 3359 2136 quod
3397 2078 3581 2120 versa-

1976 2168 2163 2217 rentur
2186 2174 2311 2215 cum
2329 2158 2608 2229 improbis.
2629 2156 2893 2227 Quocirca
2914 2156 3090 2229 legem
3116 2171 3331 2227 quoque
3351 2170 3580 2226 accepe-

1975 2259 2103 2307 runt
2119 2293 2136 2317 ,
2165 2264 2230 2307 ac
2244 2250 2361 2322 lege
2383 2248 2772 2320 separabantur
2795 2245 2867 2303 ab
2892 2247 2993 2311 eis,
3018 2256 3073 2305 et
3109 2246 3438 2317 jubebantur
3482 2259 3580 2303 eo-

1975 2357 2096 2399 rum
2121 2341 2294 2398 vitare
2313 2341 2592 2413 conjugis,
2616 2355 2850 2411 cumque
2876 2349 3005 2397 tunc
3032 2341 3292 2396 exiissent
3311 2340 3382 2396 ab
3410 2337 3579 2411 Egy-

1976 2443 2097 2506 pto,
2122 2434 2471 2506 quadraginta
2512 2435 2667 2490 annis
2694 2433 2921 2490 seorsim
2944 2432 3159 2489 fuerunt
3184 2433 3237 2488 in
3265 2432 3577 2489 solitudine.

1976 2528 2235 2595 Quocirca
2276 2525 2364 2582 lex
2405 2525 2774 2597 appellabatur
2808 2539 2999 2596 sepes,
3041 2524 3185 2595 quod
3224 2539 3321 2580 eos
3347 2525 3583 2597 undique

1977 2616 2370 2681 circumdaret,
2399 2624 2664 2671 eteorum
2692 2613 3141 2671 consuetudinem
3168 2628 3291 2669 cum
3318 2612 3475 2670 malis
3492 2627 3585 2669 co-

1977 2713 2188 2762 erceret
2217 2723 2231 2759 :
2274 2714 2430 2760 erant
2467 2704 2613 2760 enim
2659 2720 2851 2761 eorum
2880 2718 3059 2761 mores
3080 2714 3238 2774 captu
3263 2717 3328 2758 ac
3352 2704 3586 2758 circum-

1979 2799 2183 2869 scripto
2223 2796 2406 2852 faciles
2428 2837 2443 2862 ,
2488 2803 2544 2851 et
2566 2796 2869 2851 mutabiles.
2901 2794 3164 2866 Accipient
3190 2795 3244 2848 in
3263 2793 3486 2849 sanitate
3507 2792 3582 2848 ci-

1979 2891 2156 2945 uitates
2196 2898 2329 2945 tuas.
2374 2888 2526 2945 Alius
2546 2930 2562 2955 ,
2597 2887 2739 2944 Vane
2772 2888 2893 2943 elati
2925 2877 3045 2944 itnt
3070 2886 3238 2943 tentati
3265 2887 3361 2941 tui.
3388 2874 3573 2952 Atius,

1982 2976 2186 3033 Inimici
2227 2979 2320 3033 tui.
2354 2977 2645 3049 Propterea
2676 2977 2812 3049 fugit
2830 2986 2887 3034 et
2910 2977 3121 3044 resilit,
3146 2975 3290 3047 quod
3316 2974 3578 3031 adversus

1983 3071 2076 3126 Dei
2118 3072 2343 3142 gloriam
2393 3070 2520 3126 elati
2567 3078 2726 3133 sunt,
2772 3067 2917 3140 quod
2958 3082 3019 3124 se
3054 3067 3238 3139 inique
3261 3074 3582 3138 gesserunt,

1984 3162 2128 3233 quod
2173 3150 2333 3215 \‘erbu
2381 3158 2692 3231 blasphema
2729 3159 2936 3231 quuuti
2979 3167 3125 3214 sunt.
3166 3157 3260 3213 Si.
3292 3157 3479 3212 Nonne
3501 3157 3589 3228 qui

1984 3256 2197 3310 oderunt
2217 3263 2265 3308 te
2284 3294 2301 3319 ,
2331 3250 2545 3307 Domine
2565 3292 2581 3319 ,
2606 3251 2814 3306 oderam
2831 3292 2848 3319 ,
2864 3240 2918 3305 et
2945 3266 3099 3321 super
3115 3250 3347 3305 inimicos
3368 3260 3483 3304 tuos
3510 3259 3591 3305 trt-

1982 3346 2281 3403 bescebam.’
2303 3344 2391 3399 22.
2422 3342 2657 3414 Perfecto
2685 3341 2804 3397 odio
2829 3341 3037 3397 oderam
3059 3339 3177 3396 ωδε
3207 3359 3228 3397 :
3253 3340 3445 3395 inimici
3463 3339 3591 3410 facti

1986 3446 2102 3493 sunt
2146 3437 2290 3491 mihi.
2336 3435 2409 3491 Ita
2452 3436 2615 3491 etiam
2656 3433 2799 3490 Deus
2842 3432 3113 3504 pollicitus
3137 3440 3222 3489 est
3249 3448 3311 3488 se
3339 3431 3588 3488 hostibus

1986 3529 2195 3585 hostem
2244 3527 2475 3582 futurum
2504 3565 2521 3592 ,
2571 3534 2627 3580 et
2667 3523 2993 3580 adversariis
3044 3523 3278 3578 futurum
3328 3522 3587 3577 adversa-

1989 3623 2148 3679 rium.
2197 3621 2323 3676 Haec
2362 3620 2506 3675 enim
2552 3628 2677 3675 sunt
2718 3618 2952 3673 maxime
2995 3616 3145 3687 signa
3170 3615 3441 3671 amicitim.
3474 3614 3592 3685 ipse

1989 3716 2169 3783 itaque
2200 3712 2309 3767 Deo
2335 3726 2432 3782 per
2453 3719 2739 3781 utrumque
2758 3709 2928 3764 vicem
2951 3706 3143 3764 reddit.
3170 3705 3431 3776 Superius
3446 3706 3592 3762 enim

1988 3807 2157 3873 dixit,
2185 3805 2319 3861 Mihi
2336 3814 2503 3858 autem
2529 3803 2675 3881 ualde
2699 3801 2931 3856 honorati
2954 3809 3073 3857 sunt
3092 3800 3246 3854 amici
3274 3801 3348 3854 tui
3364 3840 3381 3865 ,
3417 3795 3595 3864 Deus;

1997 3898 2079 3953 ‘tic
2108 3906 2327 3963 autem,
2362 3895 2465 3949 Eos
2482 3894 2570 3965 qui
2589 3904 2637 3947 te
2655 3893 2869 3947 oderunt
2892 3891 2979 3947 odi
3001 3907 3020 3946 :
3043 3891 3148 3947 illic
3168 3905 3331 3961 supra
3353 3889 3591 3956 modum,

1992 4000 2047 4047 et
2093 3991 2179 4047 hic
2206 4004 2417 4061 quoque
2443 4002 2605 4058 supra
2635 3986 2875 4041 modum.
2902 3984 3023 4041 Non
3051 3984 3225 4039 solum
3250 3970 3395 4040 enim
3422 3981 3592 4049 dicit,

1996 4082 2238 4147 Oderam,
2267 4080 2361 4136 sed
2390 4079 2573 4143 etiam,
2604 4074 2941 4131 Tabescebam
2962 4116 2977 4129 .
3000 4074 3093 4130 25.
3115 4073 3289 4129 Proba
3310 4089 3408 4139 me,
3435 4071 3594 4136 Deus,

1993 4185 2041 4229 et
2073 4174 2198 4228 scito
2240 4186 2328 4225 cor
2365 4185 2550 4224 meum.
2594 4164 2866 4241 Interroga
2900 4182 3013 4230 me,
3047 4174 3094 4220 et
3119 4180 3366 4236 cognosce
3387 4163 3596 4218 semitas

1994 4281 2132 4319 meas
2173 4278 2192 4318 :
2229 4262 2318 4317 Ἡ.
2352 4271 2397 4315 et
2421 4260 2533 4315 uide
2555 4259 2598 4314 si
2622 4259 2703 4314 uia
2726 4257 3008 4327 iniquitatis
3035 4256 3088 4311 in
3115 4272 3196 4310 me
3219 4264 3329 4322 est,
3359 4263 3409 4308 et
3433 4254 3600 4308 deduc

1994 4371 2076 4409 me
2113 4354 2168 4408 in
2210 4353 2290 4406 uia
2325 4348 2737 4423 caterua.\Atqui
2772 4347 2907 4403 dixit
2940 4348 2994 4402 in
3020 4344 3284 4417 principio
3316 4363 3330 4400 :
3361 4343 3601 4403 Probasu'

1998 4458 2079 4497 me
2096 4485 2111 4512 ,
2148 4452 2195 4497 et
2222 4442 2497 4513 cognovisti
2519 4455 2617 4494 me.
2646 4436 2729 4494 Tu
2758 4438 3034 4509 cognouisti
3062 4436 3334 4505 sessionem
3358 4452 3523 4492 meam
3551 4445 3601 4492 et

1998 4533 2409 4588 resurrectionem
2450 4546 2633 4585 meant.
2679 4527 2985 4584 Intellexisti
3018 4528 3347 4599 cogitationes
3373 4543 3510 4582 nteas
3537 4526 3601 4583 de

2001 4624 2151 4696 longe
2187 4639 2207 4678 :
2244 4623 2472 4678 sentitam
2498 4637 2659 4675 meam
2688 4628 2735 4675 et
2764 4619 3048 4691 funiculum
3078 4634 3243 4682 meum
3266 4617 3598 4690 inuestigasti.

1999 4713 2069 4769 Et
2089 4730 2260 4769 omnes
2284 4715 2390 4767 uias
2417 4711 2709 4784 prmidisti.
2737 4709 2813 4765 Tu
2831 4710 3110 4782 cognouisti
3137 4710 3309 4764 omnia
3330 4709 3603 4765 novissima

2002 4816 2050 4861 et
2078 4805 2303 4874 antiqua.
2332 4802 2615 4871 QuomOdo
2643 4817 2773 4872 ergo
2800 4801 2889 4857 hic
2915 4814 3104 4857 rursus
3131 4801 3297 4868 dicit,
3328 4806 3601 4871 tantt‘juam

2004 4895 2238 4949 nondum
2267 4894 2522 4964 probatus
2546 4933 2561 4958 ,
2594 4890 2765 4946 Proba
2793 4908 2872 4945 me
2891 4890 2918 4945 Ρ
2947 4890 3110 4947 Vides
3134 4889 3406 4962 quomodo
3437 4891 3605 4945 utitur

2004 4985 2252 5040 humanis
2278 4982 2601 5039 dictionibus
2619 5023 2635 5050 ,
2669 4997 2775 5037 non
2798 4992 2853 5037 ut
2876 4981 2932 5037 in
2952 4995 3015 5037 ea
3036 4982 3241 5036 vilitate
3264 4995 3602 5044 maneamus,

2005 5076 2100 5133 sed
2142 5087 2199 5132 ut
2225 5090 2355 5131 cum
2375 5076 2484 5131 Deo
2511 5074 2728 5145 dignam
2756 5073 3134 5143 cogitationem
3160 5088 3260 5145 per
3283 5073 3462 5128 omnia
3490 5072 3607 5127 eol-

2004 5168 2325 5241 Icgerimus,
2369 5167 2438 5223 ad
2488 5167 2649 5222 altam
2695 5166 3122 5222 conscendamus
3171 5164 3603 5235 intelligentiam.

2006 5259 2145 5316 Petit
2187 5260 2328 5315 enim
2365 5269 2427 5315 ut
2467 5261 2722 5330 probetur
2760 5265 2817 5313 et
2857 5256 3224 5325 examinator,
3264 5270 3373 5311 non
3404 5264 3464 5309 ut
3488 5254 3605 5325 ejus

2007 5366 2101 5406 cor
2147 5358 2464 5420 cognoscat,
2513 5348 2607 5420 qui
2658 5356 2784 5404 ante
2825 5349 3002 5403 omnia
3034 5350 3213 5414 novit,
3242 5348 3403 5403 etiam
3432 5347 3607 5415 priuso

2007 5457 2165 5509 quam
2210 5442 2574 5513 gignerentur,
2597 5438 2691 5495 sed
2733 5448 2791 5495 ut
2828 5454 2927 5495 nos
2966 5453 3351 5511 cognoscamus
3373 5480 3387 5500 ,
3419 5437 3509 5508 qui
3539 5452 3606 5493 ex

2006 5548 2184 5588 rerum
2216 5532 2360 5586 exitu
2402 5530 2680 5586 discimus.
2724 5530 2836 5585 lloc
2870 5531 3011 5587 enim
3053 5530 3155 5585 sibi
3182 5531 3292 5584 vult
3322 5530 3408 5586 hic
3436 5529 3562 5585 illud
3586 5569 3604 5596 ,

2070 5667 2143 5789 (αξ
2174 5672 2285 5715 Haec
2306 5665 2425 5715 item
2452 5663 2798 5727 interpretatio
2818 5670 2896 5714 est
2915 5660 3196 5727 Symmachi.

2070 5728 2121 5789 (ὑ
2177 5734 2288 5775 Haec
2308 5737 2507 5789 quoque
2532 5724 2877 5788 interpretatio
2894 5731 2972 5774 est
2986 5730 3196 5787 Symmac

2009 5722 2507 5851 leg!!!)mt‘titﬁfequoque
2532 5722 2877 5788 iuierpretatlo
2894 5722 2972 5774 est
2986 5722 3270 5787 Symmachi.
3286 5730 3507 5787 Sequens
3521 5735 3601 5773 au-
