4222 6436
710 424 774 482 Η

712 422 819 485 us
1389 422 1448 470 δ.
1487 422 1763 470 summa
1796 422 2266 467 υιιιηωδτυειι

712 536 881 613 Proba
905 548 1001 601 me.
1034 529 1240 587 Etside
1264 523 1790 597 st'sioittiqltitatisin
1815 538 1895 579 nte
1919 521 2280 588 est,etdeduc

706 623 1221 687 minutiam.

786 712 889 773 Via.
920 721 1106 768 eterna
1140 686 1457 765 viduitatis.
1480 691 1831 772 L-Qumuaut
1880 708 1964 757 est
1988 707 2168 756 autem
2194 699 2279 755 via

707 815 906 861 aeterna
928 844 945 864 .
986 800 1085 873 nisi
1128 796 1416 868 spiritualis
1433 834 1455 861 ,
1488 804 1543 850 et
1578 808 1698 863 qua:
1720 792 1867 848 ducit
1885 790 1939 847 in
1963 800 2153 847 catum
2180 830 2198 855 ,
2225 798 2281 845 et

708 893 855 964 cujus
899 906 1002 947 non
1031 899 1112 946 est
1138 887 1304 944 linis?
1330 887 1445 943 Alia
1470 886 1612 941 enim
1643 883 1821 937 omnia
1849 888 1974 937 sunt
2001 881 2199 937 caduca
2226 890 2282 936 et

710 968 1075 1038 momentanea
1100 1022 1115 1046 ,
1162 990 1217 1035 et
1264 979 1369 1033 vita
1408 976 1655 1047 praesenti
1700 972 2106 1030 concluduntur.
2135 975 2279 1040 Quo~

705 1090 845 1133 circa
881 1072 1125 1129 omnibus
1152 1070 1519 1142 praetermissis
1538 1067 1688 1137 illam
1716 1062 1909 1137 quaerit
1932 1080 2050 1135 qua:
2078 1071 2159 1119 est
2182 1062 2281 1117 im-

707 1163 977 1228 mortalia,
1022 1176 1159 1231 quae.
1182 1168 1263 1215 est
1307 1157 1640 1215 interminata
1666 1195 1684 1223 ,
1727 1170 1847 1227 quas
1883 1154 1951 1209 ad
1990 1153 2146 1209 ﬁnem
2171 1164 2278 1207 non

708 1254 961 1323 pervenit.
998 1246 1284 1319 Quomodo
1319 1257 1500 1303 autem
1537 1246 1828 1304 deducetur
1850 1244 1970 1314 quis
1994 1243 2059 1297 ad
2084 1242 2229 1297 illam
2252 1238 2279 1294 ἳ

702 1344 759 1399 Si
801 1343 897 1399 Dei
947 1342 1142 1405 auxilio
1171 1340 1406 1404 iuratur,
1433 1349 1484 1393 et
1515 1353 1578 1393 ea
1604 1352 1721 1404 quae
1744 1351 1839 1391 sua
1860 1343 1983 1389 sunt
2006 1332 2280 1399 conferat,

705 1434 949 1491 virtutem
992 1441 1341 1501 persequens,
1392 1425 1735 1497 philosOphia:
1763 1424 2007 1489 deditus,
2037 1433 2093 1479 et
2119 1423 2283 1478 rebus

710 1535 829 1591 qua:
874 1518 940 1573 ad
988 1518 1126 1573 hanc
1168 1517 1326 1571 vitam
1373 1506 1636 1584 pertinent
1658 1553 1673 1578 ,
1722 1512 1986 1567 excelsior
2033 1510 2279 1565 eﬂectus.

701 1611 853 1677 Quae
876 1610 1017 1666 enim
1062 1607 1131 1663 ad
1175 1606 1322 1661 illam
1347 1606 1507 1659 vitam
1534 1603 1831 1673 pertinent,
1860 1616 1969 1655 non
1991 1610 2117 1655 sunt
2135 1598 2278 1654 ﬂuxa

700 1708 760 1753 et
794 1707 1183 1755 momentanea.
1219 1695 1396 1753 Virtus
1434 1708 1660 1763 namque
1688 1693 1809 1748 talis
1832 1702 1915 1747 est
1942 1710 1958 1745 :
1987 1691 2144 1746 habet
2168 1692 2282 1757 fru-v

699 1788 919 1857 ctusqui
949 1796 1203 1856 perpetuo
1231 1784 1445 1849 ﬂorent,
1464 1794 1520 1839 ει
1545 1798 1830 1852 numquam
1857 1782 2195 1846 ﬂaccescunt,
2220 1792 2277 1837 et

700 1856 837 1933 bona
854 1856 1190 1945 immortalia
1217 1891 1249 1931 a
1277 1878 1381 1932 line
1404 1876 1548 1931 etab
1573 1876 1787 1931 interitu
1820 1879 2035 1929 omnino
2054 1874 2226 1929 aliena
2254 1892 2269 1929 :

700 1984 818 2037 qua:
858 1966 1015 2022 detur
1052 1966 1211 2023 nobis
1254 1964 1498 2020 omnibus
1536 1964 1822 2032 consequi,
1851 1965 2018 2033 gratia
2044 1973 2100 2018 ει
2123 1963 2274 2017 beni-

614 2124 617 2129 ν
699 2056 901 2127 guitate
940 2055 1143 2110 Domini
1184 2053 1351 2109 nostri
1375 2052 1505 2109 Iesu
1528 2051 1874 2117 Christi,'cui
1900 2051 2064 2122 gloria
2090 2060 2144 2111 et
2168 2053 2274 2107 im-

698 2146 905 2216 perium
927 2184 945 2212 ,
990 2158 1133 2200 nunc
1172 2151 1228 2199 et
1263 2157 1477 2214 semper
1500 2181 1523 2209 ,
1558 2150 1615 2197 et
1638 2142 1690 2196 in
1716 2141 1908 2197 saecula
1933 2142 2275 2198 saculormn.

697 2235 893 2292 Amen.

1118 2362 1189 2419 IN
1212 2360 1527 2419 PSAL‘MUII
1555 2362 1842 2419 CXXXIX.

698 2474 754 2530 ι.
797 2470 953 2545 Eripe
988 2489 1096 2542 me,
1132 2468 1376 2535 Domine.
1402 2472 1466 2526 ab
1487 2472 1842 2528 homineman
1868 2490 1884 2528 :
1911 2490 1946 2528 a
1972 2473 2270 2548 circinique

1353 2564 1488 2631 eripe
1512 2579 1611 2617 me.

770 2671 821 2733 l.
859 2669 1099 2725 Voluntas
1126 2672 1264 2725 maia
1298 2672 1547 2739 hominem
1589 2674 1809 2745 peiorem
1836 2675 1959 2746 facit
1992 2676 2148 2746 feris;
2173 2677 2269 2732 Ito—

698 2760 820 2815 tttitti
860 2761 1067 2813 nomium
1085 2760 1215 2815 nihil
1235 2771 1416 2831 preter
1434 2772 1727 2831 peccatum;
1757 2764 1904 2819 homo
1932 2766 2138 2820 vitiosus
2161 2769 2268 2838 fera

696 2849 989 2918 improbior.
1016 2880 1090 2891 ——
1117 2851 1216 2905 Ubi
1253 2867 1392 2905 nunc
1430 2862 1554 2907 sunt
1577 2854 1666 2922 qui
1692 2854 1875 2909 dicunt
1899 2895 1914 2920 ,
1945 2856 2120 2923 Quare
2142 2864 2272 2912 sunt

696 2941 859 2997 iam?
900 2956 1068 3012 quare
1103 2944 1334 3012 scorpii?
1374 2958 1540 3014 quare
1586 2945 1821 3014 viperae?
1846 2945 2154 3003 Ecce'enim
2181 2950 2267 3003 in-

696 3043 910 3087 ventum
953 3040 1036 3088 est
1080 3034 1311 3099 animal,
1353 3034 1493 3104 quod
1520 3036 1775 3104 majorem
1802 3037 2037 3092 ostendit
2065 3038 2269 3107 impro-

696 3122 911 3180 bitatem
932 3166 949 3191 ,
990 3139 1109 3191 non,
1127 3140 1194 3179 ex
1222 3136 1406 3180 natura
1424 3165 1442 3190 ,
1483 3128 1577 3181 sed
1607 3143 1673 3182 ex
1702 3127 1866 3182 libera
1893 3129 2060 3183 animi
2084 3129 2270 3185 volun-

695 3221 838 3280 tate,
869 3228 1058 3283 nempe
1086 3214 1266 3270 homo.
1296 3208 1423 3275 ideo
1441 3212 1703 3283 propheta
1740 3232 1952 3288 quoque
1974 3218 2077 3273 iliis
2096 3221 2268 3275 omni-

702 3287 804 3359 bus
853 3303 1256 3374 praetermissis,
1304 3311 1457 3373 rogat
1503 3314 1560 3357 ut
1601 3303 1669 3357 ab
1702 3316 1771 3361 eo
1806 3302 2090 3363 liberatur.
2130 3307 2268 3377 Quid

698 3390 859 3465 ergo,
899 3395 985 3449 dic
1035 3394 1197 3461 mihi,
1233 3409 1454 3465 quasso,
1492 3396 1742 3465 quoniam
1786 3396 1833 3452 is
1874 3397 1993 3451 talis
2013 3408 2131 3464 est,
2160 3411 2267 3455 non

700 3485 933 3557 oportuit
969 3484 1109 3555 gigni
1151 3483 1430 3540 homines?
1471 3483 1578 3540 Sed
1616 3496 1870 3541 extremae
1910 3495 1993 3543 est
2023 3490 2268 3545 amentia

694 3572 797 3641 hoc
838 3574 1046 3629 discere
1088 3590 1101 3627 :
1147 3573 1277 3628 nihil
1322 3575 1461 3630 enim
1492 3584 1574 3630 est
1598 3576 1739 3646 quod
1766 3576 1924 3631 laedat
1951 3576 2223 3634 hominem
2247 3619 2266 3646 ,
2299 3588 2303 3592 ‘

692 3662 794 3717 nisi
822 3662 995 3717 solum
1025 3674 1301 3733 peccatum
1335 3679 1349 3717 :
1379 3678 1445 3723 eo
1468 3675 1645 3719 autem
1669 3666 1878 3722 sublato
1899 3707 1915 3731 ,
1942 3669 2120 3723 omnia
2144 3681 2269 3724 sunt

690 3750 863 3809 {acilia
886 3793 902 3817 ,
946 3754 1224 3824 expedita,
1267 3769 1331 3811 ac
1359 3757 1635 3827 tranquilla
1667 3773 1683 3811 :
1709 3758 2153 3829 quemadmodum
2174 3802 2189 3825 ,
2221 3762 2268 3816 si

689 3843 745 3900 id
788 3845 955 3912 adsit,
982 3855 1104 3901 sunt
1130 3846 1307 3901 omnia
1337 3849 1539 3917 scopuli
1560 3889 1577 3914 ,
1599 3858 1942 3919 tempestates
1968 3862 2024 3907 et
2048 3852 2265 3907 naufra-

691 3935 795 4003 gia.
836 3934 1003 3989 Nemo
1044 3946 1222 3993 autem
1266 3950 1363 3991 nos
1391 3939 1741 4016 condemnet,
1768 3941 1813 3995 si
1842 3940 2078 3997 dicamus
2105 3942 2266 3998 vitio-

692 4038 810 4078 sum
852 4024 1119 4078 hominem
1163 4040 1283 4081 esse
1308 4025 1420 4080 fera
1450 4027 1827 4097 improbiorem
1856 4046 1871 4083 :
1902 4046 1963 4085 ea
1989 4032 2132 4087 enim
2163 4034 2265 4089 etsi

699 4116 990 4193 naturalem
1031 4131 1138 4171 non
1183 4116 1341 4172 habet
1367 4120 1825 4177 mansuetudinem
1848 4162 1863 4187 ,
1893 4131 2065 4191 potest
2090 4132 2266 4181 tamen

692 4196 850 4271 facile
891 4204 1062 4276 decipi
1086 4248 1102 4272 ,
1146 4215 1200 4261 et
1244 4207 1297 4262 id
1338 4209 1479 4277 quod
1513 4221 1630 4279 est,
1661 4226 1779 4267 esse
1803 4213 2078 4270 cernitur:
2106 4217 2267 4273 homo

690 4304 869 4351 autem
912 4312 1001 4365 qut
1044 4298 1221 4353 scelus
1263 4292 1549 4361 meditatur
1586 4343 1601 4367 ,
1625 4310 1682 4357 et
1706 4303 1888 4359 multis
1912 4319 1971 4361 se
1995 4306 2154 4363 larvis
2179 4309 2265 4363 in-

690 4384 851 4451 duit,
896 4386 1053 4456 longe
1094 4386 1361 4443 difﬁcilius
1407 4389 1719 4450 observatur
1757 4401 1811 4447 et
1855 4405 2069 4451 cavetur
2109 4412 2267 4466 quam

695 4473 857 4541 ferar
883 4484 939 4529 ut
982 4477 1073 4547 qui
1115 4478 1231 4534 ovis
1275 4478 1469 4547 pellem
1499 4495 1644 4550 saepe
1671 4497 1780 4551 pne
1806 4498 1867 4538 se
1896 4485 2268 4560 ferat,,lupum

690 4572 869 4621 autem
894 4564 1034 4621 intus
1056 4566 1279 4621 occultet
1310 4584 1325 4619 :
1354 4576 1409 4623 et
1428 4568 1552 4624 ideo
1568 4572 1742 4639 multi,
1766 4571 1891 4627 dum
1922 4589 2027 4630 non
2051 4588 2265 4645 cavent,

695 4651 751 4709 in
799 4654 1059 4721 ejusmodi
1111 4653 1383 4711 hominum
1442 4657 1661 4731 laqueos
1706 4661 1961 4718 incidunt.
2008 4664 2267 4732 Quoniam

660 4790 669 4805 ,
693 4754 824 4813 ergo
849 4756 955 4796 non
978 4741 1132 4797 facile
1155 4743 1478 4817 deprehendi
1517 4761 1739 4818 possunt
1766 4752 2027 4819 ejusmodi
2053 4754 2266 4824 bestiaa,

693 4831 950 4903 prepheta
990 4832 1059 4888 ad
1086 4848 1273 4904 preces
1300 4840 1626 4892 convertitur
1648 4879 1663 4904 ,
1695 4850 1749 4894 et
1778 4841 1870 4896 Dei
1897 4842 2145 4911 implorat
2168 4861 2266 4898 au-

691 4922 876 4978 xilium
897 4963 914 4988 ,
942 4932 997 4976 ut
1025 4939 1053 4977 a
1081 4924 1271 4979 talibus
1298 4926 1553 4982 liberetur
1579 4927 1802 4985 insidiis.
1830 4931 2101 5001 Ejusmodi
2126 4935 2268 4989 enim

694 5010 935 5067 homines
963 5026 1104 5083 smpe
1131 5013 1281 5069 subit
1295 5015 1567 5081 diabolus,
1602 5026 1655 5073 et
1682 5019 1753 5073 ita
1782 5019 1923 5074 ferit.
1954 5022 2111 5076 Multa
2138 5038 2265 5093 ergo

692 5111 817 5158 sunt
836 5142 853 5169 ,
882 5118 998 5171 quas
1026 5100 1247 5160 tendunt
1272 5107 1501 5177 undique
1530 5109 1767 5164 insidias.
1799 5111 1931 5166 Nam
1959 5115 2119 5167 homo
2145 5130 2266 5170 sce-

693 5193 891 5248 leratus
933 5194 1032 5250 hoc
1077 5194 1231 5257 facit,
1261 5208 1313 5253 et
1342 5214 1512 5254 smvus
1536 5201 1743 5256 daemon
1775 5205 1973 5259 bellum
2003 5208 2177 5276 gerit,
2208 5221 2264 5267 et

692 5281 1022 5339 intoleranda
1053 5289 1273 5342 tentatio
1302 5290 1597 5345 molestiam
1620 5294 1854 5349 exhibet.
1879 5296 2142 5363 Quocirca
2168 5299 2264 5353 do-

691 5389 875 5430 cemur
896 5369 1107 5431 orantes
1134 5379 1309 5433 dicere
1328 5421 1343 5443 ,
1378 5378 1459 5433 Ne
1487 5397 1576 5434 nos
1600 5382 1808 5437 inducas
1834 5386 1883 5437 in
1919 5389 2261 5456 Imitationem,

690 5465 780 5519 sed
806 5466 961 5523 libera
987 5484 1075 5522 nos
1104 5479 1136 5521 α
1168 5471 1298 5523 male
1331 5471 1541 5539 (Matii.
1575 5477 1628 5527 6.
1663 5476 1771 5542 l3).
1805 5475 1980 5531 Varia:
2012 5489 2136 5532 sunt
2166 5495 2262 5549 pu—

689 5570 809 5621 gna:
827 5596 843 5620 ,
868 5558 1113 5628 aciesque
1133 5560 1463 5630 multiplices.
1496 5573 1550 5616 et
1578 5574 1788 5631 oportet
1812 5580 1930 5619 esse
1958 5578 2168 5635 paratos
2190 5571 2257 5623 ad

693 5648 891 5700 unmia.
936 5648 1084 5704 Sicut
1127 5650 1264 5721 enim
1303 5650 1389 5719 qui
1431 5651 1497 5705 ad
1541 5668 1686 5708 mare
1717 5668 1797 5708 εει
1825 5670 2177 5724 accessurus,
2209 5669 2263 5714 et

700 5749 960 5803 aquarum
983 5734 1332 5795 violentarutu
1354 5734 1636 5813 impetum,
1671 5743 1776 5799 vim
1806 5745 2112 5803 immanium
2134 5764 2262 5806 ven-

1389 412 1448 470 8.
1487 409 1763 470 JOANNIS
1796 406 2266 467 εειιιῖεοετοιιι
2302 404 2618 466 ARCHIEP.
2657 400 3192 462 CONSTANTINOP.

3864 402 3980 460 ιω

2390 529 2596 585 torum,
2643 516 2865 573 nubium
2907 528 3226 573 concursum
3249 554 3270 581 ,
3316 527 3583 585 rupesque
3619 522 3677 570 et
3715 515 3974 585 scopulos

2385 607 2648 673 marinos,
2670 606 2965 663 belluarum
2990 604 3364 675 irruptiouem,
3390 603 3677 673 piratarum
3705 603 3975 662 incursio-

2383 713 2537 763 nem,
2582 698 2808 764 iamem,
2853 696 2997 751 sitim
3019 735 3035 761 ,
3070 694 3354 752 stationem
3382 708 3489 751 non
3517 696 3649 750 satis
3675 703 3842 751 tutam
3870 710 3970 750 na-

2384 790 2576 855 vibus,
2602 794 2881 844 nautarum
2908 787 3359 857 contemptionem
3376 826 3393 851 ,
3422 786 3600 842 viatici
3623 785 3889 856 inopiam,
3912 795 3978 843 et

2383 893 2730 949 quumque
2780 885 2909 932 sunt
2936 875 3218 949 ejusmodi
3238 916 3255 943 .
3301 874 3461 933 debet
3510 876 3851 932 considerare
3898 890 3975 931 ac

2384 969 2732 1039 prospicere,
2773 975 2831 1023 et
2873 966 3129 1023 adversus
3165 981 3230 1022 ea
3256 967 3432 1022 omnia
3456 956 3627 1023 aciem
3652 966 3918 1022 instruere
3954 986 3971 1022 :

2383 1057 2456 1112 ita
2481 1058 2641 1113 etiam
2664 1057 2755 1126 qui
2780 1056 2925 1110 venit
2950 1053 3004 1110 in
3028 1054 3272 1124 euripum
3295 1055 3417 1127 vitae
3446 1055 3744 1125 praemis,
3768 1055 3970 1111 adrer-

2382 1163 2476 1205 sus
2502 1148 2745 1218 corporis
2767 1146 3077 1203 aﬂectiones
3090 1187 3107 1213 ,
3137 1146 3396 1204 adversus
3412 1147 3633 1203 morbos
3650 1148 3849 1215 animi,
3867 1148 3975 1207 ad-

2380 1251 2568 1293 versus
2610 1236 2891 1292 hominum
2929 1237 3147 1293 insidias
3168 1277 3185 1302 ,
3224 1237 3482 1294 adversus
3518 1228 3850 1299 iuimicomm
3874 1238 3972 1296 in-

2378 1340 2565 1383 cursus
2586 1364 2603 1391 ,
2652 1332 2838 1381 contra
2885 1325 3130 1382 ﬂctorum
3172 1326 3465 1383 amicorum
3498 1327 3746 1395 fraudes,
3775 1338 3973 1388 contra

2382 1425 2747 1488 paupertatem
2786 1431 2849 1470 ac
2890 1426 3150 1487 tormenta
3169 1457 3190 1484 ,
3214 1417 3470 1473 adversus
3498 1412 3971 1489 conmmelias,"et

2379 1506 2682 1562 damonum
2725 1506 3011 1575 phalanges
3048 1506 3353 1578 diabolique
3378 1508 3612 1567 furorem
3625 1549 3653 1574 π,
3673 1524 3769 1578 par
3790 1522 3873 1566 est
3899 1520 3973 1568 ut

2378 1610 2439 1652 se
2478 1605 2761 1666 praeparet,
2793 1596 2840 1651 si
2866 1597 3080 1666 quidem
3112 1597 3183 1652 sit
3210 1598 3263 1652 in
3294 1598 3475 1653 urbem
3504 1598 3702 1669 regiam
3728 1614 3968 1669 pervcn-

2378 1695 2529 1741 turus
2551 1727 2568 1751 ,
2596 1695 2653 1741 et
2680 1688 2949 1743 mercibus
2975 1696 3195 1743 onustus
3213 1688 3269 1743 in
3296 1699 3503 1758 portum
3530 1691 3873 1759 appulsurus.

2449 1774 2691 1831 Diabolus
2724 1762 2950 1831 absolute
2986 1778 3150 1832 malus
3173 1793 3195 1842 ;
3234 1779 3398 1833 malus
3436 1777 3531 1833 sibi
3553 1778 3652 1849 ipsi
3671 1778 3769 1834 soli
3795 1788 3967 1834 noces.

2375 1894 2443 1904 —
2466 1866 2638 1934 Atque
2664 1864 2751 1919 hic
2776 1865 2993 1935 quidem
3016 1875 3172 1921 vocat
3194 1867 3395 1922 malum
3416 1866 3683 1923 hominem
3707 1885 3722 1921 :
3745 1868 3967 1939 quando

2377 1963 2556 2009 autem
2606 1953 2839 2023 loquitur
2882 1953 2953 2011 de
2998 1954 3245 2021 diabolo,
3293 1956 3537 2012 absolute
3579 1957 3709 2012 dicit
3735 1958 3964 2013 malum.

2374 2044 2613 2112 Quanam
2652 2044 2719 2100 de
2746 2045 2948 2101 causa?
2976 2046 3237 2113 Quoniam
3266 2045 3381 2115 ipse
3406 2055 3488 2102 est
3519 2056 3670 2115 pater
3694 2046 3961 2117 improbi-

2378 2134 2538 2188 tatis:
2569 2143 2625 2189 et
2652 2134 2773 2190 ideo
2798 2134 2994 2191 dicitur
3016 2134 3187 2190 malus
3214 2149 3309 2205 per
3334 2135 3705 2191 excellentiam
3728 2177 3744 2202 ,
3777 2147 3832 2193 et
3860 2152 3967 2207 pro

2373 2226 2590 2281 nomine
2640 2226 2860 2295 proprio
2902 2225 3096 2282 sufﬁcit
3136 2224 3451 2295 adjectivum
3496 2236 3713 2295 propter
3750 2227 3966 2298 insigne

2372 2315 2559 2377 vitium
2580 2357 2597 2381 ,
2641 2315 2781 2385 quod
2805 2316 3019 2386 quidem
3049 2331 3156 2372 non
3181 2326 3266 2373 est
3286 2316 3501 2372 insitum
3528 2327 3714 2372 natura
3732 2356 3752 2385 ,
3781 2318 3875 2373 sed
3898 2317 3963 2374 ei

2372 2406 2614 2461 accessit.
2643 2394 2796 2473 Quod
2824 2406 2870 2460 si
2898 2405 3057 2461 etiam
3083 2405 3222 2463 scire
3253 2406 3388 2462 velis
3412 2406 3555 2461 unde
3575 2407 3646 2461 sit
3668 2406 3959 2463 deductum

2372 2512 2567 2551 nomen
2612 2495 3001 2565 improbitatis,
3046 2512 3290 2567 magnum
3318 2512 3530 2568 quoque
3566 2498 3691 2552 hinc
3720 2499 3957 2555 fructum

2366 2585 2656 2654 percipies.
2700 2584 3015 2656 lmprobitas
3053 2586 3195 2643 enim
3240 2585 3426 2644 Graece
3448 2588 3589 2644 dicta
3612 2598 3696 2644 est
3721 2603 3957 2662 πονηρία,

2369 2688 2438 2729 eo
2476 2673 2618 2753 quod
2664 2683 2833 2740 πόνον,
2875 2676 2976 2730 hoc
3016 2684 3134 2741 est,
3163 2678 3395 2732 laborem
3421 2687 3478 2733 et
3505 2694 3793 2735 aerumnam
3824 2696 3958 2752 pos-

2372 2768 2571 2824 sessori
2612 2768 2817 2825 aﬂerat.
2845 2768 3104 2837 Quocirca
3132 2768 3345 2839 quidam
3374 2772 3589 2838 sapiens
3616 2770 3718 2827 hoc
3745 2772 3962 2843 signiti-

2369 2871 2498 2913 cans
2539 2858 2669 2914 dicit
2698 2877 2712 2912 :
2745 2858 2809 2916 Si
2834 2860 2904 2913 sis
2929 2859 3119 2923 malus,
3150 2858 3286 2912 solus
3313 2860 3512 2915 ham-iss
3538 2862 3674 2915 mia
3705 2877 3723 2914 :
3751 2863 3833 2916 sin
3857 2861 3956 2917 bo—

2369 2964 2464 3004 nus
2481 2988 2497 3013 ,
2522 2950 2610 3003 tibi
2633 2950 2733 3017 ipsi
2749 2958 2896 3019 atque
2918 2950 3017 3003 tuis
3032 2949 3279 3019 proximis
3298 2948 3478 3019 (Prov.
3510 2950 3563 3006 9.
3594 2950 3708 3024 12).
3733 2953 3796 3007 ΕΙ.
3815 2968 3959 3023 quo-

2370 3037 2531 3093 modo
2554 3078 2570 3103 ,
2592 3038 2733 3095 dicet
2760 3040 3046 3109 quispiam,
3072 3039 3249 3094 malus
3273 3040 3421 3095 solus
3449 3038 3588 3096 mala
3616 3041 3830 3100 haurit?
3854 3046 3957 3099 At-

2372 3130 2465 3199 qui
2506 3128 2698 3183 multos
2742 3125 2949 3199 probris
2993 3138 3047 3184 et
3075 3128 3413 3185 contumeliis
3435 3128 3619 3187 afﬁcit.
3650 3131 3754 3187 Sed
3778 3133 3956 3187 nemi-

2370 3232 2493 3274 nem
2535 3214 2679 3273 laedit
2703 3218 2851 3289 ,-qui
2892 3233 2999 3274 non
3034 3220 3103 3275 sit
3126 3214 3302 3275 mollis
3323 3260 3344 3289 ,
3368 3219 3587 3291 ignavus
3614 3230 3669 3277 et
3696 3222 3857 3279 iners.
3884 3222 3959 3281 Et

2370 3309 2415 3363 si
2443 3308 2574 3364 velis
2595 3350 2610 3375 ,
2639 3309 2781 3364 malo
2806 3308 3022 3364 homine
3046 3308 3266 3366 dimisso
3282 3352 3298 3377 ,
3332 3310 3505 3381 ipsum
3533 3313 3731 3369 malum
3754 3313 3958 3371 damo-

2371 3414 2494 3455 nem
2538 3400 2597 3454 in
2619 3400 2853 3456 medium
2881 3400 3224 3457 adducamus.
3255 3402 3350 3457 Dic
3375 3404 3510 3459 mihi
3540 3416 3749 3475 autem,
3773 3420 3956 3464 annon

2369 3504 2582 3545 omnem
2619 3504 2770 3545 suam
2809 3489 2997 3546 eﬂ‘udit
3040 3492 3475 3563 improbitatem?
3498 3511 3625 3551 num
3652 3497 3788 3552 laesit
3810 3497 3956 3555 Job!

2370 3593 2548 3635 annon
2589 3579 2738 3635 illum
2775 3581 2989 3651 quidem
3027 3582 3261 3638 reddidit
3298 3584 3577 3640 clariorem
3597 3627 3613 3652 ,
3645 3588 3745 3642 sibi
3769 3598 3951 3646 autem

2369 3671 2668 3740 graviorem
2693 3671 2897 3742 lapsum
2918 3675 3263 3743 procuravit?
3285 3675 3422 3743 Quid
3443 3691 3569 3734 vero
3591 3678 3749 3735 Cain!
3774 3694 3961 3741 annon

2370 3758 2516 3815 solus
2560 3762 2699 3817 mala
2743 3763 2957 3819 hausit?
3005 3764 3403 3837 Nonhinquit,
3454 3768 3549 3824 sed
3593 3772 3754 3826 etiam
3792 3771 3954 3828 Abel.

2371 3850 2647 3919 Quomodo
2669 3893 2686 3921 ,
2717 3863 2773 3908 et
2796 3869 2899 3924 qua
2928 3855 3171 3909 ratione?
3191 3856 3323 3922 Quia
3348 3858 3592 3915 celeriter
3611 3861 3956 3920 transmissus

2371 3948 2455 3996 est
2495 3945 2549 3997 in
2594 3952 2803 4011 portum
2845 3944 3007 3999 nullis
3032 3945 3278 4001 ﬂuctibus
3302 3948 3579 4016 agitatum.
3606 3948 3713 4006 Sed
3740 3949 3843 4007 hoc
3869 3961 3957 4009 est

2371 4032 2657 4087 maximum
2698 4047 2869 4103 genus
2908 4034 3186 4104 beneﬁcii,
3217 4036 3359 4107 quod
3399 4053 3461 4094 re
3485 4054 3517 4094 a
3544 4054 3606 4096 se
3637 4050 3782 4097 recte
3805 4051 3955 4113 gesta

2371 4123 2561 4179 obierit
2578 4164 2594 4189 ,
2624 4124 2765 4193 quod
2792 4126 2847 4180 in
2874 4128 3147 4183 communi
3177 4139 3380 4186 natura:
3402 4130 3583 4188 debito
3603 4133 3767 4203 probe
3785 4150 3954 4206 nego-

2372 4212 2532 4269 tiatus
2574 4214 2661 4268 sit.
2692 4213 2824 4269 Nam
2850 4217 2995 4286 quod
3022 4228 3139 4274 erat
3166 4220 3285 4276 aliis
3309 4236 3624 4289 commune,
3650 4235 3708 4281 et
3732 4228 3952 4283 accide-

2371 4304 2459 4359 bat
2484 4319 2550 4358 ει
2580 4306 2932 4371 necessitate,
2962 4306 3065 4363 hoc
3092 4310 3141 4364 ei
3166 4323 3285 4365 cum
3314 4314 3489 4382 ampla
3520 4315 3768 4371 mercede
3792 4332 3953 4373 acce-

2370 4392 2468 4448 dit.
2517 4392 2629 4449 Hoc
2677 4409 2781 4450 non
2823 4406 2939 4452 erat
2974 4398 3175 4453 malum
3213 4400 3509 4469 sustinere,
3553 4404 3645 4459 sed
3670 4406 3953 4462 clariorem

2372 4484 2531 4552 capiti
2557 4496 2810 4539 coronam
2836 4485 3135 4556 imponere.
3166 4488 3301 4557 Quid
3328 4492 3675 4564 vero‘Joseph
3699 4496 3951 4553 laeserunt

2371 4571 2599 4629 fratres?
2628 4590 2803 4631 nonne
2837 4577 2935 4646 ipsi
2963 4577 3062 4632 soli
3088 4578 3226 4634 mala
3255 4579 3588 4639 hauserunt?
3616 4587 3685 4641 At
3708 4585 3804 4641 fuit
3824 4626 3841 4653 ,
3868 4590 3951 4644 in-

2370 4662 2518 4734 quit,
2561 4678 2766 4731 servus.
2806 4666 2945 4734 Quid
2986 4669 3134 4723 tum?
3176 4669 3291 4740 Ego
3325 4686 3453 4727 vero
3493 4672 3614 4729 dico
3638 4690 3761 4731 eum
3786 4677 3945 4734 etiam

2370 4756 2603 4810 vinctum
2634 4756 2652 4789 ί
2696 4755 2880 4813 fuisse.
2910 4758 3015 4814 Sed
3044 4775 3148 4816 non
3177 4770 3261 4817 est
3281 4763 3385 4819 hoc
3410 4766 3551 4835 quod
3571 4769 3846 4837 quaeritur,
3877 4785 3946 4826 au

2371 4845 2529 4901 fuerit
2569 4861 2757 4904 servus
2776 4888 2792 4915 ,
2822 4859 2877 4906 et
2910 4851 2965 4906 in
2991 4852 3215 4909 vinculis
3248 4872 3261 4906 :
3294 4856 3388 4910 sed
3416 4871 3483 4911 an
3510 4872 3575 4912 ex
3604 4874 3669 4915 eo
3695 4859 3946 4918 damnum

2371 4935 2533 4990 ullum
2560 4938 2846 5009 acceperit.
2868 4938 3202 4997 Contrarium
3228 4946 3372 5000 enim
3399 4948 3696 5007 invenimus
3713 4993 3731 5015 ,
3756 4967 3949 5024 nempe

2370 5040 2491 5081 eum
2542 5028 2765 5097 plurima
2816 5028 3078 5087 lucratum
3128 5046 3281 5102 esse,
3329 5045 3389 5091 ut
3411 5038 3499 5107 qui
3523 5040 3600 5107 sit
3617 5040 3755 5110 apud
3781 5041 3946 5098 Deum

2371 5118 2647 5187 plurimam
2694 5116 2941 5175 fiduciam
2980 5134 3367 5193 consequutus,
3397 5137 3452 5181 et
3476 5142 3573 5198 per
3596 5144 3659 5184 ea
3684 5146 3802 5201 qua:
3828 5147 3947 5190 esse

2368 5208 2681 5264 videbantur
2708 5210 3005 5279 contraria,
3034 5225 3354 5283 praesentem
3384 5219 3648 5290 acceperit
3674 5223 3945 5293 prosperi-

2371 5307 2550 5354 tatem.

2438 5382 2466 5441 1
2475 5388 2666 5460 mprobi
2702 5407 2803 5445 non
2828 5393 3064 5461 timendi,
3093 5396 3182 5450 sed
3210 5397 3502 5454 miserandi.
3533 5398 3689 5457 Malis
3730 5404 3947 5459 honuni-

2370 5479 2457 5532 bus
2484 5496 2583 5532 non
2610 5481 2974 5539 insultantium.
3005 5484 3358 5557 Improborum
3387 5493 3689 5547 consuetudo
3720 5496 3945 5551 uitanda.

2369 5597 2438 5610 -—
2460 5569 2537 5625 Ne
2566 5571 2722 5641 igitur
2751 5574 3027 5631 timeamus
3049 5578 3342 5649 improbos,
3364 5582 3459 5637 sed
3486 5598 3670 5639 eorum
3694 5587 3945 5645 miserea-

2431 5702 2747 5784 :.(:'ei'}:;mﬂ‘f§
2770 5710 3012 5784 θῗῗῗέίυὲ
3030 5711 3132 5784 quin
3157 5718 3361 5772 διστδηςν
3377 5726 3482 5784 Ριᾯι
3503 5723 3716 5782 δασύτης,
3731 5733 3931 5784 intexto

2355 5762 2524 5815 Graeco
2554 5761 2761 5827 legerat,
2782 5768 2945 5830 vertit,
2973 5761 3246 5837 υοῖηίῄαίη.
3412 5761 3424 5763 -
3444 5761 3482 5784 ς.
3505 5761 3640 5777 ην...
