4222 6476
185 530 329 573 mur.
390 508 544 567 Tunc
594 506 738 563 enim
778 504 901 575 jure
944 497 1158 571 quidem
1204 501 1359 548 erant
1388 486 1645 551 timendi,
1675 496 1799 538 cum

187 603 435 663 nomium
474 610 659 672 aperta
705 603 855 653 esset
896 587 1005 649 alta
1039 589 1123 644 via
1148 629 1165 651 ,
1196 600 1319 659 quae
1344 582 1578 672 duceret
1592 578 1659 672 ad
1688 577 1805 648 phl-

187 670 541 766 looopltiam:
568 705 710 747 nunc
727 687 910 744 autem
947 698 1054 739 non
1095 679 1326 750 amplius
1349 719 1366 744 ,
1397 670 1806 766 cum_dcitteeps

183 763 329 846 calli
356 787 515 844 nobis
561 789 814 856 pateant,
862 787 921 835 et
967 770 1215 831 botnines
1250 768 1426 841 angeli
1469 763 1645 822 effecti
1673 763 1801 856 sint.

184 880 328 940 Nam
371 886 430 937 et
467 854 642 934 bestia
672 887 803 946 qua:
827 884 955 928 cum
985 878 1182 935 magno
1211 864 1414 933 impetu
1444 857 1600 915 irruit
1624 856 1678 912 in
1710 854 1806 946 ha-

185 985 292 1033 sta:
318 973 527 1037 aciem,
553 945 769 1024 videtur
795 962 1015 1037 quidem
1045 971 1170 1015 eum
1201 954 1387 1037 ulcisci
1413 950 1506 1023 qui
1538 954 1687 1006 tenet
1709 945 1805 1037 baf

186 1076 372 1131 stam,
419 1035 608 1118 verum
649 1035 857 1127 sibiipsi
885 1050 1104 1124 gravius
1133 1036 1328 1104 vulnus
1357 1041 1551 1114 inﬂigit
1583 1059 1597 1095 ε
1628 1047 1686 1096 et
1711 1035 1804 1108 qui

184 1167 386 1218 contra
413 1149 690 1212 stimulum
714 1148 980 1211 calcitrat,
1010 1142 1195 1200 itidem
1223 1137 1390 1210 pedes
1409 1134 1511 1192 sibi
1533 1134 1802 1190 cruentat.

261 1250 323 1307 2.
376 1247 523 1306 Talis
571 1250 656 1302 est
698 1241 906 1306 virtus,
936 1230 1188 1292 stimulus
1228 1239 1285 1287 et
1319 1226 1532 1301 gladius
1564 1230 1754 1281 acutus
1786 1239 1801 1278 :

187 1354 389 1398 omnes
435 1346 614 1394 autem
664 1320 894 1404 improbi
942 1334 1070 1385 sunt
1103 1322 1405 1380 deteriores
1426 1361 1443 1388 ,
1485 1324 1543 1375 et
1582 1314 1806 1372 rationis

188 1433 369 1503 magis
396 1437 649 1501 expertes
674 1435 837 1498 quam
865 1412 1074 1479 bestia.
1103 1415 1330 1486 Quando
1356 1427 1488 1486 ergo
1516 1412 1689 1468 bonos
1717 1409 1807 1465 in-

189 1524 421 1587 vadunt.
447 1535 509 1577 se
537 1520 681 1591 ipsos
700 1515 920 1588 gravius
933 1510 1250 1569 confodiunt
1272 1526 1286 1563 :
1306 1506 1411 1562 illis
1429 1504 1645 1577 quidem
1664 1517 1809 1573 saepe

190 1615 251 1671 in
282 1611 511 1685 pecunia
530 1651 547 1678 ,
571 1607 655 1665 vel
679 1610 842 1663 etiam
874 1605 927 1659 in
952 1614 1179 1673 corpore
1201 1597 1459 1655 damnum
1479 1593 1803 1685 atterentes:

191 1683 412 1776 seipsos
459 1709 637 1757 autent
679 1698 733 1754 in
772 1695 953 1751 anima
974 1733 991 1762 ,
1021 1690 1165 1764 quod
1192 1687 1408 1761 quidem
1436 1694 1523 1743 est
1550 1700 1682 1742 vere
1707 1683 1806 1739 da-

192 1808 388 1853 tunum
412 1837 426 1860 ,
463 1791 740 1849 la-dentes.
778 1787 837 1845 Si
863 1786 1008 1843 enim
1037 1784 1093 1840 in
1122 1782 1340 1855 propria
1369 1792 1469 1836 nos
1492 1778 1690 1834 virtute
1716 1778 1812 1834 lae-

191 1889 355 1946 deret
393 1887 649 1943 damnum
694 1881 971 1954 pecunias,
1012 1891 1119 1934 non
1157 1874 1503 1947 pracepisset
1529 1863 1727 1928 Paulus
1750 1877 1810 1924 ttt

192 1981 452 2054 injuria'm
500 1986 806 2049 pateremur
828 2015 845 2041 ,
892 1988 1000 2027 non
1046 1978 1225 2025 autem
1256 1967 1556 2024 iaceremus
1578 1964 1656 2035 (l.
1686 1960 1808 2019 Cor.

190 2072 253 2130 Β.
291 2062 377 2143 'l).
418 2068 478 2127 Si
506 2069 881 2125 malum-esset
909 2062 1103 2135 injuria
1132 2058 1273 2116 allici
1299 2099 1315 2125 ,
1348 2070 1455 2113 non
1480 2056 1574 2128 qui
1596 2064 1678 2111 est
1709 2054 1809 2110 lio-

192 2173 397 2222 norum
438 2161 713 2233 legislator
744 2155 887 2214 mala
920 2154 1193 2226 jussisset.
1224 2150 1424 2207 Verum
1452 2148 1697 2221 quamvis
1720 2154 1810 2204 res

192 2255 273 2311 ita
319 2268 382 2310 se
427 2251 695 2315 habeant,
743 2264 852 2303 non
888 2251 1102 2318 oportet
1130 2241 1285 2297 malis
1310 2240 1602 2308 inaultare,
1629 2248 1729 2295 nec
1755 2239 1808 2293 in

191 2360 297 2402 eos
345 2344 601 2416 impetum
642 2340 853 2405 facere,
897 2335 994 2392 sed
1039 2345 1228 2391 eurum
1271 2331 1440 2387 vitare
1467 2328 1812 2387 consuetudi-

196 2453 329 2493 nem
363 2454 377 2491 :
405 2437 451 2491 si
492 2432 781 2498 invadunt,
812 2427 936 2486 l'orti
960 2437 1017 2484 et
1041 2435 1306 2498 generoso
1332 2424 1515 2478 animo
1538 2436 1633 2477 cos
1662 2422 1809 2478 exci-

195 2537 356 2603 pere.
391 2528 515 2583 ideo
542 2527 684 2581 enim
712 2518 967 2595 jubemur
992 2530 1182 2585 orare,
1211 2532 1280 2573 ne
1309 2517 1571 2572 intremus
1600 2515 1654 2571 in
1688 2523 1808 2570 ten-

199 2623 483 2678 tationem.
523 2617 781 2686 Quocirca
822 2614 938 2685 ipse
962 2625 1174 2683 quoque
1201 2623 1326 2665 cum
1352 2607 1615 2675 dixisset,
1649 2604 1807 2678 Eripe

198 2726 285 2767 Iste
304 2754 321 2779 ,
359 2698 612 2776 Domine,
641 2706 705 2761 ab
731 2705 937 2760 nomine
960 2703 1095 2757 malo
1114 2742 1130 2768 ,
1161 2699 1467 2771 subiunxit,
1502 2697 1546 2753 Α
1572 2699 1679 2753 viro
1705 2698 1810 2752 ini-

199 2820 305 2875 quo
346 2802 486 2872 eripe
528 2814 607 2855 me
652 2814 673 2854 :
716 2810 923 2868 ponens
953 2804 1141 2849 rursus
1167 2791 1420 2863 generale
1446 2803 1643 2845 nomen
1671 2789 1808 2843 vitii.

199 2890 324 2953 Non
358 2891 531 2950 solum
558 2893 701 2949 enim
729 2896 851 2946 cum
881 2887 971 2959 qui
1002 2886 1057 2941 in
1085 2884 1344 2957 pecunia,
1372 2881 1468 2939 sed
1496 2896 1618 2938 eum
1646 2882 1810 2938 etiam

201 2990 297 3062 qui
340 2996 426 3043 est
448 2986 501 3042 in
529 2983 781 3039 omnibus
808 2981 929 3038 aliis
958 2979 1192 3049 injustas
1221 2976 1309 3033 hic
1336 2976 1484 3032 dicit.
1514 2974 1687 3045 Rogat
1708 2990 1810 3030 att-

204 3086 318 3136 tem
381 3082 440 3134 ut
498 3077 786 3140 liberetur,
847 3087 916 3129 ne
956 3069 1114 3127 cadat
1153 3083 1253 3124 nec
1306 3066 1396 3123 liat
1452 3075 1510 3121 ut
1561 3066 1653 3122 ille
1701 3073 1809 3122 est.

204 3172 325 3228 Non
377 3169 509 3240 petit
554 3166 830 3231 absolute,
889 3162 991 3218 nisi
1045 3171 1170 3217 cum
1228 3174 1322 3216 sua
1370 3158 1519 3230 prius
1563 3159 1811 3213 contuiee

206 3268 297 3323 rit.
353 3265 419 3321 Et
462 3262 584 3319 ideo
619 3276 745 3317 cum
788 3260 842 3316 in
889 3258 997 3314 line
1039 3255 1234 3329 prioris
1275 3254 1474 3311 Psaltni
1514 3268 1607 3309 eos
1643 3253 1812 3324 iugis-

205 3368 294 3415 set
323 3398 340 3425 ,
389 3366 444 3412 et
481 3369 667 3412 eorum
710 3350 1188 3414 consuetudinem,
1227 3347 1313 3404 hic
1355 3347 1487 3417 petit
1526 3346 1619 3402 Dei
1662 3347 1814 3401 auxi-

208 3451 363 3506 lium.
403 3448 527 3512 ilhc
570 3446 714 3503 enim
753 3460 874 3515 quae
916 3457 1013 3499 sua
1057 3449 1213 3499 erant
1251 3439 1554 3496 cuntulerat
1590 3439 1811 3505 dicens,

218 3542 343 3619 Viri
362 3541 668 3613 sunguinum
686 3579 703 3604 ,
733 3537 984 3593 declinate
1009 3552 1042 3589 a
1070 3548 1183 3602 me,
1216 3533 1338 3605 quia
1362 3531 1569 3604 litigiosi
1603 3531 1723 3586 estis
1759 3530 1815 3585 in

208 3632 595 3706 cogitationibus
639 3628 839 3702 (Psal.
891 3627 1020 3685 i38.
1075 3626 1190 3698 19)
1231 3642 1247 3681 :
1300 3624 1390 3680 hic
1433 3631 1612 3684 autem
1661 3629 1817 3693 rogat

210 3725 384 3782 Deum
408 3730 469 3779 ut
495 3722 751 3780 liberetur
779 3718 850 3776 ab
877 3733 1066 3775 eorum
1104 3714 1467 3788 improbitate.
1515 3706 1633 3769 Non
1670 3711 1814 3769 enim

212 3826 434 3887 panum
457 3822 550 3871 aut
575 3814 693 3870 levo
726 3811 856 3883 quid
886 3820 971 3869 est
1003 3808 1074 3867 ad
1096 3810 1462 3873 securitatem,
1496 3805 1568 3862 ad
1592 3806 1812 3862 liberta-

212 3916 346 3973 tem,
367 3915 423 3963 et
444 3919 660 3962 omnem
686 3902 1042 3975 voluptatem,
1071 3899 1293 3957 liberari
1338 3913 1369 3954 a
1410 3897 1505 3953 tali
1530 3896 1811 3953 hominum

209 4007 381 4063 emta,
421 4006 474 4054 et
497 4011 657 4067 quam
683 3993 999 4067 longissime
1023 3991 1093 4047 ab
1117 3991 1488 4062 improbomm
1533 3994 1818 4044 consuetu-

212 4090 341 4145 dine
365 4087 593 4154 versari,
636 4087 746 4142 imo
782 4094 915 4141 vero
954 4093 1149 4154 magna
1199 4091 1285 4138 est
1329 4080 1578 4136 felicitas.
1614 4079 1818 4136 Deinde

215 4184 456 4254 ipsorum
507 4178 821 4236 describens
872 4176 1315 4249 improbitatem,
1370 4173 1519 4230 addit
1579 4184 1636 4229 et
1681 4173 1758 4229 ait
1799 4189 1814 4227 :

215 4277 270 4332 5.
304 4273 408 4343 Qui
432 4273 777 4345 cogitaverunt
798 4269 1116 4342 iniquitatem
1149 4268 1204 4322 in
1226 4266 1384 4322 corde
1410 4273 1431 4321 ἑ
1458 4274 1565 4345 tota
1593 4264 1676 4319 die
1696 4279 1819 4319 con-

214 4342 719 4433 stituebantvprtelia.
750 4359 944 4416 Vidisti
968 4356 1242 4431 quomodo
1270 4357 1380 4412 sint
1406 4342 1558 4419 lerat,
1582 4370 1702 4426 qua:
1730 4355 1819 4409 vix

214 4456 395 4513 caveri
429 4463 672 4525 possunt,
713 4452 892 4524 utqui
934 4451 1077 4507 mala
1107 4450 1160 4505 in
1193 4449 1377 4505 animo
1416 4448 1818 4514 macltinentur,

215 4559 275 4605 et
302 4547 481 4603 celent
509 4545 563 4601 in
587 4546 797 4601 arcanis
835 4543 1076 4599 insidias.
1121 4541 1505 4613 Cogitaverunt,
1545 4541 1737 4611 inquit,
1766 4542 1821 4595 in

215 4641 403 4705 corde;
426 4638 530 4694 hoc
553 4647 661 4704 est,
692 4652 799 4692 non
830 4644 983 4692 extra
1023 4636 1384 4706 protulerunt,
1421 4634 1518 4689 sed
1540 4633 1684 4688 intus
1708 4632 1822 4703 agi-

220 4736 407 4790 tabant
448 4741 505 4788 et
538 4730 826 4787 versabant
866 4728 1042 4785 scelus
1068 4728 1450 4798 parturientes,
1480 4736 1536 4782 et
1562 4727 1707 4799 quod
1740 4736 1824 4782 cst

219 4827 463 4885 omnium
491 4824 891 4897 gravissimum,
924 4837 1031 4878 non
1054 4821 1232 4899 aliqua
1263 4821 1570 4877 temeritate
1596 4818 1818 4885 inducti,

224 4935 325 4977 nec
346 4920 606 4990 perversi,
643 4916 737 4973 sed
760 4931 977 4972 omnem
1023 4930 1245 4986 operam
1271 4922 1328 4969 et
1354 4913 1591 4971 studium
1620 4911 1676 4967 in
1702 4928 1821 4969 eam

222 5028 341 5068 rem
377 5009 738 5066 conferentes.
769 5007 883 5063 Hoc
922 5005 1199 5063 enimsibi
1234 5005 1349 5060 vult
1374 5004 1525 5071 illud,
1557 5001 1823 5077 ﬂagitave-

223 5113 368 5171 runt,
401 5116 595 5172 nempe
632 5101 778 5156 omni
819 5099 1017 5163 studio,
1060 5107 1116 5154 et
1145 5098 1379 5152 maxima
1425 5094 1591 5152 animi
1634 5096 1828 5152 alacri-

230 5205 361 5250 tate.
394 5192 521 5248 Tota
561 5192 644 5247 die
685 5191 1053 5246 constituebant
1079 5189 1284 5261 prwlia.
1318 5187 1423 5243 Per
1467 5189 1583 5243 hwc
1610 5203 1825 5244 omnem

226 5288 394 5341 vitam
422 5283 707 5356 signiﬁcat.
736 5281 883 5337 Bella
910 5290 1089 5337 autem
1115 5279 1442 5347 subindicat,
1476 5295 1585 5336 non
1614 5296 1676 5336 ea
1706 5296 1829 5351 quae

231 5378 493 5432 instructa
522 5375 662 5439 acie,
684 5388 784 5429 nec
812 5388 933 5445 qua:
960 5372 1124 5428 armis
1150 5380 1431 5442 geruntur,
1464 5371 1560 5427 sed
1590 5387 1708 5442 qua:
1731 5388 1830 5442 pa-

232 5470 365 5526 ratis
386 5468 610 5531 insidiis,
632 5480 753 5537 qnte
779 5475 833 5520 et
858 5467 910 5520 in
944 5464 1060 5519 loro
1088 5472 1145 5519 et
1162 5463 1307 5519 domi
1331 5475 1526 5535 gerunt
1553 5464 1825 5529 homines,

233 5576 341 5615 non
390 5559 609 5614 thorace
651 5557 845 5623 induti,
892 5572 992 5612 nec
1040 5557 1232 5628 clypeo
1282 5558 1529 5625 protecti.
1578 5555 1673 5613 sed
1733 5572 1831 5624 pro

232 5650 483 5705 onmibus
524 5650 690 5704 armis
730 5650 1074 5721 improbitate
1115 5657 1350 5715 utentes,
1400 5659 1454 5703 et
1502 5650 1664 5705 verba
1709 5649 1832 5705 telis

234 5741 513 5800 acerbiora
555 5741 848 5797 mittentes.
896 5740 1258 5811 improbitatis
1301 5752 1482 5796 autem
1520 5755 1708 5797 eorum
1750 5750 1834 5796 est

239 5835 346 5892 hoc
371 5833 686 5903 maximum,
714 5832 858 5905 quod
892 5847 999 5890 non
1031 5833 1207 5889 solum
1248 5832 1357 5889 sint
1402 5834 1597 5901 dolosi,
1639 5835 1746 5893 licti
1775 5844 1829 5893 et

1285 366 1648 430 EXPOSITIO
1685 363 1751 422 ΙΝ
1791 361 2116 421 ρεΑωιωι
2154 359 2443 419 CXXXIX.

3416 363 3526 420 £22

1924 479 2290 545 simulaturos,
2342 494 2442 535 nec
2471 478 2613 550 quod
2641 478 2710 536 ad
2737 479 2877 536 bella
2908 489 2963 538 et
2990 482 3171 553 praelia
3203 484 3395 553 parati,
3425 486 3523 542 sed

1917 571 2079 626 etiam
2104 570 2248 642 quod
2278 586 2375 642 per
2402 581 2566 627 totam
2608 572 2795 640 vitam,
2835 574 2959 629 tetri
3003 574 3163 645 hujus
3191 576 3317 633 belli
3360 579 3525 635 nulla:

1917 665 2026 720 sint
2054 663 2303 720 inducite.
2337 663 2500 735 Atqui
2530 665 2577 721 si
2604 664 2856 721 volebant
2879 664 3220 737 belligerare,
3248 668 3408 725 aliam
3436 673 3526 740 ju-

1918 766 2059 813 stam
2096 757 2222 815 belli
2247 755 2472 829 gcrendi
2499 770 2717 814 causam
2748 756 3043 815 habebant.
3070 758 3348 817 Adversus
3371 761 3520 818 enim

1915 858 2133 922 peccata
2152 848 2453 918 decertare,
2475 859 2531 907 et
2548 856 2733 907 contra
2753 847 3028 908 diabolum
3052 853 3226 910 aciem
3251 854 3423 911 instru
3437 870 3535 911 ere

1915 941 2218 1013 oportebat,
2260 955 2499 1013 pugnare
2537 945 2727 997 contra
2759 943 2994 1000 morbos
3022 945 3238 1012 animas,
3279 954 3440 1003 enses
3476 941 3533 999 in

1914 1032 2192 1091 daemones
2213 1042 2429 1090 acuere.
2463 1033 2527 1090 lli
2557 1035 2737 1090 autem
2776 1034 2921 1090 illam
2951 1036 3125 1093 aciem
3160 1052 3230 1093 ne
3256 1038 3523 1110 aspiciunt

1913 1125 2157 1197 quidem,
2188 1123 2287 1182 scd
2308 1124 2412 1180 tela
2441 1124 2585 1181 inter
2606 1139 2667 1182 se
2704 1136 2891 1182 mutuo
2911 1125 3241 1199 iaculantur.
3265 1129 3322 1184 4.
3350 1128 3522 1185 Acue-

1914 1224 2036 1273 runt
2072 1217 2304 1291 linguam
2328 1228 2476 1273 suam
2517 1218 2652 1274 sicut
2694 1221 2941 1291 serpentis
2961 1235 2983 1276 δ
3004 1226 3251 1277 venenum
3275 1223 3517 1294 aspiciunt

1915 1312 2008 1369 sub
2028 1312 2179 1368 labiis
2204 1327 2381 1368 eorum
2407 1323 2627 1385 semper.
2664 1312 2856 1370 Vidisti
2885 1327 3048 1386 quam
3073 1316 3143 1372 sit
3174 1315 3411 1388 ignobile
3438 1319 3526 1373 vi-

1916 1402 2089 1461 tium?
2122 1404 2247 1461 facit
2270 1420 2338 1461 ex
2362 1404 2671 1463 hominibus
2695 1406 2918 1475 bestias,
2960 1410 3177 1480 aspides
3206 1420 3262 1467 et
3300 1426 3527 1482 serpen-

1917 1505 2023 1566 tes,
2054 1500 2114 1555 et
2157 1498 2395 1569 linguam
2424 1498 2573 1554 illam
2600 1513 2722 1571 qua:
2765 1500 3064 1557 disserendi
3094 1514 3359 1573 potestate
3390 1520 3531 1574 prte-

1916 1588 2027 1646 dita
2057 1599 2164 1657 est,
2192 1588 2263 1647 ad
2306 1589 2464 1647 istam
2495 1590 2764 1648 feritatem
2791 1591 3028 1650 deducit.
3066 1593 3121 1651 id
3163 1606 3343 1651 autem
3371 1596 3526 1668 cujus

1916 1688 2012 1738 eus
2033 1683 2280 1753 superius
2301 1683 2593 1750 accusavit,
2621 1700 2767 1742 nunc
2784 1692 2998 1758 quoque
3023 1689 3103 1746 eis
3125 1689 3330 1759 objicit.
3360 1690 3529 1759 Quid-

1916 1788 2042 1829 nam
2071 1783 2252 1829 atttcm
2283 1775 2414 1830 illud
2441 1776 2559 1831 est?
2590 1775 2853 1832 Venenum
2878 1770 3119 1850 aspidunt
3144 1780 3236 1837 sub
3265 1781 3415 1838 labiis
3435 1800 3525 1838 eo-

1916 1879 2052 1930 rum,
2102 1866 2294 1936 inquit,
2332 1880 2532 1939 semper
2573 1868 2675 1942 (a),
2710 1868 2817 1926 hoc
2842 1874 2928 1928 est
2965 1870 3218 1938 assidue,
3254 1873 3530 1942 Quemad-

1918 1956 2138 2012 modum
2187 1958 2333 2013 enim
2374 1959 2623 2030 superius
2658 1958 2814 2026 dixit,
2855 1960 2987 2017 Tota
3032 1964 3115 2019 die
3153 1968 3526 2024 constituebant

1919 2050 2100 2119 prwlia
2128 2065 2149 2105 :
2175 2050 2246 2105 ita
2295 2050 2384 2107 hic
2422 2051 2608 2120 etiam,
2642 2048 2902 2110 sinterunt
2942 2056 3172 2128 linguam
3215 2072 3362 2115 suam
3396 2062 3529 2117 situt

1918 2142 2165 2211 serpentis
2190 2158 2210 2197 :
2240 2153 2489 2198 venenum
2514 2144 2755 2216 aspidum
2795 2142 2891 2202 sub
2932 2148 3081 2205 labiis
3103 2162 3279 2206 eorum
3304 2170 3524 2225 srntpcr.

1918 2230 2033 2287 lioc
2052 2233 2196 2287 enim
2225 2233 2423 2303 ubique
2446 2233 2712 2306 signiﬁcat
2740 2235 3063 2309 Diapsalata.
3096 2240 3401 2313 Diapsaltua
3424 2262 3524 2298 au-

1918 2327 2025 2379 tem
2052 2323 2315 2382 llebraice
2334 2325 2540 2412 dictum
2562 2337 2646 2384 est
2663 2327 2776 2396 Sel,
2802 2328 2945 2400 quod
2966 2338 3070 2396 est,
3099 2343 3335 2405 semper.
3360 2338 3522 2407 Atqui

1919 2416 2111 2474 vitium
2142 2418 2231 2475 vel
2260 2420 2457 2491 exiguo
2489 2430 2734 2492 tempore
2757 2437 2847 2480 res
2873 2435 2955 2481 est
2974 2426 3159 2496 gravis
3182 2437 3238 2482 et
3266 2428 3522 2485 molesta:

1916 2507 2137 2579 quando
2164 2504 2345 2566 autem
2373 2510 2425 2567 id
2468 2512 2683 2569 assidue
2712 2517 3128 2586 persequuntur,
3160 2532 3261 2575 nec
3298 2534 3393 2575 eos
3423 2522 3526 2575 ulla

1916 2600 2035 2673 ejus
2060 2604 2206 2673 capit
2229 2604 2471 2671 satietas,
2500 2620 2749 2676 quaenam
2781 2607 2863 2663 eis
2889 2609 3043 2664 venia
3087 2609 3202 2665 dari
3243 2621 3442 2682 potest,
3475 2625 3527 2669 et

1914 2707 2162 2764 quamam
2185 2694 2292 2750 erit
2314 2709 2503 2751 eorum
2523 2696 2767 2753 defensio
2787 2696 2811 2751 ?
2831 2698 2885 2754 5.
2915 2698 3129 2755 Custodi
3153 2717 3253 2768 tne,
3282 2701 3525 2769 Domine,

1917 2784 1982 2839 tle
2004 2801 2160 2840 manu
2179 2786 2481 2858 peccatoris,
2507 2787 2571 2841 ab
2603 2788 2891 2844 hominibus
2920 2790 3107 2861 iniquis
3131 2794 3273 2864 eripe
3297 2811 3396 2850 me.
3426 2794 3531 2862 Qui

1917 2878 2265 2946 cogitaverunt
2305 2880 2642 2951 supplantare
2685 2897 2887 2953 gressus
2926 2896 3086 2939 meos.
3136 2884 3190 2941 6.
3238 2885 3531 2943 Absconde-

1916 2979 2038 3023 runt
2067 2970 2272 3041 superbi
2295 2971 2531 3045 laqueum
2574 2973 2703 3029 nti/ti
2727 2991 2744 3029 :
2766 2986 2812 3029 et
2842 2976 3053 3046 funibus
3082 2980 3417 3036 extenderunt
3442 2982 3524 3037 la-

1917 3078 2101 3130 queum
2149 3064 2363 3133 pedibus
2414 3065 2540 3120 meis
2564 3066 2757 3137 :juxta
2797 3068 2891 3122 iter
2936 3069 3192 3126 scandala
3247 3085 3531 3144 posuerunt

1920 3155 2066 3209 mihi.
2098 3154 2241 3210 Nihil
2272 3164 2355 3211 est
2400 3156 2637 3229 iniquius
2677 3159 2745 3215 iis
2773 3161 2864 3232 qui
2888 3162 3074 3217 vitium
3103 3175 3527 3238 persequuntur,

1918 3248 2009 3319 qui
2052 3258 2179 3305 ante
2226 3248 2365 3305 alios
2416 3264 2542 3307 suas
2587 3252 2827 3322 ipsorum
2876 3254 3082 3312 lmdunt
3122 3258 3352 3317 animas.
3392 3261 3525 3318 Cum

1920 3341 2066 3397 enim
2109 3342 2208 3411 ipsi
2237 3342 2347 3397 sitit
2392 3353 2643 3400 auctores
2679 3344 3014 3412 oll‘ensiouis,
3046 3364 3170 3405 cum
3199 3349 3441 3409 et‘liciant
3471 3366 3530 3410 nt

1923 3435 2014 3490 Dei
2044 3432 2232 3505 gloriae
2258 3434 2576 3492 detrahatur
2607 3438 2676 3494 ab
2705 3439 3103 3510 insipientibus,
3129 3456 3254 3501 cum
3283 3461 3388 3503 non
3428 3464 3530 3504 ex-

1920 3527 2129 3586 solvant
2161 3543 2283 3600 qua:
2303 3528 2524 3598 debent,
2566 3530 2660 3587 sed
2686 3532 2775 3603 qui
2800 3548 2999 3606 corpus
3028 3545 3085 3593 et
3106 3538 3344 3597 animam
3373 3558 3401 3595 a
3432 3541 3529 3598 be-

1922 3621 2087 3692 nigno
2109 3631 2164 3677 et
2190 3622 2444 3679 clementi
2467 3624 2579 3681 Deo
2604 3627 2929 3697 acceperint,
2957 3630 3066 3686 sint
3091 3633 3312 3703 agenda:
3338 3638 3529 3707 gratia:
3607 3664 3613 3670 ι

1921 3715 2288 3783 immemores,
2337 3726 2393 3773 et
2437 3718 2526 3789 qui
2558 3727 2764 3775 tantum
2799 3733 3179 3780 ornamentum
3228 3736 3286 3783 et
3327 3728 3529 3786 bonum

1922 3810 2271 3880 acceperint,
2331 3810 2670 3868 benefactori
2721 3829 2823 3869 suo
2870 3818 3141 3874 contraria
3194 3821 3530 3892 rependant,

1921 3900 2054 3973 quid
2098 3902 2186 3958 bis
2226 3902 2386 3958 luerit
2429 3903 2721 3975 iujustitts?
2767 3906 2896 3977 quid
2940 3924 3074 3966 vero
3113 3911 3416 3984 ingratius?
3469 3917 3539 3972 Et

1922 3993 2067 4065 quod
2091 4002 2177 4050 est
2203 3995 2398 4066 majus,
2418 4004 2473 4053 et
2498 4010 2659 4053 omne
2689 3999 2871 4055 scelus
2895 4012 3137 4072 superat,
3159 4004 3296 4061 alios
3317 4021 3539 4078 quoque
3584 4076 3589 4079 ι

1925 4085 2124 4143 laedere
2148 4098 2432 4144 conantum
2464 4089 2823 4161 ﬂagitaverunt
2846 4094 3027 4162 enim,
3061 4094 3253 4168 inquit,
3276 4101 3527 4170 supplau-

1925 4189 2037 4236 tare
2061 4196 2267 4253 gressus
2303 4192 2462 4237 meos.
2504 4179 2659 4251 Quod
2686 4183 2733 4239 si
2777 4186 2920 4255 quod
2964 4190 3275 4259 cogitabant
3313 4192 3539 4248 minime

1926 4276 2176 4333 effectum
2218 4284 2323 4344 est,
2368 4274 2421 4332 id
2448 4292 2664 4350 quoque
2701 4294 2931 4337 summa:
2959 4279 3057 4338 Dei
3096 4282 3404 4342 clementia:
3442 4287 3540 4340 ad;

1925 4370 2277 4429 scribendum
2300 4380 2402 4429 est.
2428 4368 2565 4446 ipse.
2586 4372 2732 4429 enim
2772 4374 3037 4431 scelerata
3086 4391 3275 4433 eorum
3306 4377 3536 4435 consilia

1926 4463 2213 4532 confregit.

2000 4550 2056 4611 ὅ.
2100 4553 2234 4612 Vide
2273 4564 2455 4612 autem
2494 4569 2656 4627 quam
2709 4556 3025 4616 meditatum
3067 4571 3184 4618 erat
3225 4563 3425 4631 scelus,
3479 4575 3537 4622 et

1928 4656 2130 4718 quanto
2176 4640 2354 4703 studio
2385 4658 2585 4718 paratte
2626 4650 2855 4706 insidim.
2901 4651 3254 4710 Occultarunt
3285 4657 3432 4712 enim
3481 4670 3540 4713 et

1930 4737 2310 4804 extenderunt,
2340 4738 2501 4809 idque
2530 4738 2684 4808 juxta
2728 4741 2852 4807 iter,
2896 4752 2955 4797 ut
2984 4759 3048 4799 ex
3088 4745 3441 4817 longitudine,
3472 4766 3540 4806 ex

1930 4828 2153 4886 latebris
2169 4840 2225 4887 et
2249 4829 2390 4902 quod
2420 4846 2591 4902 prope
2622 4832 2925 4904 tenderent,
2950 4848 3207 4909 caperent
3224 4850 3279 4895 et
3308 4841 3365 4897 in
3385 4857 3540 4899 suam

1930 4930 2255 4994 potestatem
2296 4922 2624 4994 redigerent.
2670 4919 2912 5005 Fpemttt
2940 4929 3083 4985 enim
3116 4932 3339 4989 sceleris
3366 4937 3541 4990 artill-

1932 5028 2047 5077 ces.
2093 5013 2221 5069 dum
2269 5015 2490 5085 laqueos
2521 5016 2757 5088 undique
2796 5021 3173 5088 extenderent,
3220 5024 3325 5083 hoc
3373 5043 3540 5083 unum

1935 5107 2035 5161 sibi
2070 5105 2372 5162 faciendum
2399 5114 2723 5177 statuentes,
2749 5120 2807 5166 ιιι
2832 5128 2955 5167 eum
2984 5114 3296 5185 perderent.
3331 5118 3425 5176 Vis
3458 5124 3548 5177 vi-

1935 5199 2066 5255 dere
2103 5199 2375 5271 quomodo
2412 5200 2567 5257 funes
2598 5202 2853 5259 extendat
2880 5203 3170 5264 diabolus?
3198 5209 3333 5268 Vide
3356 5227 3547 5270 rursus

1938 5291 1991 5346 id
2012 5291 2155 5363 quod
2178 5291 2281 5348 Job
2322 5291 2538 5349 accidit.
2566 5293 2704 5362 Quid
2744 5296 2889 5352 enim
2917 5296 3023 5353 illis
3051 5299 3245 5355 latius?
3273 5304 3401 5374 quid
3429 5305 3544 5361 lon-

1939 5381 2082 5454 gius?
2115 5382 2248 5455 quid
2285 5399 2415 5440 vero
2444 5386 2823 5458 propinquius,
2862 5403 2983 5446 cum
3012 5407 3119 5449 non
3147 5394 3323 5453 solum
3352 5397 3407 5454 in
3437 5415 3536 5456 con

2012 5573 2087 5639 (a)
2112 5578 2494 5649 Sempeyldzi).
2532 5580 2617 5631 Sic
2639 5579 2959 5645 interpretari
2999 5584 3132 5635 solet
3162 5581 3344 5649 Aquila
3371 5598 3547 5636 vocem

1950 5638 2385 5732 Hebraeum-.156.
2413 5638 2859 5732 lle,Diapsalmate
2890 5682 3026 5732 saepe
3062 5638 3281 5722 diximus
3307 5673 3354 5722 in
3377 5673 3550 5724 llexa-

1951 5730 2062 5803 piis.
2103 5709 2235 5803 illud

1952 5790 2086 5865 ﬁcia.
2114 5790 2190 5865 De
2222 5790 2740 5865 his__porr9Aomnibu's
2768 5797 2883 5851 vide
2903 5790 3547 5865 praelimina'riavnostrara'd

1948 5851 2191 5916 Hexapla,
2216 5866 2267 5917 p.
2293 5851 2354 5907 77
2379 5860 2433 5908 et
2451 5856 2531 5907 80.
