4222 6452
3956 60 3973 71 με

803 395 900 453 tua
1538 386 1591 438 S.
1633 378 1907 440 JOANNIS
1942 369 2407 434 (XIRVSOSTOMI
2438 368 2748 425 ARCIIIEP.
2791 369 3321 426 CONSTANTINUP.
3960 372 4072 427 ΗΑ
4182 354 4183 361 “

796 509 971 583 gnatis
1012 518 1066 563 et
1114 504 1318 568 amicis,
1359 518 1457 556 nec
1494 502 1544 555 in
1576 505 2002 560 uxoretantum,
2032 493 2126 548 scd
2154 492 2205 544 in
2250 488 2369 558 ipso

798 580 913 669 ejus
960 612 1186 668 corpore
1232 596 1477 664 laqueum
1525 587 1842 645 tetenderit?
1873 587 1923 639 7.
1956 584 2077 637 Dixi
2128 580 2363 642 Domino,

802 694 934 745 Deus
959 705 1097 743 meus
1117 704 1169 742 es
1195 697 1248 739 tu
1273 701 1290 739 :
1320 682 1522 745 exaudi,
1555 680 1785 745 Domine,
1813 691 1978 731 vocem
2004 670 2368 743 deprecationis

797 799 938 836 recte.
979 782 1030 836 8.
1076 778 1313 841 Domine,
1352 774 1582 836 Domine,
1618 773 1772 824 virtus
1804 769 1981 821 salutis
2017 779 2156 817 ntere.
2197 762 2366 825 Alius,

806 875 1037 929 Potentia
1059 873 1239 927 solum
1274 883 1415 921 more.
1446 866 1733 933 Postquam
1760 861 1891 914 dixit
1921 858 2113 913 bellum
2148 863 2203 910 et
2242 854 2369 907 iusi-

799 969 935 1031 dias,
991 974 1045 1019 et
1091 959 1325 1017 ostendit
1371 959 1508 1014 mala
1559 969 1678 1010 esse
1718 950 2069 1007 intolerabilia
2096 945 2370 1015 :confugit

798 1058 1050 1124 deinceps
1086 1051 1152 1107 ad
1181 1047 1592 1120 inexpugnabile
1638 1044 1912 1107 auxilium,
1939 1054 1972 1096 e
1997 1038 2130 1094 calo
2158 1036 2367 1106 adjuto-

805 1165 913 1204 rem
936 1147 1245 1215 implorans,
1273 1143 1361 1213 qui
1391 1142 1503 1195 lucc
1527 1146 1697 1207 potest
1725 1135 1965 1203 frangere
1988 1141 2042 1186 et
2065 1128 2368 1215 profligare.

872 1206 1094 1309 Amicitia
1131 1246 1183 1287 ut
1224 1206 1305 1287 id
1335 1232 1494 1285 Deum
1530 1206 1817 1296 confugiat.
1841 1252 1911 1264 --
1939 1221 2051 1276 Hoc
2090 1206 2173 1275 est
2212 1232 2371 1286 argu-

807 1343 1036 1388 nteutum
1063 1326 1306 1399 generosi
1341 1322 1525 1387 animi,
1557 1320 1658 1374 hoc
1694 1328 1775 1373 est
1800 1317 2007 1386 signum
2036 1311 2226 1366 mentis
2251 1322 2371 1378 quas

800 1434 1009 1485 tenetur
1034 1419 1209 1475 studio
1244 1416 1541 1485 sapientiae,
1583 1427 1705 1467 cum
1745 1411 1859 1463 bare
1895 1402 2364 1466 circumsteterint,

799 1531 908 1571 non
936 1511 1222 1581 coniugem
1245 1507 1311 1564 ad
1340 1507 1628 1562 humanum
1658 1500 1933 1564 auxilium,
1962 1511 2061 1552 nec
2081 1494 2148 1549 ad
2170 1500 2368 1548 morta-

808 1610 879 1665 les
907 1604 1272 1676 cogitationes,
1318 1600 1411 1655 sed
1451 1598 1503 1652 in
1538 1596 1727 1652 caelum
1770 1591 2057 1661 respicere,
2104 1595 2161 1642 et
2203 1585 2371 1639 Deum

803 1704 889 1771 qui
920 1700 1115 1769 ubique
1141 1708 1373 1769 przessns
1402 1701 1483 1747 est
1513 1691 1778 1753 invocare,
1810 1700 1918 1739 non
1943 1690 2121 1737 autem
2150 1685 2370 1733 contur-

800 1769 937 1859 bari,
968 1792 1212 1846 animove
1256 1782 1607 1842 eonsternari.
1635 1778 1767 1833 Vide
1796 1785 1972 1831 autem
2013 1769 2283 1843 quomodo
2316 1776 2374 1822 ut

801 1884 1109 1953 eodiguum
1126 1886 1221 1935 est
1244 1876 1401 1931 verba
1421 1872 1677 1929 contexit.
1702 1868 1819 1925 Non
1849 1867 1983 1922 dixit
2009 1864 2172 1927 enim,
2196 1860 2250 1916 lu
2274 1859 2373 1914 hac

805 1987 866 2033 et
885 1973 937 2027 in
958 1951 1049 2026 illa
1079 1986 1138 2025 re
1167 1982 1252 2023 uie
1278 1978 1425 2022 recte
1440 1964 1603 2035 gessi,
1631 1974 1749 2027 nec,
1773 1959 1920 2013 llanc
1947 1956 2028 2011 vel
2058 1956 2194 2009 hanc
2216 1951 2374 2021 justi-

805 2069 929 2121 tiam
958 2070 1203 2132 cperatus
1226 2073 1341 2113 sunt
1370 2075 1385 2113 :
1410 2055 1505 2112 sed
1526 2054 1689 2123 quid?
1719 2051 1852 2104 Deus
1872 2064 2007 2102 meus
2027 2063 2079 2101 es
2100 2055 2171 2109 tu,
2204 2041 2374 2097 maxi-

805 2171 1181 2214 mam-causam
1210 2152 1438 2208 all‘erens
1471 2165 1566 2205 cur
1592 2156 1736 2217 petat
1780 2145 2052 2206 auxilium,
2074 2139 2215 2211 quod
2248 2152 2375 2192 eon-

806 2253 968 2322 fugiat
1023 2249 1086 2304 ad
1130 2246 1427 2307 Dominum,
1473 2242 1748 2311 Opificem,
1790 2246 1845 2292 et
1886 2235 2107 2306 Regem.
2148 2228 2372 2322 Ecaudi,

810 2321 1039 2405 Domine,
1069 2354 1247 2394 vocem
1275 2333 1635 2405 deprecationis
1674 2344 1813 2391 metu,
1866 2325 2100 2389 Domine,
2140 2321 2374 2386 Domine,

806 2441 961 2492 virtus
1002 2433 1180 2488 sntutis
1212 2443 1352 2484 mea.
1387 2426 1555 2492 Dixit,
1593 2423 1782 2485 Virtus,
1821 2433 1916 2475 seu
1947 2413 2203 2487 potentia,
2248 2411 2379 2465 salu-

808 2532 891 2593 tis,
924 2524 1211 2581 ostendens
1232 2535 1356 2575 esse
1386 2516 1546 2574 etiam
1581 2512 1870 2585 potentiam
1902 2522 2072 2578 pecua:
2096 2514 2151 2559 et
2178 2501 2380 2571 suppli-

809 2622 899 2677 cii.
958 2616 1062 2674 Sed
1111 2612 1401 2686 pracbuisti,
1445 2607 1635 2678 inquit,
1686 2603 1816 2660 mihi
1871 2601 2118 2655 virtutem
2163 2594 2375 2686 salutis.

812 2712 967 2765 Putes
1003 2682 1143 2761 enim
1187 2714 1241 2759 et
1284 2715 1476 2757 nocere
1520 2708 1574 2754 et
1606 2696 1674 2751 de
1716 2693 1893 2749 medio
1920 2690 2143 2746 tollere:
2174 2684 2269 2741 sed
2310 2682 2380 2737 ad

812 2815 981 2857 meam
1009 2798 1231 2852 salutem
1260 2803 1344 2849 tua
1368 2805 1583 2860 semper
1608 2784 1843 2859 potentia
1865 2796 1993 2838 usus
2019 2794 2097 2835 es.
2122 2776 2254 2834 Vide
2282 2790 2380 2831 au-

811 2902 916 2947 tem
941 2902 1173 2944 amorem
1188 2884 1433 2940 dicentis.
1457 2882 1559 2937 Per
1578 2878 1944 2949 repetitionem
1962 2872 2126 2938 enim,
2150 2877 2205 2925 et
2238 2866 2380 2938 quod

809 2979 1082 3051 adjeccrit,
1110 2975 1304 3033 Salutis
1328 2988 1471 3038 mete,
1499 2968 1733 3027 ostendit
1752 2979 1996 3037 magnam
2022 2959 2381 3017 affectionem.

813 3048 1131 3127 Uliuntbrasti
1176 3083 1328 3139 super
1372 3073 1525 3134 caput
1575 3077 1737 3116 meum
1788 3059 1843 3111 in
1888 3056 1969 3111 die
2008 3054 2145 3108 belli.
2201 3048 2383 3105 Vidisti

810 3172 1015 3233 gratum
1040 3157 1319 3214 animum?
1344 3155 1526 3211 Priora
1554 3157 1605 3207 in
1635 3148 1944 3206 memoriam
1979 3150 2213 3209 revocat,
2241 3139 2383 3212 quod

810 3271 933 3312 eum
962 3252 1165 3310 scilicet
1192 3252 1243 3307 in
1272 3258 1384 3305 tuto
1420 3243 1783 3303 collocaverit.
1834 3240 1946 3295 Hoc
1969 3239 2111 3294 enim
2146 3235 2248 3291 sibi
2273 3233 2385 3288 vult

812 3345 978 3414 illud,
1036 3341 1371 3399 Obumsrasti.
1418 3338 1551 3394 Vide
1596 3345 1772 3390 autem
1825 3328 2090 3401 quomodo
2134 3322 2384 3381 ostendat

811 3452 966 3507 quam
1001 3434 1053 3490 id
1082 3434 1192 3489 Deo
1221 3431 1375 3487 facile
1398 3431 1487 3486 sit.
1510 3428 1625 3483 Non
1650 3426 1790 3481 enim
1816 3424 1967 3488 dixit,
1999 3422 2157 3485 Ante,
2184 3416 2301 3484 sed,
2326 3416 2380 3471 In

810 3529 946 3597 ipso,
974 3525 1160 3595 inquit,
1196 3522 1305 3586 die,
1334 3518 1545 3591 quando
1586 3516 1723 3572 mala
1762 3512 2131 3578 imminebant,
2170 3507 2382 3580 quando

811 3630 924 3676 erat
955 3619 1207 3672 instructa
1232 3615 1395 3679 acies,
1424 3610 1636 3682 quando
1664 3607 1916 3663 versabar
1942 3606 1994 3660 in
2021 3603 2267 3659 maximis
2292 3616 2385 3673 pe-

812 3712 1012 3776 riculis,
1058 3720 1180 3764 tunc
1215 3706 1384 3761 me'in
1416 3712 1527 3758 tuto
1560 3700 1851 3756 collocasti.
1886 3698 2071 3767 Neque
2120 3695 2262 3751 enim
2293 3701 2385 3748 aut

812 3809 1087 3873 apparatu,
1117 3807 1209 3853 aut
1245 3793 1612 3852 exhortatione
1650 3791 1757 3846 ulla
1795 3790 1935 3845 Deus
1958 3786 2179 3857 indiget,
2211 3793 2268 3839 ut
2292 3782 2382 3854 qui

813 3896 946 3951 sciat
975 3907 1099 3963 qua:
1138 3899 1262 3945 sunt
1305 3886 1608 3958 praesentia,
1653 3881 1844 3957 fntpra,
1890 3888 1945 3933 ct
1974 3876 2265 3948 praterita,
2292 3873 2383 3944 qui

805 3983 988 4039 omnia
1016 3981 1205 4051 possit,
1232 3992 1452 4047 semper
1482 3975 1640 4037 adsit,
1682 3984 1736 4029 et
1771 3979 1967 4042 pncsto
1996 3970 2065 4024 sit
2102 3967 2169 4023 ad
2198 3966 2381 4023 feren-

814 4077 935 4136 dum
959 4071 1235 4128 auxilium.
1262 4068 1466 4124 Deinde
1491 4064 1778 4121 ostendens
1802 4064 2061 4132 insignem
2085 4058 2379 4123 victoriam,

814 4176 866 4220 et
890 4177 1149 4220 summam
1174 4160 1662 4224 securitatem,.nou
1691 4156 1846 4221 dixit,
1869 4152 2104 4210 Servasti
2129 4166 2215 4206 me
2243 4167 2257 4203 :
2289 4149 2385 4205 sed

810 4258 973 4331 quid?
1006 4256 1321 4313 omnem
1349 4270 1367 4308 :
1393 4252 1497 4309 hoc
1524 4262 1626 4317 est,
1667 4258 1724 4305 ut
1752 4263 1819 4304 ne
1849 4248 2128 4303 minimam
2167 4243 2383 4315 quidem

811 4349 1111 4406 molestiam
1133 4346 1471 4409 sustinerem,
1497 4342 1739 4408 effecisti,
1761 4355 1823 4395 ac
1843 4354 1908 4395 ne
1929 4348 2114 4395 anitum
2132 4335 2381 4408 quidem:

811 4438 909 4495 sed
931 4452 1017 4493 me
1044 4438 1096 4491 in
1128 4443 1273 4491 tanta
1296 4434 1601 4498 securitate,
1628 4439 1683 4486 et
1712 4444 1815 4483 una
1852 4443 1975 4485 cum
2014 4429 2305 4483 securitate
2331 4426 2384 4479 in

814 4541 957 4590 tanta
979 4529 1312 4601 iucunditate
1345 4535 1401 4581 et
1436 4523 1599 4579 animi
1642 4523 1820 4594 quiete
1860 4521 2157 4584 collocasti,
2196 4527 2257 4575 ut
2288 4533 2387 4573 nec

813 4624 952 4680 ullus
978 4623 1125 4678 calor
1150 4618 1283 4675 mihi
1312 4616 1611 4673 molestiam
1652 4614 1953 4679 exhiberet,
1982 4612 2077 4668 sed
2118 4612 2171 4667 in
2200 4613 2385 4667 umbra

812 4715 1049 4771 suaviter
1073 4726 1307 4783 agerem,
1335 4709 1470 4765 liber
1494 4708 1697 4764 scilicet
1734 4721 1799 4763 ac
1825 4715 2064 4761 remotus
2096 4721 2126 4759 a
2154 4705 2307 4760 malis
2332 4712 2387 4759 et

812 4804 1217 4862 calamitatibus.
1242 4800 1506 4869 Quocirca
1535 4798 1810 4870 subiunxit
1858 4795 2009 4863 illud,
2041 4793 2384 4862 Obumbrasti,

814 4912 878 4953 ea
903 4895 1109 4951 ratione
1147 4893 1307 4947 etiam
1337 4889 1640 4961 significans
1676 4904 1833 4960 quam
1860 4898 2165 4958 promptum
2206 4894 2262 4941 et
2302 4900 2390 4941 ex-

814 4989 1048 5060 peditum
1078 4986 1147 5040 sit
1174 4984 1267 5040 Dei
1291 4983 1569 5047 auxilium,
1592 4995 1782 5050 nempe
1804 4995 1907 5052 per
1937 4978 2136 5033 umbra:
2161 4994 2383 5049 nomen,

817 5078 1036 5151 perinde
1079 5090 1143 5131 ac
1186 5077 1232 5131 si
1277 5075 1502 5138 diceret,
1531 5072 1738 5128 Sufficit
1780 5073 1826 5127 si
1865 5080 2071 5126 tantum
2116 5071 2285 5137 adsis,
2335 5081 2390 5127 et

812 5174 991 5229 omnia
1016 5170 1187 5227 soluta
1225 5178 1396 5224 erunt.
1428 5166 1481 5223 9.
1514 5164 1633 5221 Non
1659 5165 1830 5220 tradas
1850 5181 1946 5229 me,
1972 5164 2210 5231 Domine,
2243 5182 2274 5218 a
2302 5165 2388 5218 de-

813 5266 998 5321 siderio
1024 5278 1132 5333 meo
1170 5260 1438 5333 peccatori.
1471 5258 1639 5325 Alius,
1670 5256 1755 5312 Ne
1783 5257 1891 5322 des,
1920 5254 2155 5321 Domine,
2186 5256 2386 5311 deside-

814 5357 892 5411 ria
920 5353 1099 5423 iniusti
1137 5349 1235 5425 (a).
1275 5349 1425 5417 Quod
1464 5358 1643 5403 autem
1685 5346 1835 5412 dicit,
1868 5356 1952 5403 cst
1987 5347 2244 5417 ejusmodi
2274 5346 2387 5402 :Ne

814 5445 1076 5501 concedas
1094 5442 1145 5498 ei
1164 5441 1482 5496 desiderium
1512 5454 1668 5494 suum
1695 5448 1880 5493 contra
1918 5453 2024 5502 me,
2054 5438 2101 5492 id
2130 5444 2233 5504 cst,
2259 5440 2389 5504 Qua:

812 5534 1073 5592 adversus
1101 5548 1186 5587 me
1208 5531 1497 5595 desiderat,
1525 5545 1591 5585 ne
1623 5529 1895 5599 permittas
1925 5538 1978 5583 ut
2003 5530 2113 5599 ipse
2144 5528 2384 5598 impleat.

724 5658 727 5661 π
814 5626 927 5685 Non
948 5624 1080 5682 dixit
1107 5633 1286 5679 autem
1315 5637 1432 5693 qua:
1450 5621 1737 5688 desiderat,
1760 5620 1876 5689 sed,
1908 5621 1952 5675 Α
1980 5619 2227 5678 desiderio
2256 5637 2383 5685 meo,

876 5800 951 5866 (a)
984 5806 1093 5853 Hoc
1113 5801 1448 5866 interpretatio
1472 5799 1827 5861 cstSymmacbl
1853 5806 1906 5852 et
1935 5802 2290 5854 Theodotiouis.

2485 484 2669 538 volens
2724 486 2831 541 tale
2872 486 2996 555 qutd
3041 487 3340 556 significare
3371 503 3383 537 :
3415 502 3480 540 ne
3533 486 3795 540 tantillum
3844 489 4072 557 quidem

2475 578 2807 631 concesseris
2839 593 3045 641 eorum,
3074 594 3194 646 qua:
3233 578 3519 631 desiderat.
3550 577 3707 631 Tales
3743 580 3884 633 enim
3928 593 4071 635 sunt

2477 666 2704 735 improbi
2734 686 2745 720 :
2776 682 2896 721 cum
2939 667 3165 721 maxima
3204 667 3493 737 cupiditate
3520 668 3572 721 in
3605 671 3902 738 proximum
3943 689 4072 725 nio-

2477 757 2677 811 liuutur
2703 758 2940 822 insidias,
2971 758 3417 825 quemadmodum
3454 758 3700 814 diabolus
3723 775 3962 830 quoque,
3996 760 4071 815 de

2474 863 2580 916 quo
2605 848 2734 902 dicit
2761 866 2773 901 :
2806 848 2992 902 Circuit
3013 858 3269 917 tamquam
3298 850 3376 902 leo
3408 850 3631 918 rugiens,
3663 866 3888 920 quarens
3910 867 4072 920 quens

2475 940 2673 991 devoret
2695 941 2770 1008 (l.
2804 938 2943 992 Petr.
2982 939 3034 992 5.
3066 939 3140 1008 8).
3170 940 3240 992 Ita
3272 938 3372 993 Joh
3391 940 3582 1009 cupide
3614 954 3897 1009 aggressus
3933 953 4027 996 est
4054 962 4069 996 :

2478 1028 2552 1083 ita
2594 1031 2754 1083 etiam
2780 1029 2847 1082 de
2891 1028 3048 1083 Petro
3083 1028 3385 1083 invadenda
3425 1029 3800 1083 consultabat:
3834 1041 3890 1085 et
3938 1032 4073 1084 ideo

2474 1118 2691 1173 diccbat
2718 1138 2732 1173 :
2766 1118 2971 1185 Quoties
3012 1120 3243 1187 expetivit
3270 1128 3318 1172 te
3340 1128 3546 1174 mlanas
3573 1120 3793 1174 cribrnre
3826 1131 3883 1173 ut
3920 1122 4071 1174 triti-

2474 1226 2590 1263 cum
2618 1209 2772 1277 (Luc.
2794 1208 2884 1262 22.
2909 1208 3042 1279 διν
3070 1208 3252 1263 Vidisti
3283 1219 3539 1279 quantam
3582 1211 3819 1266 habuerit
3846 1210 4067 1280 cupidi-

2477 1304 2674 1358 tatem?
2711 1305 2843 1356 Sunt
2881 1304 3040 1357 ctiam
3088 1303 3334 1357 homines
3366 1304 3455 1371 qui
3488 1303 3682 1358 invidia
3724 1304 3964 1371 adducti,
4010 1315 4071 1359 et

2474 1394 2616 1464 quod
2658 1394 2812 1447 rualis
2860 1393 3105 1448 lmteutur
3149 1394 3286 1448 illius
3334 1394 3517 1447 vitium
3564 1394 3856 1448 imitantur.
3910 1395 4070 1463 Quos

2474 1484 2689 1553 quidem
2711 1484 2932 1538 miseros
2957 1484 3189 1552 appellat
3208 1484 3482 1552 Scriptura
3506 1484 3711 1546 dicens,
3748 1484 3832 1538 Ve
3859 1487 3942 1553 qui
3970 1487 4070 1557 (re

2481 1577 2659 1629 lumini
2684 1577 2850 1641 malis,
2880 1577 2967 1646 qui
2996 1576 3313 1629 delectantini
3338 1576 3390 1629 in
3433 1577 3686 1630 eversione
3710 1577 4067 1645 improborum

2477 1665 2663 1737 (Prov.
2690 1668 2742 1722 2.
2775 1668 2902 1737 l4);
2950 1668 3106 1737 idque
3141 1669 3331 1724 merito
3361 1687 3373 1721 :
3398 1667 3501 1723 hoc
3529 1675 3614 1722 est
3648 1669 3789 1722 enim
3815 1670 3966 1738 pravi
4009 1681 4068 1722 et

2476 1760 2712 1830 corrupti
2751 1760 2935 1814 animi.
2975 1761 3033 1815 Si
3062 1761 3203 1815 enim
3227 1761 3532 1826 dolendum,
3577 1761 4067 1830 ingemiscendas»,

2476 1850 2779 1906 dedendum
2815 1860 2899 1906 est
2935 1862 3154 1920 propter
3182 1866 3275 1906 eos
3302 1852 3389 1921 qui
3417 1859 3659 1919 pereunt,
3685 1865 3840 1920 quam
3868 1865 4067 1905 censeo

2477 1952 2707 2014 quentur
2728 1945 2955 2009 veniam,
2985 1953 3073 1998 aut
3097 1959 3195 2013 qua
3222 1952 3438 1997 utentur
3466 1942 3793 2007 defensione,
3819 1942 3906 2013 qui
3941 1953 4066 1995 tan-

2479 2044 2589 2090 tum
2612 2035 2759 2091 abest
2788 2044 2848 2090 ut
2874 2028 3059 2091 corum
3085 2035 3457 2102 misereantur,
3487 2044 3544 2089 ut
3564 2033 3723 2089 etiam
3749 2034 4065 2105 gaudeant?

2478 2130 2669 2183 Annon
2698 2128 2875 2183 vidisti
2908 2128 3077 2197 ipsum
3106 2142 3315 2197 quoque
3338 2127 3613 2181 Christum
3637 2140 3756 2181 cum
3787 2136 3929 2182 esset
3958 2141 4064 2196 pu-

2480 2219 2729 2284 niturus,
2773 2217 2970 2273 deﬂere
3022 2227 3333 2287 pereuntem
3376 2216 3711 2275 Jerusalem?
3768 2232 3873 2273 non
3907 2217 4067 2271 vides

2480 2308 2639 2365 etiam
2680 2307 2899 2363 Paulum
2942 2319 3161 2379 propter
3185 2309 3412 2363 aliorum
3450 2309 3724 2363 interitum
3752 2316 4063 2378 gementem

2483 2410 2536 2455 et
2571 2400 2878 2470 lugentem?
2918 2400 3027 2455 Sed
3054 2408 3178 2454 sunt
3228 2400 3471 2454 nonnulli
3513 2399 3648 2455 adeo
3679 2398 3974 2468 depravati,
4006 2408 4069 2452 ut

2483 2506 2705 2547 suorum
2751 2492 3009 2547 malorum
3052 2490 3298 2546 solatium
3327 2491 3528 2545 alienas
3568 2503 3835 2544 aerumnas
3874 2488 4068 2543 existi-

2484 2590 2651 2636 ment.
2681 2578 3036 2652 Cogitaserunt
3076 2592 3254 2635 contra
3278 2597 3376 2646 nte,
3418 2597 3481 2635 ne
3518 2580 3832 2651 derelinquas
3870 2596 3971 2646 me,
4006 2595 4070 2633 tu

2485 2674 2615 2744 forte
2649 2674 2931 2727 mltentur
2958 2689 3155 2742 semper
3191 2672 3294 2743 (a).
3339 2672 3451 2728 Hoc
3487 2673 3629 2728 enim
3660 2674 3762 2728 sibi
3792 2674 3902 2727 vult
3928 2671 4068 2727 Dia-

2484 2766 2700 2837 psalma.
2728 2765 2899 2832 Alius,
2930 2764 3014 2820 Ne
3030 2764 3286 2831 discedas,
3312 2780 3374 2818 ne
3392 2765 3522 2832 forte
3541 2762 3846 2819 uouentur.

2558 2855 2824 2910 Meditntio
2850 2856 2903 2909 in
2927 2856 3059 2909 vitiis
3073 2855 3332 2925 pessima;
3360 2855 3537 2908 vitium
3563 2854 3659 2908 sibi
3683 2854 3781 2922 ipsi
3802 2869 3950 2921 pana
3971 2864 4063 2908 est.

2486 2976 2558 2989 —
2587 2946 2697 3002 lloc
2744 2956 2825 3002 est
2867 2947 3113 3004 scelerati
3150 2956 3203 3001 et
3250 2946 3487 3015 corrupti
3530 2945 3715 3012 animi,
3757 2944 3977 3016 quando
4016 2955 4073 3000 et

2487 3038 2713 3094 consilio
2755 3047 2811 3092 et
2847 3038 2962 3093 alio
3001 3048 3055 3092 et
3091 3035 3438 3093 meditatione
3476 3051 3612 3106 opus
3646 3044 3731 3091 est
3758 3035 3826 3091 ad
3856 3036 4069 3092 vitium.

2486 3129 2603 3185 Non
2648 3129 2919 3184 sufficiunt
2956 3143 3077 3199 qua:
3118 3137 3337 3199 repente
3380 3129 3555 3184 ﬁunt:
3598 3142 3703 3183 non
3744 3130 3886 3183 enim
3932 3130 4071 3184 satis

2486 3229 2607 3276 sunt
2641 3218 2708 3275 ad
2749 3229 2848 3276 nos
2875 3218 3177 3290 perdendos
3200 3233 3321 3288 qua:
3347 3228 3547 3274 temere
3589 3227 3644 3273 et
3679 3218 4073 3276 inconsiderato

2487 3321 2784 3383 patrantur,
2826 3312 2920 3367 sed
2966 3310 3213 3377 consilio,
3256 3321 3501 3381 tempore
3543 3320 3600 3366 et
3640 3310 4073 3367 consideratione

2488 3404 2582 3459 tibi
2602 3418 2735 3473 opus
2761 3414 2846 3459 est
2865 3402 2932 3457 ad
2961 3402 3165 3457 vitium.

2559 3497 2613 3551 4.
2654 3495 2895 3564 Quanam
2942 3510 3074 3566 ergo
3108 3495 3272 3550 uteris
3299 3493 3629 3562 defensione,
3670 3508 3791 3549 cum
3835 3493 4071 3549 studium

2488 3598 2544 3646 et
2564 3588 2893 3660 diligentiam
2921 3587 3166 3655 adhibes,
3196 3597 3253 3642 ut
3284 3588 3472 3643 vitium
3511 3601 3787 3653 exerceas,
3829 3602 3952 3640 cum
3979 3602 4070 3656 pro

2488 3679 2643 3735 malis
2680 3678 2934 3734 faciendis
2975 3678 3266 3743 consultas,
3307 3687 3362 3733 et
3408 3679 3583 3732 socios
3617 3677 3916 3733 adsciscis?
3959 3678 4065 3733 Sed

2488 3770 2609 3827 vide
2623 3770 2774 3825 istius
2790 3767 3162 3824 humilitatem.
3180 3767 3294 3823 Non
3317 3767 3450 3823 dixit
3465 3769 3628 3831 enim,
3646 3766 3722 3822 Ne
3736 3767 4071 3838 derelinquas

2490 3878 2598 3928 me,
2624 3863 2876 3933 quoniam
2897 3876 3016 3918 sum
3039 3861 3251 3931 dignus,
3286 3876 3355 3917 ne
3378 3876 3466 3917 me
3494 3860 3833 3931 derelinquas
3853 3870 4073 3932 propter

2489 3957 2652 4011 vitam
2681 3956 2736 4011 in
2765 3956 2963 4011 virtute
3002 3966 3174 4009 actam
3202 3972 3213 4007 :
3244 3952 3338 4009 sed
3372 3951 3535 4021 quid?
3568 3952 3648 4006 Ne
3677 3956 3807 4023 forte
3835 3954 4065 4008 maen-

2490 4057 2612 4114 tur;
2641 4046 2745 4103 hoc
2779 4055 2881 4114 est,
2912 4045 2990 4102 Ne
3020 4046 3148 4099 fiam
3171 4045 3586 4115 arrogantiores,
3622 4053 3675 4099 et
3702 4059 3772 4099 ne
3813 4044 3867 4099 in
3897 4044 4071 4115 majo-

2488 4153 2603 4195 rem
2630 4138 2900 4209 erigantur
2926 4136 3263 4191 insolentiam
3307 4144 3524 4205 propter
3562 4149 3734 4189 meam
3761 4134 4070 4191 derelictio-

2491 4244 2634 4285 nem.
2670 4228 2757 4285 lO.
2784 4226 2951 4298 Caput
2976 4228 3215 4283 circuitus
3247 4243 3442 4293 eorum,
3482 4227 3622 4281 labor
3651 4226 3898 4282 (abierunt
3927 4229 4066 4298 ipso-

2490 4339 2604 4376 rum
2628 4322 2815 4393 operiet
2840 4337 2943 4375 eos.
2980 4320 3152 4386 Alius,
3193 4318 3525 4374 Exacerbatio
3554 4335 3725 4373 eorum
3750 4321 3833 4391 qui
3864 4336 3944 4375 tne
3972 4322 4071 4375 cir-

2490 4414 2752 4480 eumdem,
2802 4412 2944 4467 labor
2990 4411 3238 4475 initiorum
3274 4411 3499 4479 ipsorum
3543 4411 3737 4481 operiat
3782 4414 3921 4481 ipsos
3974 4412 4069 4482 (ὁ).

2491 4504 2786 4563 Circuitum
2825 4503 2911 4559 hic
2938 4502 3068 4559 dicit
3107 4511 3449 4567 conventum,
3491 4516 3822 4569 consessum,
3864 4503 4068 4575 impro-

2492 4598 2613 4654 bam
2657 4596 2947 4663 ofﬁcinam,
2998 4596 3224 4651 scelesta
3257 4594 3502 4650 consilia.
3531 4594 3687 4663 Quod
3721 4605 3898 4651 autem
3943 4594 4071 4651 dicit

2491 4700 2575 4747 est
2614 4689 2875 4761 ejusmodi
2909 4706 2924 4743 :
2958 4688 3078 4759 Ipsa
3122 4687 3382 4743 scelerata
3426 4687 3673 4754 consilia,
3716 4697 3772 4743 et
3809 4697 3971 4757 caput
4016 4702 4073 4742 ac

2492 4800 2698 4841 summa
2730 4782 2958 4853 improbi
2979 4791 3034 4838 et
3059 4781 3334 4851 depravati
3368 4780 3553 4846 animi,
3579 4781 3693 4851 ipsa
3712 4796 3809 4837 eos
3837 4782 4073 4839 obruerit

2492 4885 2547 4932 et
2572 4874 2883 4948 perdiderit.
2915 4873 3086 4928 Labor
3127 4873 3374 4928 (abierunt
3414 4873 3665 4942 ipsorum.
3695 4871 3961 4929 Laborem
3990 4874 4073 4938 hic

2491 4975 2651 5023 vocat
2693 4964 3113 5035 improbitatem.
3146 4963 3253 5020 Res
3281 4972 3367 5021 est
3395 4963 3541 5019 enim
3566 4963 3832 5034 ejusmodi
3872 4963 4072 5033 impro-

2494 5062 2631 5117 bitas
2665 5077 2678 5113 :
2712 5058 2865 5115 affert
2907 5058 2958 5113 ei
3001 5057 3090 5126 qui
3139 5056 3285 5112 illam
3336 5054 3577 5127 possidet
3630 5057 3871 5122 exitium,
3918 5070 3975 5111 ct
4020 5064 4073 5110 ut

2493 5155 2748 5209 obruatur
2777 5149 2957 5206 efficit.
3000 5149 3113 5206 Hoc
3149 5148 3201 5204 in
3244 5148 3408 5204 David
3446 5149 3657 5203 accidit.
3686 5146 4073 5220 Exspectabam

2462 5282 2475 5293 .
2493 5247 2639 5301 enim
2665 5244 2779 5299 fore
2806 5252 2861 5299 ut
2901 5242 2954 5296 in
2997 5241 3135 5297 mala
3165 5239 3477 5312 gravissima
3502 5238 3800 5295 incideret:
3833 5239 3924 5294 ille
3951 5252 4072 5294 vero

2493 5338 2662 5393 evasit
2688 5334 2904 5392 clarior.
2928 5331 3107 5399 Certe,
3140 5333 3331 5405 inquit,
3358 5331 3457 5389 sed
3488 5330 3593 5387 hoc
3612 5345 3720 5387 non
3738 5346 3924 5402 quaero
3951 5349 3968 5387 :
3993 5345 4073 5387 ve-

2557 5490 2630 5555 (a)
2653 5491 2860 5555 Semper
2881 5484 3029 5555 fasi);
3056 5484 3161 5535 Hoc
3186 5496 3249 5533 ex
3276 5481 3471 5555 Aqull‘m
3501 5477 4069 5555 editionedesurpptont

2495 5541 2849 5616 esse'videt'ur.
2872 5541 3149 5616 Oua_;de_re
3190 5541 3386 5616 necnon
3409 5544 3475 5591 de
3509 5541 3841 5616 Diapsalmate
3873 5541 3987 5616 vide
4019 5554 4068 5616 es

2496 5628 2608 5726 quas
2636 5614 2788 5676 paulo
2810 5604 2929 5681 ante
2954 5606 3257 5678 dicebamus.
3294 5606 3413 5655 Haec
3433 5616 3583 5667 porro
3620 5604 3771 5673 lectio
3804 5605 3854 5652 in
3882 5607 4068 5667 vulgata

2546 5675 2806 5724 ntiochena
2852 5671 3072 5720 editione
3116 5669 3267 5718 fuisse
3308 5664 3533 5725 videtur,
3576 5671 3633 5714 ut
3672 5664 3773 5713 alia
3814 5667 3971 5715 multa
4014 5676 4067 5714 ex

2501 5690 2806 5726 Antiocnena
2852 5690 3072 5720 eunuuuu
3116 5690 3267 5718 Iussu:
3311 5690 3533 5725 "utatur,

2501 5735 2734 5806 Orneus
2758 5730 2997 5806 "sese":
3017 5730 3293 5806 εξεξειωρὲθς
3448 5787 3533 5806 ..ψ

2566 5787 2636 5861 (ἶ)
2663 5796 2778 5849 Ηωε
2812 5787 3158 5858 interpretatio
3179 5787 3256 5841 est
3272 5791 3415 5856 juxta
3448 5787 3813 5851 Symmachum.
