4222 6454
199 424 309 483 815

200 554 322 597 rum
590 530 859 607 quomodo
878 547 930 606 pt
943 531 1096 603 oprio
1115 528 1341 586 consilio
1362 524 1600 585 confossi
1624 524 1801 598 perie-

201 636 354 697 runt.
397 636 455 685 et
490 626 579 685 dic
626 625 717 682 ubi
762 624 865 680 hoc
892 620 1158 680 evenerit.
1188 620 1247 676 In
1290 618 1548 676 iratribus
1572 616 1798 689 Ioseph.

201 720 342 779 cum
364 720 506 779 enim
527 718 726 777 vellent
744 732 867 775 eum
890 729 1107 773 servum
1131 712 1311 791 facere
1334 727 1402 770 ac
1424 709 1676 785 perdere.
1699 709 1802 781 ii"i

205 821 509 870 ﬂuctuum
536 807 835 881 periculum
876 805 1148 862 adierunt.
1179 802 1343 875 Atqui
1386 809 1445 858 et
1481 801 1538 858 in
1566 800 1802 857 servitu-

205 914 318 970 tem
344 911 399 961 et
437 903 493 959 in
522 912 773 973 mortem,
796 908 1053 971 quantum
1080 897 1138 953 in
1179 895 1262 953 eis
1285 894 1406 961 fuit.
1436 893 1528 954 ille
1550 892 1804 951 detrusus

202 1005 313 1057 est.
340 995 410 1052 Et
437 994 673 1053 Absalon
698 1007 823 1049 cum
846 990 1135 1046 invasisset
1157 986 1524 1061 tyrannidem.
1550 994 1609 1043 et
1636 983 1802 1041 vellet

207 1072 433 1159 patrem
455 1084 703 1158 perdere.
728 1083 846 1154 ipse
876 1096 972 1153 per
994 1095 1115 1145 eam
1134 1087 1325 1150 captus
1349 1086 1455 1135 est.
1479 1077 1570 1133 li.
1608 1075 1805 1133 Cedunt

206 1195 362 1250 super
387 1194 473 1233 eos
500 1175 743 1231 carbones
765 1174 899 1247 ignis
920 1190 942 1228 :
958 1173 1013 1227 in
1035 1172 1205 1244 ignem
1232 1168 1439 1240 dejicies
1464 1169 1622 1238 ipsos.
1650 1165 1807 1238 Quod

207 1267 363 1334 dicit,
391 1278 474 1325 est
497 1264 762 1337 ejusmodi
788 1283 803 1321 :
834 1261 1042 1320 Snillcit
1060 1260 1280 1334 quidem
1300 1260 1385 1317 vel
1410 1260 1586 1332 ipsum
1615 1257 1806 1315 vitium

208 1357 281 1416 ad
329 1373 427 1416 eos
469 1356 797 1429 perdendos,
845 1356 937 1426 qui
988 1355 1165 1425 ipsum
1210 1352 1643 1423 complectuntur
1667 1368 1685 1407 :
1709 1348 1809 1407 sed

206 1466 334 1507 cum
383 1464 451 1507 eo
491 1450 623 1506 iram
663 1462 876 1521 quoque
926 1445 1187 1503 divinitus
1233 1444 1529 1502 immissam
1572 1441 1827 1501 sustine-.

206 1541 365 1600 bunt.
389 1541 660 1600 Carboues
682 1552 864 1598 autem
894 1539 1034 1611 ignis
1057 1548 1114 1595 et
1139 1543 1317 1611 ignem
1339 1537 1427 1593 hic
1454 1535 1585 1593 dicit
1602 1534 1804 1606 supplic

208 1636 378 1700 cium,
399 1633 542 1706 quod
562 1648 594 1690 a
625 1632 761 1689 caelo
788 1631 1109 1697 immittitur.
1144 1629 1303 1701 sm
1329 1635 1511 1706 autem
1534 1642 1657 1684 cum
1688 1626 1810 1698 ipso

208 1704 432 1798 φαιιιέ
450 1726 573 1796 igne
610 1722 907 1780 immissum
932 1731 1037 1787 est,
1066 1729 1132 1777 ut
1165 1719 1362 1776 accidit
1389 1704 1533 1776 circa
1566 1717 1807 1787 Dathan,

209 1814 373 1879 Core.
400 1823 455 1872 et
474 1814 699 1881 Abiron.
726 1821 781 1870 et
806 1814 950 1869 circa
970 1827 1067 1869 eos
1090 1811 1182 1883 qui
1209 1811 1484 1867 fornacem
1517 1808 1807 1883 Babyloni-

210 1922 332 1981 catn
365 1904 851 1981 circumsistebant.
892 1903 959 1960 In
1005 1904 1245 1969 miseriis.
1284 1912 1331 1959 et
1370 1917 1473 1959 non
1516 1902 1806 1965 subsistat

209 1997 605 2068 Alius,-Cedeut
628 1998 684 2054 iu
709 2000 904 2071 ferens,
934 2014 1002 2054 ne
1023 2005 1294 2070 resurgunt
1322 1993 1423 2071 (α).
1465 1995 1639 2061 Alius,
1669 1992 1809 2052 Pro-

210 2109 351 2164 pere,
380 2102 429 2148 et
453 2108 554 2148 non
582 2091 968 2156 "surrexerint.
1000 2088 1313 2147 Secundum
1337 2103 1507 2144 unum
1544 2088 1809 2160 interpre-

210 2192 321 2241 tem
359 2185 480 2242 talis
515 2192 601 2241 cst
632 2182 898 2242 sententia
931 2200 948 2239 :
976 2181 1054 2239 ita
1082 2197 1179 2240 eos
1206 2180 1392 2253 perde,
1438 2189 1498 2238 ut
1538 2196 1648 2239 non
1686 2196 1808 2238 am-

209 2274 350 2347 plius
376 2285 679 2348 resurgant.
700 2272 1008 2332 Secundum
1026 2273 1257 2331 alterum
1276 2288 1432 2341 vero.
1458 2272 1593 2331 Cum
1615 2287 1810 2348 magna

207 2366 488 2425 celeritate
512 2384 530 2426 :
562 2366 665 2424 hoc
686 2366 833 2424 enim
862 2363 964 2421 sibi
988 2365 1099 2423 vult
1132 2363 1286 2431 illud,
1309 2362 1561 2436 Propere.

278 2439 499 2533 Lingua
517 2460 833 2532 petulantia;
859 2468 1120 2529 peccatum
1138 2457 1395 2513 «nationi
1427 2474 1521 2515 cur
1543 2473 1811 2529 compare-

207 2557 388 2608 tur.--
404 2548 492 2606 12.
520 2548 613 2606 Vir
638 2550 903 2623 linguosus
945 2564 1049 2605 non
1090 2548 1337 2622 dirigetur
1370 2548 1427 2604 in
1470 2558 1621 2605 terra.
1652 2549 1813 2607 νωι-

206 2654 373 2712 quam
393 2640 528 2698 dixit
548 2640 618 2697 de
643 2639 722 2699 ira
752 2640 870 2706 Dei.
910 2640 1147 2697 ostendit
1188 2654 1375 2697 riu-sus
1416 2640 1591 2711 ipsum
1626 2655 1725 2712 per
1747 2654 1810 2699 se

206 2730 397 2789 sititttu
432 2731 702 2799 suilli-ere.
743 2740 804 2789 ut
845 2731 928 2789 sui
974 2745 1320 2804 possessores
1354 2731 1562 2803 perdat.
1582 2730 1706 2795 Non
1723 2739 1811 2788 est

205 2834 388 2882 autem
416 2823 521 2884 hoc
547 2840 759 2898 quoque
783 2838 1005 2897 parvum
1046 2838 1218 2897 genus
1254 2823 1635 2895 improbitatis.
1687 2838 1811 2881 esse

203 2916 370 2974 nimis
412 2916 754 2985 insolentem,
796 2925 853 2974 et
895 2917 1129 2987 linguam
1176 2930 1286 2972 non
1324 2929 1486 2986 posse
1531 2914 1806 2973 cohibere.

203 3009 535 3082 languosum
560 3010 703 3069 enim
735 3010 823 3067 hic
850 3009 981 3065 dicit
1009 3008 1283 3065 hominem
1324 3006 1679 3079 petulantem,
1708 3021 1809 3062 uu-

203 3110 475 3173 gatorem.
521 3098 863 3166 maledicum,
912 3101 1004 3173 qui
1052 3101 1211 3156 latrat
1253 3098 1495 3165 assidue,
1534 3098 1627 3170 qui
1672 3112 1809 3155 cane

204 3192 486 3249 nihiloest
513 3193 705 3250 melius
727 3193 973 3250 allectus.
1022 3192 1116 3249 Dic
1158 3206 1293 3265 ergo
1331 3191 1508 3263 qualis
1555 3198 1641 3248 est
1688 3190 1809 3263 ejus

204 3282 433 3341 fructus.
479 3281 603 3339 Non
647 3285 915 3356 dirigetur,
958 3284 1151 3355 inquit,
1201 3284 1257 3339 in
1301 3293 1460 3339 terra.
1504 3284 1663 3340 Alius
1702 3283 1803 3355 (ι),

205 3376 334 3433 Non
358 3376 657 3442 stubilietur.
686 3376 788 3433 hoc
816 3386 917 3444 est,
959 3376 1261 3448 dejicietur.
1311 3384 1607 3442 evertetur.
1658 3376 1805 3446 peri-

202 3465 323 3524 bit..
356 3467 454 3543 llic
498 3477 583 3524 est
627 3469 832 3524 inicius
868 3466 1114 3523 maledici
1147 3475 1277 3524 :est
1311 3465 1563 3521 omnibus
1595 3464 1804 3533 hostis,

204 3561 455 3619 omnibus
477 3560 750 3627 molestus,
786 3559 971 3634 gravis
989 3568 1043 3617 et
1070 3559 1316 3619 acerbus.
1342 3557 1807 3628 Quemadmodum

202 3667 339 3725 ergo
364 3653 569 3726 quiest
594 3653 761 3718 mitis.
814 3652 1021 3723 patiens
1061 3660 1118 3707 et
1165 3650 1325 3717 lenis,
1364 3658 1420 3706 ct
1460 3649 1563 3705 scit
1603 3657 1803 3717 tacere,

204 3754 355 3801 tutus
399 3754 504 3810 est.
548 3754 734 3818 gratus
772 3754 827 3801 et
850 3742 1122 3812 iucundus
1142 3742 1394 3799 omnibus
1423 3758 1441 3800 :
1470 3742 1541 3798 ita
1566 3741 1657 3813 qui
1685 3741 1807 3797 talis

204 3844 314 3903 est,
343 3836 504 3892 vitam
532 3837 644 3908 agit
670 3835 930 3892 lubricam
960 3847 1017 3893 et
1044 3834 1197 3891 valde
1226 3834 1607 3906 periculosam,
1640 3833 1805 3889 undi-

205 3942 313 4000 que
331 3928 745 3986 innunterahiles
771 3928 1018 3984 inimicos
1042 3926 1111 3984 ad
1148 3942 1208 3983 se
1237 3940 1522 3983 accersens
1550 3935 1606 3983 et
1631 3933 1802 3983 attra-

206 4017 366 4089 hcns,
411 4028 467 4079 et
506 4028 633 4077 ante
672 4020 809 4075 alios
845 4034 997 4076 suam
1037 4018 1271 4075 animam
1298 4017 1646 4082 conturbatis,
1695 4032 1805 4075 non

206 4113 391 4169 sinetis
420 4127 543 4169 eam
566 4115 865 4186 quiescere.
892 4110 988 4168 sed
1027 4112 1189 4167 etiam
1230 4111 1380 4167 nullo
1415 4110 1465 4167 ei
1502 4111 1805 4168 molestiam

207 4204 525 4272 esbibente.
573 4204 995 4261 innumerabiles
1018 4204 1276 4261 tumultus
1302 4214 1358 4260 et
1383 4202 1518 4259 bella
1546 4204 1689 4259 intus
1713 4219 1808 4260 ex-

208 4296 401 4353 citans.
479 4294 658 4351 Virtuti
707 4295 952 4369 injustam:
1006 4294 1145 4351 male
1200 4294 1402 4364 capient
1436 4295 1491 4349 in
1523 4294 1805 4350 interitum.

210 4386 286 4446 Ita
318 4390 478 4444 etiam
507 4388 637 4444 dicit
663 4385 802 4443 alius
824 4386 1041 4459 sapiens
1069 4384 1410 4459 :Iniqttitatcs
1434 4386 1598 4440 eiram
1618 4398 1809 4440 mun-

209 4489 294 4535 tur
333 4478 423 4549 (c).
459 4479 589 4534 Vide
628 4493 815 4536 rursus
837 4477 1024 4534 vitium
1052 4476 1305 4534 sui'iicere
1328 4473 1399 4533 ad
1421 4489 1545 4532 eunt
1582 4474 1809 4546 perden-

204 4566 335 4621 dum
360 4564 450 4633 qui
480 4562 532 4617 id
563 4562 745 4618 habet.
793 4561 902 4619 Sed
948 4576 1054 4631 qua
1084 4562 1155 4618 de
1183 4576 1345 4618 causa
1385 4564 1565 4634 posuit
1607 4579 1803 4621 nomen

204 4653 544 4712 venationis?
592 4652 659 4710 Ut
700 4652 885 4709 videas
928 4652 982 4708 id
1033 4668 1158 4709 esse
1205 4652 1537 4722 inevitabile,
1570 4666 1629 4713 ut
1674 4659 1803 4723 etsi.

204 4759 328 4803 cum
360 4744 556 4815 injuste
587 4753 639 4801 te
665 4758 846 4814 geras.
880 4758 988 4800 non
1040 4745 1217 4801 statim
1268 4745 1495 4814 incidas,
1526 4762 1635 4803 non
1681 4748 1805 4805 ideo

204 4838 281 4894 sis
318 4836 461 4891 bono
492 4845 547 4891 ct
572 4836 760 4894 tldenti
796 4838 1000 4894 animo.
1031 4837 1180 4895 ‘l‘alis
1227 4839 1373 4895 enim
1419 4852 1504 4897 est
1545 4844 1799 4899 venatio:

204 4942 310 4986 non
363 4943 614 4999 semper,
665 4944 765 4985 nec
812 4929 1057 4998 protinus
1103 4932 1567 4998 assequitursscd
1615 4940 1829 5009 utnon.

203 5020 447 5088 quamvis
492 5019 546 5075 in
593 5021 881 5075 venatione
922 5036 1036 5076 non
1078 5024 1360 5091 capiantur
1405 5022 1570 5087 ferae.
1608 5040 1679 5082 ne
1720 5027 1799 5085 sic

202 5110 416 5181 quidem
439 5121 565 5167 tutae
592 5122 746 5179 sunt,
761 5112 887 5169 licet
914 5113 1123 5184 laqueis
1150 5115 1390 5170 nondum
1420 5117 1528 5171 siut
1556 5116 1803 5187 implica-

202 5214 291 5261 ιω.
321 5204 396 5260 lta
425 5206 586 5261 etiam
616 5222 723 5261 non
752 5207 992 5263 coniidat
1018 5208 1203 5264 anima
1246 5224 1365 5278 qme
1417 5210 1619 5277 injuste
1647 5211 1796 5280 iacit.

194 5296 302 5351 "etsi
328 5297 571 5351 nomlum
599 5306 757 5367 capta
787 5299 896 5354 sit:
921 5297 1211 5369 aliquando
1243 5302 1388 5357 enim
1436 5300 1700 5373 capiclttﬁ-
1735 5306 1796 5364 Si

198 5392 282 5448 vis
319 5393 374 5449 in
417 5402 533 5449 toto
556 5410 701 5463 esse,
730 5409 882 5453 cessa
926 5394 1044 5452 haec
1072 5411 1253 5467 agere,
1282 5408 1337 5454 et
1380 5412 1571 5469 magna
1602 5398 1799 5459 frueris

261 5525 335 5590 tu)
358 5525 477 5596 "me
505 5530 636 5596 prior
658 5530 1004 5596 interpretatio
1029 5530 1228 5596 ﬁtlgtur
1259 5543 1373 5596 esse
1396 5529 1539 5591 juxta
1561 5531 1795 5596 Theodo-

194 5588 535 5659 magna
552 5588 849 5659 aliquantum
869 5588 1026 5659 rei-let
1047 5594 1095 5641 in
1120 5591 1361 5657 llexaplis
1385 5588 1585 5659 nostris,
1612 5595 1699 5645 ubi
1722 5596 1796 5645 vl-

192 5650 347 5718 dosis.
368 5650 786 5718 Mentori-nius
805 5655 865 5702 sit
888 5656 1161 5718 ignoratur.

282 5713 330 5770 bl
356 5714 482 5777 Quis
504 5719 567 5764 sit
588 5715 666 5765 hic
686 5713 937 5777 interpres
962 5717 1233 5777 ignoratur.

281 5783 331 5837 cl
354 5776 472 5839 liae
494 5779 653 5839 primo
674 5776 936 5839 wmpemu
971 5776 1033 5829 es
1072 5778 1168 5829 alio
1190 5779 1317 5827 libro
1344 5778 1603 5839 desuntpta
1623 5779 1794 5830 viden-

192 5838 569 5956 sunt
588 5840 729 5903 juxta
767 5838 1232 5906 interpretationrm
1267 5838 1561 5905 Symmachi.
1584 5841 1712 5898 Vide
1742 5846 1791 5893 in

1302 406 1666 468 EXPOSI'I'IO
1703 404 1770 463 IN
1795 402 2121 464 PSALIUH
2156 402 2321 467 CXL.

3411 405 3521 467 ω

1910 521 2217 582 securitate.
2259 521 2372 579 Cur
2400 528 2577 577 autem
2604 519 2760 588 dixit.
2794 520 2863 577 In
2892 521 3151 579 iuta-itaut
3172 521 3199 577 .’
3246 521 3517 591 Quoniam

1908 615 2061 672 multi
2100 615 2386 685 capiuntur
2426 611 2505 668 ad
2535 613 2763 669 salutem
2792 629 2807 667 :
2838 613 3008 685 tit-qui
3031 612 3101 669 ab
3126 613 3409 687 apostolis.
3460 623 3521 669 ut

1909 708 2000 780 qui
2025 723 2058 764 a
2080 706 2284 764 sanctis
2316 705 2467 763 viris.
2513 706 2584 763 At
2608 720 2716 762 nou
2746 706 2899 772 mali.
2926 705 3144 779 quando
3167 719 3264 763 eos
3288 716 3521 763 venatur

1911 802 2137 867 vitium;
2177 800 2275 859 sed
2317 800 2386 859 ad
2435 798 2730 872 perniciem
2772 808 2829 856 et
2866 799 3162 856 interitum.
3196 800 3261 856 Et
3288 815 3388 856 cur
3410 814 3517 857 neu

1911 907 1945 951 e
1988 894 2214 965 vestigio
2263 891 2447 949 vitium
2492 891 2843 963 consequitur
2878 891 3201 964 supplicium
3220 892 3248 947 τ
3294 892 3520 965 Propter

1914 986 2128 1049 Domini
2172 986 2537 1044 clememiam.
2594 985 2652 1044 Si
2696 985 2842 1043 enim
2893 985 3057 1044 vellet
3086 985 3155 1043 de
3194 1002 3523 1060 unoquoque

1912 1095 2113 1136 eorum
2158 1080 2251 1152 qui
2318 1087 2546 1152 peccant
2610 1080 2856 1151 protinus
2916 1079 3235 1152 supplicium
3278 1096 3516 1148 sumere.

1910 1169 2022 1241 jam
2071 1169 2305 1227 maxima
2348 1185 2419 1226 es
2476 1178 2630 1241 parte
2690 1168 2961 1227 sublatum
3024 1179 3171 1228 esset
3222 1171 3519 1229 humanum

1914 1274 2102 1330 genus.
2158 1261 2246 1317 l3.
2308 1258 2534 1334 Cognoui
2595 1261 2718 1332 quia
2766 1260 2921 1332 [acia
2968 1259 3219 1336 Dominus
3259 1262 3521 1334 judicium

1914 1350 2128 1420 inopum
2151 1359 2200 1406 et
2228 1350 2506 1406 vindictam
2542 1351 2845 1423 μιαρῶν».
2888 1352 2976 1407 η.
3010 1349 3373 1409 Verumtamen
3386 1355 3525 1428 justi

1916 1440 2292 1512 conﬁtebuntur
2344 1443 2543 1499 κοικὶπὲ
2595 1452 2706 1511 tuo.
2770 1452 2819 1503 et
2878 1443 3181 1501 habitabant
3236 1447 3363 1502 recti
3400 1462 3522 1503 sunt

1916 1531 2065 1588 uultu
2102 1541 2212 1589 tuo.
2251 1532 2425 1603 Alius,
2467 1533 2624 1607 Apud
2672 1533 2870 1591 uultum
2924 1545 3090 1591 tuum.
3149 1535 3256 1593 Pro
3303 1535 3526 1595 Habita-

1916 1623 2042 1680 bant
2087 1634 2293 1695 autem,
2330 1625 2471 1683 alius
2512 1626 2662 1694 dicit,
2701 1624 3084 1707 Permittit
3122 1626 3223 1703 (ο),
3265 1638 3324 1686 et
3361 1631 3524 1700 alios.

1917 1713 2181 1777 Sedebant
2225 1732 2248 1771 :
2288 1724 2346 1774 et
2391 1731 2491 1789 pro
2530 1715 2758 1791 Cognoui
2781 1759 2799 1783 .
2863 1716 3008 1777 Scin.
3060 1718 3327 1790 Quoniam
3374 1725 3525 1780 enim

1915 1805 2076 1874 dixit,
2132 1808 2494 1877 venabuntur,
2534 1818 2591 1866 et
2630 1809 2907 1882 pet-ibam,
2947 1824 3051 1868 nec
3073 1811 3312 1870 ostendit
3337 1814 3521 1870 statim

1864 1944 1875 1957 ι
1916 1898 2203 1957 imminere
2240 1900 2567 1973 supplicium
2596 1918 2613 1956 :
2642 1916 2713 1959 ne
2749 1901 2872 1973 quis
2907 1917 2977 1960 ex
3013 1903 3387 1961 crassius-ibus
3401 1905 3531 1963 ideo

1916 1988 2237 2067 redderetur
2278 1990 2672 2063 negligentior,
2722 1991 3003 2064 subjuusit
3054 1993 3208 2063 illud.
3254 1993 3523 2069 Cognoui.

1916 2081 2208 2139 ostendens
2251 2080 2305 2138 id
2345 2081 2568 2138 omnino
2611 2081 3014 2155 iuturum..Qui
3038 2085 3183 2143 enim
3214 2084 3409 2159 injuria
3444 2087 3528 2145 ai-

1917 2170 2044 2229 i'ecti
2079 2182 2229 2243 sunt,
2271 2173 2701 2232 non'manebunt
2727 2173 2905 2234 inulti.
2926 2176 3204 2249 Pauperes
3225 2189 3408 2237 autem
3435 2178 3528 2238 hic

1918 2281 2027 2324 non
2062 2266 2313 2341 intelligit
2354 2267 2603 2325 absolute
2640 2283 2927 2342 pauperes.
2982 2271 3079 2329 sed
3125 2286 3224 2329 ens
3253 2275 3355 2347 qui
3392 2281 3530 2335 sunt

1914 2356 2077 2416 valde
2113 2357 2368 2427 humiles,
2422 2360 2516 2431 qui
2559 2369 2688 2418 sunt
2720 2361 2959 2418 contriti.
3002 2361 3130 2420 ttae
3152 2374 3335 2422 autem
3356 2362 3525 2430 dicit.

1914 2466 2013 2510 eos
2048 2452 2141 2525 qui
2171 2451 2367 2523 injuria
2391 2450 2724 2524 afﬁciuntur,
2770 2454 3078 2521 consolans.
3108 2466 3164 2512 et
3188 2471 3287 2513 eus
3313 2458 3405 2530 qui
3439 2458 3525 2515 ia-

1916 2544 2071 2601 ciunt
2104 2543 2380 2616 injuriam,
2426 2544 2709 2618 corrigens
2744 2544 3153 2619 admoneusque
3181 2563 3197 2601 :
3227 2555 3287 2604 ut
3314 2531 3415 2605 nec
3449 2548 3529 2610 illi

1917 2645 2137 2711 propter
2178 2651 2390 2694 moram
2412 2635 2725 2711 desperent.
2762 2653 2864 2696 nec
2887 2636 2941 2695 hi
2969 2651 3191 2712 propter
3212 2641 3527 2701 dilationem

1915 2727 2214 2785 reddantur
2234 2727 2598 2787 socordiores.
2647 2728 2844 2786 Dilatio
2878 2732 3026 2787 enim
3066 2731 3217 2790 ducit
3252 2733 3325 2791 ad
3348 2720 3528 2806 paui-

1917 2819 2143 2875 tentiam
2176 2836 2192 2875 :
2221 2834 2348 2877 eum
2384 2829 2568 2878 autem
2597 2819 3046 2894 qui.pcrsererat.
3088 2826 3244 2897 punit
3262 2828 3483 2899 gravius
3511 2850 3527 2889 :

1916 2913 2080 2987 idque
2111 2914 2327 2972 merito.
2378 2914 2595 2985 Quare?
2624 2914 2783 2985 Quod
2811 2933 2935 2974 cum
2964 2918 3018 2975 in
3043 2932 3105 2975 sc
3134 2928 3337 2977 lautam
3365 2921 3527 2980 boni-

1916 3012 2082 3062 tatem
2116 3004 2403 3071 senserint.
2442 3021 2781 3078 nequaquam
2806 3008 3059 3067 meliores
3082 3012 3373 3069 evaserint.
3414 3013 3526 3072 Co-

1872 3170 1879 3181 .
1913 3097 2024 3169 gita
2072 3111 2305 3167 namque
2350 3107 2549 3170 quanta
2593 3099 2778 3157 sitDei
2817 3102 3127 3170 clementia,
3173 3105 3395 3176 quando
3429 3123 3528 3166 eos

1915 3191 2008 3262 qui
2046 3198 2173 3247 sunt
2209 3189 2313 3246 sibi
2356 3190 2578 3257 addicti.
2628 3192 2773 3249 mala
2799 3195 2907 3263 pati
2947 3192 3226 3265 permittit,
3266 3213 3369 3255 nec
3395 3199 3528 3259 ulci-

1915 3283 2106 3351 scitur,
2143 3282 2331 3339 volens
2356 3291 2411 3340 te
2436 3284 2753 3357 paenitentia
2780 3285 3062 3343 meliorem
3092 3286 3291 3345 facere.

1988 3372 2145 3431 Ratio
2180 3391 2215 3430 u
2264 3372 2372 3430 Deo
2409 3391 2514 3430 non
2550 3377 2826 3447 poscatdu.
2865 3406 2939 3419 -—
2986 3376 3349 3437 Van-atumat
3384 3383 3522 3455 justi

1914 3467 2292 3537 conﬁtebuntur
2334 3467 2532 3523 nomini
2580 3476 2690 3524 tuo.
2749 3466 2891 3538 Quid
2933 3471 3201 3541 estquod
3243 3471 3409 3532 dicit?
3461 3475 3520 3534 In

1917 3576 2293 3635 quocumque.
2336 3560 2540 3632 inquit,
2570 3559 2844 3625 evenerit.
2878 3561 2953 3616 illi
2982 3572 3142 3635 agent
3163 3565 3367 3637 gratias
3388 3584 3404 3623 :
3426 3582 3523 3626 seu

1917 3651 2149 3709 viderint
2187 3650 2420 3708 humiles
2448 3649 2662 3722 injuriis
2689 3650 2810 3708 all'et
2829 3658 2944 3719 tos.
2974 3668 3069 3709 seu
3109 3645 3282 3714 malos
3308 3657 3480 3716 elatos
3502 3705 3519 3727 .

1916 3759 2026 3801 non
2056 3744 2274 3815 esigent
2298 3743 2561 3799 rationem
2586 3757 2686 3799 cur
2711 3742 2800 3800 illa
2827 3742 2977 3801 llam.
3006 3743 3121 3802 Hoc
3157 3756 3245 3805 est
3269 3749 3414 3806 enim
3439 3755 3523 3811 vcl

1915 3836 2151 3893 maxime
2165 3835 2460 3907 iustorum.
2478 3848 2698 3907 semper
2714 3844 2769 3892 et
2790 3835 2844 3892 in
2861 3836 3114 3894 omnibus
3125 3839 3325 3910 gratias
3340 3840 3524 3915 agere.

1916 3929 1987 4003 Et
2013 3928 2311 3985 dubitabunt
2330 3929 2455 3984 recti
2474 3944 2592 3984 cum
2611 3928 2755 3985 vultu
2777 3937 2865 3984 tuo
2882 3944 2903 3985 :
2918 3929 3021 3986 ltoc
3041 3938 3147 3999 est,
3169 3930 3342 3989 Tuum
3366 3948 3523 3995 asse-

1916 4012 2070 4096 quuti
2096 4020 2375 4086 auxilium,
2407 4028 2463 4077 et
2487 4018 2559 4077 de
2589 4028 2642 4076 te
2670 4035 2793 4077 cum
2822 4020 2934 4077 suis
2962 4021 3159 4078 animis
3184 4024 3483 4096 cogitantes
3504 4068 3525 4095 ,

1916 4128 2134 4185 semper
2175 4121 2353 4169 tecum
2392 4121 2696 4179 versantes,
2739 4126 2773 4168 a
2812 4120 2870 4169 te
2901 4126 3190 4185 numquam
3228 4114 3524 4177 recedent:

1915 4202 2177 4278 quidquid
2206 4201 2469 4272 evenerit,
2500 4201 2635 4259 nihil
2660 4218 2915 4275 umquam
2935 4202 3016 4262 eis
3043 4219 3187 4277 agre
3215 4205 3396 4275 fuerit,
3422 4225 3525 4267 nec

1915 4298 1985 4356 de
2010 4298 2094 4354 eis
2121 4311 2244 4369 qua:
2290 4295 2574 4362 accident.
2623 4311 2879 4368 umquam
2919 4307 3236 4367 querentur.
3280 4297 3395 4358 Hoc
3440 4312 3528 4361 est

1918 4390 2062 4447 enim
2089 4389 2256 4446 animi
2287 4387 2580 4445 immobilis
2598 4430 2615 4455 ,
2644 4386 2748 4444 hoc
2777 4389 2945 4445 iirmte
2970 4389 3168 4447 mentis
3194 4405 3261 4448 ac
3285 4393 3522 4466 stabilis,

1918 4499 2030 4540 non
2067 4499 2293 4557 poscere
2336 4500 2368 4544 a
2406 4484 2637 4543 Domino
2670 4501 2857 4544 eorum
2898 4500 3019 4558 qum
3057 4481 3522 4545 iluni.rationem.

1911 4568 2177 4637 Quocirca
2226 4571 2441 4625 dicebat
2487 4571 2685 4630 Paulus
2724 4590 2739 4628 :
2776 4574 3164 4645 Verumtamen,
3192 4591 3229 4634 ο
3254 4583 3431 4647 ηοω,
3458 4588 3517 4637 tu

1909 4660 2026 4727 quis
2055 4676 2110 4716 es
2138 4661 2230 4731 qui
2250 4663 2566 4732 respondeas
2598 4662 2748 4719 Dro.’
2771 4665 3041 4737 Numquid
3061 4670 3523 4745 dicitnﬁgmeutumr

1907 4750 2092 4821 ﬁgulo,
2144 4750 2252 4808 Cur
2296 4770 2379 4809 tus
2416 4755 2584 4824 fecisti
2623 4755 2906 4831 sie(Rom.
2942 4760 2996 4817 9.
3036 4759 3166 4835 εον
3195 4762 3309 4818 Iloc
3353 4762 3516 4836 igitur

1909 4845 2073 4900 modo
2102 4860 2203 4902 nos
2242 4862 2461 4919 quoque
2504 4863 2727 4919 setnper
2765 4861 2922 4921 grato
2962 4853 3135 4912 simus
3178 4856 3383 4925 animo,
3415 4872 3515 4928 pro

1906 4937 2161 4995 omnibus
2190 4938 2301 4994 Deo
2322 4938 2528 5009 gratias
2547 4948 2771 5011 agentes
2795 4958 2811 4997 :
2834 4943 3089 5014 quoniam
3116 4946 3168 5002 ei
3190 4946 3381 5018 gloria.
3397 4963 3522 5019 gra.

1908 5031 2104 5087 tiaram
2131 5034 2298 5101 actio,
2326 5042 2385 5089 et
2410 5032 2683 5100 adoratio.
2714 5048 2857 5091 nunc
2882 5042 2940 5093 et
2975 5050 3219 5109 semper,
3250 5047 3306 5094 «ιι
3332 5039 3387 5093 in
3420 5039 3509 5095 in.

1906 5120 2284 5180 iluita.s:ecula
2307 5124 2657 5184 seculorum.
2688 5128 2885 5183 Amen.

2382 5237 2451 5295 IN
2490 5238 2821 5298 PSALIIUH
2860 5238 3021 5298 CXL.

1904 5351 1959 5412 ι.
2009 5351 2246 5418 Domino,
2275 5353 2495 5409 clamaui
2533 5354 2605 5407 sd
2652 5363 2718 5417 te.
2749 5352 2939 5409 exaudi
2980 5367 3064 5407 tu
3094 5365 3115 5407 :
3145 5351 3367 5409 intendo,
3402 5346 3513 5405 uoti

2297 5462 2444 5513 nec,
2470 5463 2586 5501 cunt
2613 5448 2903 5501 clamarem
2941 5448 3013 5503 ad
3042 5455 3111 5503 te.

1978 5556 2030 5615 1.
2064 5556 2237 5628 Hujus
2259 5558 2485 5631 quidem
2509 5559 2709 5616 Psalmi
2737 5563 2903 5619 verba
2926 5577 3065 5635 pene
3085 5577 3278 5621 omnes
3299 5564 3507 5631 sciunt,

1899 5661 1952 5706 et
1977 5666 2070 5721 per
2093 5667 2311 5709 omnem
2333 5663 2547 5710 aetatem
2566 5665 2827 5727 perpetuo
2846 5665 3046 5712 canunt
3064 5658 3216 5729 :quis
3230 5659 3304 5714 sit
3320 5666 3505 5714 autem

1900 5758 2095 5800 sensus
2114 5759 2324 5810 eorum.
2338 5761 2460 5817 qum
2480 5745 2625 5803 dicta
2645 5756 2792 5813 sunt.
2811 5748 3077 5804 nesciunt.
3096 5747 3252 5818 Quod
3278 5746 3501 5821 quidem

1966 5902 2040 5964 (tt)
2075 5900 2195 5954 Haec
2219 5903 2568 5967 interpretatio
2591 5909 2674 5957 est
2688 5904 2829 5969 juxta
2852 5904 3224 5971 Symmachum.
