4154 6452
690 423 789 479 6‘17

691 556 800 597 non
831 549 913 594 est
943 549 1098 606 parva
1141 530 1554 600 reprehensione
1578 526 1791 596 dignum
1818 565 1834 589 ,
1864 536 1957 578 eos
1985 519 2072 590 qui
2097 518 2272 589 quoti-

692 632 783 688 die
809 636 1023 689 canunt.
1055 633 1107 680 et
1129 637 1224 679 ore
1252 621 1408 676 verba
1438 619 1731 689 proferunt,
1762 631 1866 670 non
1894 627 2135 683 quaerere
2168 619 2272 663 vim

689 718 1111 781 sententiarum,
1158 728 1278 785 qua:
1319 712 1371 765 iu
1417 708 1500 765 bis
1533 707 1710 763 verbis
1750 706 1866 760 sitat
1903 713 2045 757 sunt.
2088 700 2194 755 Sed
2229 700 2276 755 si

695 813 886 869 viderit
911 809 1124 881 quidem
1155 803 1416 875 quispiam
1434 804 1635 871 ‘aqnam
1668 812 1851 868 put-nm
1882 805 1935 850 et
1963 792 2232 862 limpidam
2257 831 2272 853 ,

695 921 801 960 non
840 917 900 958 se
929 900 1190 962 tenuerit,
1235 895 1364 966 quin
1408 894 1475 947 ad
1521 906 1638 946 eam
1687 888 1939 951 accedat,
1983 893 2193 953 tangat,
2221 890 2276 936 et

698 997 870 1058 bibat;
900 1002 952 1048 et
977 991 1065 1061 qui
1093 989 1146 1042 in
1173 996 1380 1057 pratum
1410 981 1623 1039 assidue
1665 979 1990 1051 ingreditur,
2035 974 2133 1028 insi
2161 971 2274 1027 col-

696 1087 846 1140 lectis
874 1085 1022 1152 prius
1043 1079 1248 1149 aliquot
1287 1075 1538 1139 ﬂoribus,
1573 1069 1825 1126 recedere
1867 1067 2082 1122 minime
2111 1062 2273 1118 susti-

698 1175 871 1231 nuerit
894 1191 908 1228 :
936 1187 1032 1227 vos
1055 1181 1230 1226 autem
1250 1167 1340 1238 qui
1366 1165 1435 1220 ab
1463 1165 1675 1219 ineunte
1702 1169 1860 1214 rtate
1883 1157 1952 1212 ad
1979 1163 2273 1211 extremam

697 1279 863 1337 usque
891 1271 1215 1318 senectutem
1253 1259 1395 1312 hunc
1435 1254 1704 1312 Psalmum
1745 1247 2109 1310 meditamiui,
2141 1243 2272 1299 nihil

694 1356 836 1412 aliud
862 1368 1020 1425 quam
1047 1351 1208 1406 verba
1236 1358 1491 1418 perpetuo
1513 1344 1723 1407 tenetis.
1745 1342 2004 1397 absconso
2024 1338 2274 1393 thesauro

694 1444 939 1501 assidetis
958 1483 972 1506 ,
1013 1441 1342 1511 obsignatam
1372 1449 1678 1492 crumenam
1700 1431 2072 1494 circumfertis,
2094 1435 2148 1482 et
2175 1441 2275 1482 nec

693 1554 723 1590 a
755 1535 1058 1591 curiositate
1084 1530 1297 1603 quidem
1343 1528 1590 1583 incitatus
1617 1533 1700 1580 est
1725 1521 1983 1592 quispiam
2015 1528 2071 1573 ut
2098 1518 2271 1572 disce-

693 1637 794 1692 ret,
823 1624 948 1696 quid
987 1632 1070 1678 est
1097 1619 1236 1692 quod
1259 1618 1451 1674 dicitur
1473 1634 1486 1670 :
1512 1631 1617 1670 non
1642 1613 1900 1683 quresivit,
1937 1625 2042 1664 non
2071 1617 2274 1664 scruta-

698 1729 782 1772 tus
824 1722 926 1773 est.
970 1717 1297 1782 Quamquam
1345 1723 1445 1764 nec
1491 1705 1618 1762 illud
1661 1704 1874 1776 quidem
1918 1702 2021 1756 dici
2065 1709 2270 1770 potest,

695 1823 815 1864 cum
841 1816 984 1864 esset
1013 1806 1249 1860 Psalmus
1276 1808 1517 1872 apertus,
1547 1811 1736 1852 omnes
1765 1794 1998 1849 invitavit
2028 1792 2094 1848 ad
2123 1806 2272 1847 som-

697 1913 824 1953 num
847 1937 864 1962 ,
901 1911 1001 1952 nec
1043 1895 1164 1949 sivit
1190 1902 1246 1948 ut
1271 1898 1596 1963 quatreretur
1621 1885 1759 1957 quod
1784 1895 1899 1940 ent
1925 1883 1990 1937 ad
2033 1897 2265 1938 manum.

698 1991 792 2045 Est
815 1987 958 2043 enim
984 1987 1241 2041 obscurus
1263 2025 1276 2048 ,
1306 1981 1603 2049 sullieitque
1639 1977 1705 2031 ad
1741 1992 1864 2030 eum
1891 1972 2226 2030 excitandum
2253 2013 2269 2037 ,

695 2083 786 2153 qui
817 2097 921 2136 non
954 2079 1109 2134 nimis
1136 2074 1396 2146 profunde
1436 2071 1636 2128 dormit
1655 2111 1670 2133 ,
1718 2070 1824 2124 imo
1847 2082 1969 2122 eum
1998 2066 2155 2120 etiam
2182 2064 2271 2134 qui

695 2173 914 2227 omnino
942 2170 1158 2225 dormit.
1185 2166 1321 2234 Quid
1366 2165 1506 2220 enim
1534 2173 1615 2217 est
1642 2160 1768 2217 illud
1790 2201 1806 2227 ,
1855 2160 1908 2214 ι.
1943 2157 2026 2212 Ne
2055 2157 2273 2211 declines

694 2281 784 2318 cor
805 2279 967 2317 meum
993 2263 1047 2315 in
1075 2260 1219 2315 verba
1248 2257 1494 2312 malitia?
1515 2253 1640 2326 quid
1668 2268 1816 2318 vero,
1838 2253 1893 2306 5.
1920 2249 2167 2320 Corripiet
2196 2264 2275 2302 me

689 2357 862 2428 justus
886 2354 936 2406 in
963 2350 1304 2406 misericordia
1322 2389 1339 2414 ,
1388 2357 1434 2402 et
1463 2344 1738 2414 increpabit
1763 2344 1883 2398 me?
1905 2341 2058 2408 Quod
2097 2347 2273 2395 autem

693 2447 1058 2515 consequitur,
1087 2445 1202 2508 dic,
1231 2454 1434 2512 quaeso,
1460 2453 1637 2494 annon
1665 2445 1747 2493 est
1771 2434 2093 2507 quibuslibet
2121 2441 2273 2488 tene-

695 2541 808 2596 bris
841 2533 1256 2593 tenebricosius?
1284 2532 1536 2600 Quoniam
1582 2529 1747 2583 adhuc
1775 2537 1821 2581 et
1866 2526 2031 2580 oratio
2069 2539 2179 2577 mea
2220 2523 2273 2576 in

697 2630 1018 2699 beneplocitis
1042 2642 1232 2681 eorum.
1254 2623 1308 2680 θ.
1332 2622 1565 2694 Διωνμί
1593 2629 1710 2674 sunt
1720 2617 1885 2690 juncti
1905 2626 2060 2686 petris
2073 2614 2274 2685 judices

695 2735 891 2774 eorum.
921 2716 1174 2784 Quamvis
1201 2724 1372 2768 tamen
1401 2721 1477 2766 tot
1504 2711 1610 2765 sint
1635 2709 1882 2772 obscura,
1915 2705 2072 2760 veluti
2098 2701 2270 2774 quod-

698 2811 820 2865 dam
844 2809 1127 2870 canticum,
1151 2820 1212 2860 ea
1239 2803 1386 2858 multi
1413 2802 1597 2856 leviter
1622 2807 2048 2871 prtetercurrunt.
2077 2794 2184 2850 Sed
2205 2809 2274 2850 ne

694 2899 823 2954 dum
865 2899 918 2954 in
945 2895 1356 2967 reprehensione
1383 2893 1603 2948 nimium
1645 2891 2016 2952 immoramur,
2047 2888 2272 2942 molesta

695 2991 888 3047 evadat
913 2991 1102 3054 oratio,
1134 3003 1230 3058 age
1254 2986 1318 3041 ad
1345 3001 1406 3041 ea
1437 3000 1556 3056 quae
1581 2983 1719 3040 dicta
1748 2991 1870 3038 sunt
1895 2979 2273 3053 perscrutanda

696 3084 992 3138 veniamus.
1021 3080 1128 3136 Sed
1152 3080 1428 3150 diligenter
1454 3076 1710 3133 attendite
1735 3093 1748 3129 :
1771 3089 1945 3145 neque
1976 3073 2119 3130 enim
2148 3081 2275 3142 puto

699 3174 863 3230 fuisse
893 3185 1092 3228 temere
1128 3171 1398 3227 decretum
1440 3187 1469 3222 a
1515 3167 1750 3238 patribus
1772 3208 1786 3231 ,
1830 3176 1887 3220 ut
1926 3165 2009 3220 bic
2036 3164 2275 3220 Psalmus

699 3282 920 3338 vespere
947 3265 1214 3321 diceretur
1231 3261 1464 3332 quotidie
1485 3260 1585 3333 (α),
1613 3274 1784 3330 neque
1813 3266 2027 3328 propter
2054 3256 2105 3312 id
2132 3255 2273 3326 quod

701 3358 754 3414 in
784 3372 851 3414 eo
878 3356 1072 3411 dicitur
1095 3397 1110 3420 ,
1154 3353 1381 3408 Elevatio
1423 3367 1665 3405 manuum
1703 3366 1930 3404 mearum
1968 3349 2273 3417 sacriﬁcium

699 3448 1055 3517 uespertinum.
1099 3437 1228 3499 Nam
1273 3443 1503 3517 idipsum
1547 3454 1758 3511 quoque
1798 3441 1849 3495 in
1891 3440 2008 3494 aliis
2049 3438 2274 3495 Psalmis

701 3538 924 3602 dicitur,
961 3531 1406 3605 quemadmodum
1450 3532 1503 3585 in
1548 3532 1637 3585 illo
1666 3531 1754 3600 qui
1783 3529 1910 3586 dicit
1937 3547 1951 3584 :
1979 3527 2192 3598 Vespere
2227 3538 2274 3582 et

704 3645 850 3682 ntane
874 3637 920 3682 et
946 3625 1151 3680 meridie
1175 3624 1392 3678 narrabo
1421 3634 1467 3677 et
1501 3623 1810 3677 annuntiabo
1837 3620 2005 3691 (Psal.
2037 3622 2124 3676 54.
2158 3621 2271 3690 18).

703 3718 772 3773 Et
799 3732 1002 3781 rursus,
1033 3715 1174 3770 Tuus
1199 3723 1271 3768 est
1297 3715 1423 3777 dies,
1450 3723 1498 3768 et
1527 3722 1614 3766 tua
1640 3722 1711 3766 est
1731 3728 1832 3766 no.1:
1854 3710 2023 3783 (Psal.
2047 3712 2130 3766 75.
2160 3713 2271 3781 l6).

702 3809 768 3864 Et
797 3822 979 3863 rursus
997 3847 1012 3873 ,
1053 3805 1264 3876 Vespere
1292 3804 1632 3859 demorabitur
1669 3804 1816 3872 ﬂetus
1840 3845 1853 3866 ,
1881 3813 1926 3856 et
1953 3804 2006 3856 in
2033 3805 2274 3858 matutino

703 3898 971 3955 exsultatio
1011 3897 1177 3968 (Psal.
1221 3896 1311 3951 29.
1357 3895 1448 3967 6),
1492 3904 1548 3950 et
1592 3896 1743 3950 multi
1787 3905 2008 3964 possunt
2051 3896 2276 3952 inveniri

709 3989 904 4045 Psalmi
931 3990 1019 4059 qui
1050 3990 1348 4058 vespertino
1377 3986 1600 4056 tempori
1639 3987 1973 4041 conveniant.
2007 3985 2119 4041 Non
2148 4001 2276 4057 ergo

709 4089 984 4150 propterea
1029 4077 1169 4132 hunc
1215 4077 1478 4133 Psalmum
1525 4077 1875 4132 decreverunt
1919 4088 2129 4146 patres,
2180 4076 2276 4132 sed

704 4181 969 4240 tamquam
997 4169 1226 4222 salutare
1248 4167 1458 4237 aliquod
1489 4166 1828 4236 pbarmacum
1858 4174 1912 4222 et
1939 4177 2274 4236 peccatorum

708 4263 992 4333 piaculum,
1015 4270 1072 4315 ut
1096 4261 1138 4315 is
1167 4261 1452 4324 diceretur,
1480 4260 1890 4325 constituerunt,
1923 4269 1979 4314 ut
2003 4275 2274 4328 quaecum-

709 4370 812 4424 que
837 4353 1021 4408 sordes
1046 4363 1136 4407 aut
1162 4353 1379 4406 macula:
1409 4353 1600 4406 fuerint
1623 4368 1651 4405 a
1675 4351 1827 4406 nobis
1850 4362 1960 4406 toto
1984 4352 2070 4408 die
2097 4368 2279 4408 susce-

707 4453 812 4512 ptat
837 4484 852 4508 ,
891 4441 1016 4496 dum
1045 4442 1125 4495 vel
1157 4442 1207 4494 in
1249 4440 1398 4508 foro,
1430 4443 1513 4496 vel
1541 4441 1682 4495 domi
1704 4483 1718 4505 ,
1748 4441 1832 4496 vel
1863 4443 1914 4496 in
1943 4458 2276 4519 quocumque

705 4534 810 4587 alio
838 4533 952 4587 loco
982 4546 1284 4593 versamur,
1316 4547 1406 4586 cas
1431 4546 1551 4586 cum
1581 4531 1646 4586 ad
1677 4547 1951 4600 vesperum
1978 4535 2279 4602 pervencri-

707 4637 858 4689 mus,
903 4638 998 4692 per
1040 4622 1309 4691 spirituale
1352 4621 1453 4676 hoc
1494 4638 1707 4676 carmen
1750 4624 2134 4693 abstergamus.
2183 4623 2279 4678 Est

706 4713 848 4767 enim
875 4713 1311 4767 medicamentum
1339 4713 1477 4782 quod
1507 4712 1644 4767 delet
1671 4712 1784 4768 ιιωο
1803 4715 1999 4768 omnia.
2029 4713 2177 4769 Talis
2197 4724 2280 4769 est

707 4803 867 4856 etiam
923 4801 1162 4856 Psalmus
1209 4806 1496 4856 matutinus
1531 4821 1544 4856 :
1577 4803 1707 4857 nihil
1759 4805 1899 4858 enim
1951 4814 2094 4858 vetat
2141 4806 2278 4861 illius

708 4908 918 4962 quoque
946 4893 1174 4947 breviter
1212 4894 1534 4946 meminisse.
1568 4895 1821 4948 Accendit
1848 4896 1988 4949 enim
2029 4897 2080 4949 in
2113 4897 2276 4951 Deum

707 4984 1023 5036 desiderium
1045 5025 1057 5046 ,
1108 4995 1159 5037 et
1199 4985 1431 5038 animum
1460 4986 1689 5048 excitat,
1735 5000 1797 5038 ac
1825 4996 2097 5055 postquam
2127 4989 2278 5042 valde

707 5073 1066 5136 inﬂammavit,
1099 5089 1389 5142 magnaque
1411 5075 1637 5142 replevit
1663 5076 1840 5128 laetitia
1867 5085 1919 5129 et
1943 5078 2181 5140 caritate,
2208 5079 2276 5133 ita

707 5163 964 5232 permittit
991 5165 1260 5218 accedere.
1297 5164 1578 5219 Videamus
1614 5175 1788 5221 autem
1833 5166 2095 5221 undcnam
2143 5169 2275 5222 inci-

707 5253 833 5320 piat,
854 5262 905 5306 et
927 5253 1048 5321 quid
1077 5270 1172 5306 nos
1197 5255 1383 5310 doceat
1407 5273 1418 5306 :
1442 5255 1594 5318 Deus,
1615 5256 1747 5308 Deus
1768 5273 1924 5319 meus,
1950 5258 2016 5310 ad
2034 5269 2080 5310 te
2094 5260 2155 5311 de
2171 5260 2279 5312 luce

705 5347 874 5414 vigilo.
891 5346 1058 5399 Sititvit
1075 5357 1119 5398 te
1135 5348 1302 5398 anima
1320 5364 1426 5401 mea
1442 5347 1605 5414 (Paul.
1630 5349 1715 5402 62.
1740 5351 1813 5418 i).
1836 5350 1994 5404 Vides
2015 5357 2278 5420 quomodo

709 5435 936 5487 ostendit
981 5437 1193 5489 verbum
1239 5438 1544 5490 inllzmtntati
1597 5441 1791 5491 animi?
1838 5440 1933 5494 Ubi
1981 5454 2064 5496 est
2102 5455 2276 5500 autem

712 5540 856 5577 amor
879 5525 990 5589 Dei,
1010 5527 1181 5578 omnia
1208 5529 1340 5579 mola
1373 5528 1624 5581 recedunt
1644 5549 1655 5581 ;
1677 5531 1760 5584 ubi
1785 5540 1869 5584 est
1889 5533 1975 5584 Dei
2001 5537 2276 5602 memoria,

711 5617 812 5670 illic
843 5627 923 5671 est
971 5630 1301 5685 peccatorum
1341 5620 1556 5685 oblivio,
1610 5631 1662 5673 ct
1710 5623 1967 5675 mulorum
2012 5626 2254 5681 interitus

771 5818 840 5873 Ῑιι)
877 5819 954 5866 llic
980 5813 1182 5867 l‘salmus
1207 5819 1420 5882 quotidie
1447 5822 1735 5869 recittlmtur
1762 5823 2030 5873 .tutimhtze.

1429 411 1484 467 ε.
1523 409 1794 467 ιοΑΝΝιδ
1833 398 2302 462 οιιιιγεοεῖουι
2343 398 2658 454 Ακωυερ.
2697 395 3229 456 ωΝθΤΑΝΤΙΧΟΡ.

3871 402 3998 459 328

2383 511 2474 567 Sic
2497 513 2548 566 ia
2568 521 2740 568 saneto
2761 515 2981 583 opperiri
3007 514 3114 580 tibi,
3152 524 3207 568 ut
3233 513 3452 569 siderent
3482 515 3715 569 uirtutem
3737 522 3908 579 nam,
3937 527 3994 571 es

2385 605 2601 675 gloriam
2628 615 2763 658 tuam
2792 603 2961 676 (Psal.
2985 604 3074 660 6!.
3098 603 3173 676 5).
3193 603 3326 673 Quid
3359 613 3468 670 est,
3504 603 3639 660 Sic?
3662 604 3798 661 Cum
3828 605 3945 660 hoc
3971 648 3988 670 ,

2384 695 2573 764 inquit,
2599 695 2884 760 desiderio,
2906 709 3026 750 eum
3053 695 3154 752 hac
3176 695 3482 762 dilectione,
3507 707 3569 751 ut
3590 695 3798 752 videam
3827 705 3993 752 suam

2381 787 2628 857 gloriam,
2650 802 2770 857 qtue
2795 795 2972 856 potest
2995 787 3193 855 ubique
3217 787 3408 843 videri.
3448 787 3556 844 Sed
3586 803 3655 843 ne
3678 803 3744 844 eo
3771 789 3868 859 qui
3897 797 3996 845 est

2382 893 2493 949 pra:
2537 879 2783 934 manibus
2829 878 3055 946 relicto,
3102 879 3266 934 alium
3312 878 3486 936 obiter
3537 879 3991 946 introducamus,

2383 971 2696 1025 transmisso
2721 968 2961 1026 auditore
2983 967 3062 1043 (α)
3087 968 3155 1026 sd
3183 985 3246 1027 ea
3275 985 3398 1042 qua:
3423 969 3494 1026 de
3520 969 3613 1026 illo
3632 970 3774 1027 dicta
3805 981 3946 1027 sunt
3973 1014 3989 1037 ,

2380 1059 2447 1115 ad
2472 1075 2536 1116 ea
2565 1075 2685 1131 quae
2712 1069 2839 1116 sunt
2864 1061 3019 1114 nobis
3046 1061 3313 1130 proposita
3342 1060 3682 1118 accedamus.

2451 1150 2655 1204 Clamor
2696 1151 2749 1203 in
2789 1165 2935 1204 sacra
2972 1149 3244 1219 Scriptura
3283 1151 3446 1219 quid;
3469 1153 3662 1207 clamor
3682 1153 3878 1208 cordis.
3909 1183 3993 1195 —

2383 1241 2517 1309 Quid
2572 1241 2656 1296 bic
2703 1256 2833 1311 ergo
2874 1240 3039 1296 dicit?
3070 1240 3301 1305 Domine,
3347 1241 3562 1297 clamaui
3591 1243 3662 1297 ad
3683 1253 3749 1308 te,
3780 1245 3992 1298 exaudi

2378 1348 2477 1386 me.
2507 1331 2664 1399 Quid,
2695 1346 2898 1400 qnzrso,
2926 1331 3097 1385 dicis?
3127 1331 3377 1401 quoniam
3404 1331 3666 1401 clamasti,
3695 1335 3776 1388 vis
3808 1350 3990 1392 exau-

2377 1421 2498 1484 diri,
2523 1431 2572 1476 et
2604 1438 2721 1477 mm
2752 1421 2909 1477 all'ers
2932 1421 3133 1493 justam
3161 1438 3387 1479 causam
3413 1439 3509 1480 cur
3537 1427 3886 1483 exaudiaris?
3911 1429 3992 1483 lis

2377 1527 2505 1584 ergo
2528 1515 2617 1584 qui
2643 1529 2830 1585 magna
2860 1524 2913 1569 et
2939 1515 3234 1569 vehementi
3259 1531 3388 1571 voce
3417 1517 3732 1588 intonsaque
3763 1520 3995 1588 pra-diti

2377 1613 2520 1670 sunt,
2542 1619 2678 1675 opus
2706 1604 2961 1661 estYSed
3013 1605 3115 1661 hoc
3170 1605 3327 1662 luerit
3373 1622 3403 1661 a
3456 1608 3660 1664 ratione
3711 1611 3986 1667 alienum.

2377 1693 2513 1762 Quid
2533 1694 2675 1750 enim
2693 1695 2929 1764 peccavit
2951 1696 3039 1765 qui
3069 1705 3152 1751 est
3180 1711 3338 1765 parva
3370 1707 3423 1752 ct
3449 1698 3576 1753 exili
3592 1713 3744 1765 voce,
3770 1701 3985 1757 tarda!-

2377 1800 2483 1856 que
2503 1794 2558 1839 et
2584 1784 2936 1854 impeditioris
2960 1786 3187 1856 lingere?
3202 1785 3390 1843 Nonne
3412 1788 3531 1843 talis
3554 1801 3664 1845 erat
3695 1789 3895 1856 Moses,
3921 1803 3988 1847 ct

2379 1880 2498 1946 plus
2523 1890 2682 1945 quam
2703 1889 2892 1931 omnes
2915 1876 3299 1933 exaudiebatur
3317 1878 3344 1933 ἓ
3370 1893 3549 1935 nonne
3567 1879 3736 1936 Judaei
3762 1881 3982 1937 clama-

2381 1967 2510 2022 bant
2565 1969 2683 2038 plus
2727 1984 2886 2039 quam
2931 1986 3139 2037 omnes,
3167 1971 3260 2028 sed
3294 1972 3438 2029 Deos
3472 1989 3664 2031 eorum
3717 1976 3981 2046 precibus

2377 2075 2484 2114 non
2523 2060 2744 2114 annuit?
2769 2059 2956 2132 Magna
2999 2063 3143 2118 enim
3181 2062 3266 2118 vel
3295 2063 3420 2120 exili
3449 2078 3581 2119 voce
3620 2079 3742 2120 esse
3776 2067 3984 2136 pradi-

2380 2159 2514 2213 tum,
2545 2161 2662 2204 sunt
2686 2159 2888 2206 natura:
2910 2152 3188 2208 commoda
3213 2163 3266 2208 et
3293 2154 3650 2215 incommoda.
3685 2155 3761 2209 Ea
3785 2167 3982 2212 autem

2379 2257 2489 2296 non
2517 2241 2713 2295 faciunt
2743 2251 2802 2296 ut
2829 2242 2913 2297 vel
2950 2243 3261 2308 audiamur,
3293 2243 3375 2299 vel
3411 2258 3518 2299 non
3558 2245 3880 2313 audiamur,
3915 2256 3983 2303 ut

2379 2349 2498 2403 qua:
2509 2347 2608 2388 nec
2621 2333 2777 2403 digna
2795 2333 2900 2388 sint
2915 2349 3033 2404 qua:
3054 2334 3137 2390 vel
3166 2334 3450 2392 laudentur
3466 2336 3549 2393 vel
3577 2337 3977 2408 vituperemur.

2378 2425 2536 2481 Multa
2555 2425 2696 2481 enim
2722 2433 2925 2480 natura:
2950 2425 3230 2482 commoda
3258 2426 3452 2483 adsunt
3480 2428 3644 2484 etiam
3668 2429 3975 2486 sedentis.

2379 2519 2572 2576 Annon
2617 2532 2734 2578 erat
2765 2523 2990 2594 pulcher
3013 2533 3070 2581 et
3109 2525 3376 2586 formosus
3413 2527 3682 2594 Absalon,
3714 2537 3770 2584 et
3798 2543 3980 2604 usque

2377 2611 2446 2666 ad
2469 2613 2689 2682 capillos
2714 2617 2902 2686 capitis
2919 2617 3285 2689 porrigebatur
3310 2618 3426 2688 eius
3445 2619 3690 2690 corporis
3717 2621 3978 2690 species?

2377 2699 2513 2767 Quid
2534 2714 2711 2760 autem
2729 2705 2752 2757 ?
2772 2721 2951 2762 annon
2979 2717 3095 2762 crat
3116 2707 3300 2764 calvus
3329 2708 3561 2765 Elismus
3581 2751 3596 2772 ,
3626 2718 3684 2764 ut
3707 2711 3873 2766 etiam
3899 2711 3977 2766 ri-

2376 2790 2590 2849 deretur
2612 2809 2641 2849 a
2670 2796 2882 2865 pueris?
2902 2797 3008 2854 Sed
3024 2813 3124 2854 nec
3139 2799 3288 2855 illum
3307 2800 3746 2872 quidquamjovlt
3766 2802 3975 2868 forma,

2380 2898 2478 2938 nec
2500 2883 2642 2939 hunc
2671 2885 2807 2942 Iazsit
2831 2887 3163 2946 deformitas.
3220 2889 3289 2944 Et
3311 2890 3436 2961 quid
3471 2890 3592 2946 dico
3611 2907 3736 2947 eum
3760 2894 3851 2961 qui
3883 2902 3974 2949 tc-

2380 2976 2471 3028 nui
2507 2985 2561 3030 et
2584 2977 2709 3031 exili
2734 2993 2882 3043 voce,
2915 2978 3268 3050 tardiorisque
3292 2990 3346 3036 et
3363 2981 3714 3051 impeditioris
3739 2983 3972 3054 linguai,

2378 3080 2501 3120 cum
2530 3067 2613 3122 vel
2637 3076 2820 3124 tacens
2844 3070 3118 3127 audiretur
3144 3071 3339 3138 loses,
3379 3083 3433 3127 et
3458 3075 3614 3129 Anna
3644 3075 3864 3131 minime
3891 3077 3978 3130 lo-

2377 3157 2585 3226 quens?
2611 3157 2827 3215 Judaros
2855 3161 3136 3232 alloquens
3164 3161 3303 3219 Deus
3337 3163 3553 3220 dicebat
3583 3181 3597 3218 :
3628 3164 3690 3220 Si
3711 3168 3973 3236 multipli.

2378 3255 2498 3302 ceris
2526 3251 2840 3319 orationem,
2869 3268 2968 3307 non
2996 3254 3267 3308 mudiam
3311 3270 3398 3310 vos
3437 3254 3587 3327 (lsai.
3621 3257 3676 3312 l.
3700 3255 3813 3329 l5).
3856 3257 3974 3313 Cur

2379 3339 2466 3396 hic
2487 3355 2615 3412 ergo
2639 3341 2801 3408 dicit,
2837 3342 3064 3398 Clamaul
3089 3345 3158 3398 ad
3185 3354 3252 3410 te,
3291 3347 3480 3400 exaudi
3514 3348 3632 3403 me?
3658 3347 3971 3418 Clamorem

2380 3431 2468 3487 hic
2497 3431 2626 3488 dicit
2659 3435 2928 3491 internum
2951 3477 2966 3503 ,
2999 3452 3160 3508 quem
3195 3452 3290 3494 cor
3319 3438 3704 3495 inﬂammatum
3735 3444 3968 3511 peperit,

2379 3533 2433 3578 et
2449 3526 2707 3580 contritus
2733 3526 2964 3594 animus,
2998 3543 3105 3599 quo
3140 3543 3263 3584 cum
3286 3531 3542 3586 clamaret
3568 3531 3768 3599 Moses,
3795 3548 3969 3596 exau-

2379 3613 2640 3670 diebatur.
2669 3615 3128 3682 Quemadmodum
3158 3620 3302 3674 enim
3331 3621 3421 3691 qui
3447 3622 3660 3688 clamat,
3678 3623 3818 3679 vires
3838 3639 3971 3680 suas

2379 3704 2624 3760 exhaurit
2642 3747 2656 3772 ,
2690 3707 2759 3761 ita
2783 3708 2943 3764 etiam
2969 3709 3060 3780 qui
3097 3710 3260 3767 corde
3287 3711 3503 3781 clamat,
3525 3723 3690 3770 totam
3728 3727 3968 3773 mentem

2381 3812 2530 3852 suam
2558 3800 2844 3854 convertit.

2451 3887 2508 3944 2.
2547 3887 2730 3944 Talem
2771 3904 2900 3961 ergo
2945 3890 3233 3949 clamorem
3274 3893 3413 3950 Deus
3451 3897 3703 3967 requirit,
3739 3898 3826 3969 qui
3855 3915 3954 3954 eor

2381 3987 2657 4034 convertat
2683 4020 2697 4044 ,
2726 3993 2831 4034 non
2862 3979 3005 4036 sinat
3032 3983 3291 4050 oscitare,
3322 4000 3422 4040 nec
3439 3998 3720 4043 canentem
3740 3989 3846 4044 alio
3875 3990 3958 4046 di-

2383 4079 2609 4127 vertere.
2640 4071 2756 4126 Non
2795 4073 2969 4129 solum
3013 4083 3191 4130 autem
3224 4077 3418 4146 quaerit
3451 4079 3609 4134 talem
3633 4079 3923 4140 clamorem
3943 4123 3962 4147 .

2381 4163 2476 4218 sed
2502 4163 2660 4218 etiam
2707 4173 2764 4218 ut
2811 4165 2924 4232 ipse
2968 4175 3171 4221 oretur.
3201 4166 3338 4223 Sunt
3361 4168 3504 4223 enim
3533 4171 3685 4225 multi
3706 4171 3793 4242 qui
3819 4180 3965 4228 stant

2381 4252 2593 4322 quidem
2618 4292 2633 4316 ,
2665 4253 2729 4306 ad
2763 4253 2927 4308 Deum
2966 4264 3144 4311 autem
3171 4272 3277 4311 non
3303 4257 3568 4322 clamant,
3593 4259 3686 4316 sed
3731 4261 3866 4316 labia
3893 4262 3961 4318 ad

2384 4342 2551 4396 Deum
2589 4341 2821 4396 clamant
2865 4354 2918 4398 et
2946 4360 3138 4398 nomen
3171 4346 3262 4402 Dei
3289 4348 3703 4417 circumferunt,
3731 4361 3786 4406 at
3811 4368 3962 4410 mens

2383 4431 2516 4487 nihil
2559 4433 2722 4487 sentit
2763 4448 2949 4490 eorum
2986 4452 3103 4506 qua:
3148 4436 3415 4494 dicuntur.
3473 4441 3571 4509 Qui
3607 4441 3674 4497 ita
3705 4459 3766 4498 se
3801 4447 3961 4514 gerit,

2385 4537 2490 4576 non
2515 4523 2726 4590 clamat,
2758 4525 2856 4579 etsi
2885 4527 3113 4581 maxime
3139 4531 3458 4586 vociferetur
3479 4549 3494 4596 ;
3515 4533 3606 4602 qui
3627 4534 3698 4588 ita
3719 4549 3778 4590 se
3802 4537 3958 4605 gerit,

2385 4614 2549 4670 Deum
2579 4630 2682 4670 non
2703 4625 2842 4683 ornt,
2869 4620 2969 4673 etsi
3007 4621 3237 4676 maxime
3265 4623 3502 4678 videatur
3530 4640 3703 4680 orare.
3735 4628 3805 4680 At
3856 4644 3959 4684 non

2385 4711 2454 4765 ita
2481 4711 2672 4778 Moses,
2700 4713 2793 4768 sed
2823 4713 3105 4783 clamabat,
3128 4726 3182 4770 et
3201 4718 3582 4774 exaudiebatur
3604 4737 3620 4786 ;
3645 4730 3697 4775 et
3723 4721 3842 4775 ideo
3863 4724 3909 4776 ci
3932 4739 3960 4778 a

2385 4802 2496 4857 Deo
2528 4803 2722 4857 dicitur
2743 4845 2757 4868 ,
2785 4805 2887 4857 Cur
2909 4805 2977 4858 ad
3004 4821 3082 4859 me
3106 4808 3294 4862 clamas
3321 4807 3514 4880 (Exod.
3547 4811 3632 4865 Η.
3670 4811 3802 4880 iii)?
3848 4811 3958 4870 Non

2383 4894 2553 4948 Solum
2581 4905 2757 4948 autem
2795 4896 3051 4963 claritatis,
3079 4897 3171 4950 sed
3213 4899 3374 4953 etiam
3413 4909 3594 4956 tacens
3638 4902 3959 4970 impetravit,

2384 5002 2499 5054 qua:
2531 4987 2716 5051 voluit,
2761 4994 2819 5038 ut
2863 4986 2948 5054 qui
2989 5002 3046 5041 se
3093 4988 3310 5056 dignum
3352 4992 3686 5060 prwbuisset,
3711 5005 3824 5047 uta
3854 4983 3960 5050 Deo

2384 5077 2742 5139 exaudiretur.
2783 5077 2933 5142 Quod
2963 5079 3006 5132 si
3033 5079 3112 5133 vis
3137 5081 3296 5134 etiam
3337 5082 3516 5139 videre
3556 5095 3862 5154 peccatores
3884 5088 3960 5141 in-

2387 5177 2533 5221 tense
2553 5178 2606 5222 et
2635 5169 2980 5224 vehementer
3005 5181 3240 5236 orantes,
3271 5189 3563 5244 magnaque
3587 5193 3713 5230 voce
3729 5179 3958 5232 clamau-

2387 5269 2465 5312 tes
2485 5302 2499 5324 ,
2531 5269 2584 5313 et
2615 5263 2987 5329 impetrautcs,
3022 5263 3140 5318 vide
3169 5267 3503 5320 meretricem
3535 5282 3654 5337 qua:
3674 5269 3866 5323 clamat
3893 5273 3960 5326 si-

2387 5350 2550 5403 lentio
2578 5349 2730 5416 (Luc.
2759 5351 2810 5403 7.
2843 5352 2931 5418 58)
2959 5370 2970 5404 :
3006 5353 3124 5408 vide
3151 5355 3487 5422 publicanum
3517 5359 3604 5426 qui
3636 5375 3663 5410 a
3701 5361 3808 5414 sola
3839 5378 3958 5416 ora-

2387 5442 2530 5496 tione
2573 5441 2666 5494 luit
2708 5441 3025 5509 justiﬁcatus
3055 5444 3206 5512 (Luc.
3234 5446 3318 5499 l8.
3360 5447 3447 5500 13.
3496 5445 3605 5519 Η).
3639 5449 3733 5503 llic
3756 5467 3962 5521 quoque

2389 5532 2481 5584 tali
2509 5533 2740 5586 clamore
2763 5533 2962 5598 utitur,
2991 5545 3044 5588 et
3074 5535 3193 5589 ideo
3218 5536 3365 5599 dicit,
3397 5522 3629 5604 Domine,
3657 5542 3867 5594 cluuiani
3896 5546 3960 5598 ml

2450 5647 2522 5711 (tl)
2557 5647 2671 5694 Hinc
2697 5648 2911 5711 arguitur
2933 5648 3313 5711 (me-sestertium
3335 5648 3696 5711 Expositionem
3714 5653 3876 5703 Psalmi
3899 5660 3960 5708 62

2391 5708 2618 5778 edidisse.
2645 5710 2870 5778 qumjam
2893 5722 2983 5777 non
3008 5718 3186 5758 exstat.
3214 5709 3328 5778 Illud
3367 5708 3481 5778 vero
3515 5727 3624 5762 cum
3648 5713 3754 5778 aliis
3769 5718 3957 5778 quibus-

2388 5770 2493 5816 dam
2518 5770 2814 5838 argutiient'ts
2840 5771 3143 5838 Conjunetum
3180 5773 3347 5834 probat
3374 5773 3506 5823 illum
3552 5770 3881 5838 Expositio-uua
3912 5782 3959 5833 in

2390 5830 3104 5881 totumt‘ealtcriumemisisse.
3181 5830 3192 5834 “
3619 5830 3632 5838 ’
3731 5859 3740 5876 κ
