4222 6436
327 554 396 610 te,
419 538 610 597 (κακάὶ
628 552 709 595 use
732 550 750 594 .'
771 544 825 594 et
847 532 973 593 ideo
998 538 1151 604 rogat
1174 538 1235 586 ut
1252 527 1521 587 audiatur.
1562 526 1691 584 Cum
1727 527 1921 591 clatum

327 648 444 689 κω
459 630 529 685 ad
542 641 610 686 te.
1432 644 1439 647 ‘

402 724 584 781 Oratio
614 738 651 777 ο
695 721 804 777 Deo
844 717 1078 781 auditi
1107 715 1267 788 digna
1312 729 1443 787 quc.
1474 742 1547 754 —
1574 710 1712 767 Vide
1760 710 1924 767 etiam

329 816 489 871 aliam
529 814 780 868 virtutem
806 808 1086 865 orationis.
1116 805 1233 862 Non
1262 802 1406 860 enim
1425 811 1575 874 rogat
1606 801 1729 877 ideo
1757 816 1927 858 exau-

326 909 454 976 diri,
479 904 622 980 quod
652 917 849 975 magno
869 910 925 958 et
948 882 1254 957 vehementi
1276 895 1453 952 studio
1476 904 1615 961 oret,
1643 892 1739 949 sed
1764 893 1927 949 etiam

326 1014 396 1055 es
419 1012 488 1054 eo
512 993 654 1068 quod
680 994 840 1050 talem
863 992 1055 1048 oﬂ‘erat
1079 988 1378 1044 cntionem
1401 1028 1419 1053 ,
1447 995 1505 1040 ut
1529 985 1691 1057 digna
1710 987 1782 1041 sit
1799 997 1930 1039 ocu-

329 1089 399 1146 lis
420 1087 547 1153 illis,
572 1100 791 1157 seraper
809 1083 1174 1155 vigilantibus.
1206 1080 1467 1148 Quantam
1509 1087 1689 1134 autem
1709 1090 1777 1132 ea
1803 1074 1929 1132 est?

324 1178 462 1238 Cum
488 1178 611 1249 quis
633 1192 743 1232 non
768 1175 912 1232 male
954 1182 1205 1245 precatur
1231 1169 1462 1226 inimicis
1480 1210 1497 1235 ,
1524 1183 1649 1225 cum
1671 1181 1779 1223 non
1807 1174 1931 1222 orat

278 1320 283 1325 .
331 1284 433 1344 pro
480 1259 686 1325 divitiis
726 1276 786 1325 et
816 1264 1186 1331 facultatibus,
1212 1278 1339 1320 cum
1361 1276 1471 1319 non
1490 1276 1590 1332 pro
1613 1259 1848 1332 potentia
1872 1268 1930 1315 et

327 1363 522 1435 gloria,
552 1374 729 1432 neque
768 1373 870 1430 pro
889 1357 996 1415 ulla
1036 1372 1096 1414 re
1137 1354 1280 1412 iiusa
1306 1363 1365 1412 ct
1392 1353 1650 1421 caduca;
1692 1350 1789 1409 sed
1828 1364 1929 1421 pro

327 1455 437 1511 illis
464 1452 881 1521 immortalibus,
912 1466 1032 1522 qum
1057 1464 1349 1521 numquam
1384 1447 1672 1504 interemi.
1702 1445 1931 1513 Queri“

324 1529 513 1611 enim,
540 1542 744 1615 inquit,
773 1557 989 1614 τεςηπι
1015 1539 1146 1606 Dei,
1176 1547 1226 1596 et
1260 1538 1371 1594 hoc
1397 1537 1573 1593 omnia
1615 1536 1929 1608 adjiciantur

326 1635 467 1696 uotis
487 1632 703 1709 (lauit.
723 1633 779 1692 ϐ.
806 1633 927 1705 53),
952 1632 1079 1689 Cum
1096 1633 1385 1687 demouere
1401 1630 1471 1685 ad
1506 1638 1574 1691 te.
1600 1627 1766 1685 Vides
1792 1642 1926 1700 quo-

327 1726 496 1783 modo
515 1726 631 1783 vult
657 1741 758 1787 nos
775 1740 991 1798 quoque
1008 1739 1134 1785 cum
1151 1738 1350 1797 magno
1375 1720 1557 1779 studio
1574 1731 1631 1778 et
1652 1720 1928 1779 alacritate

327 1818 495 1878 animi
514 1833 638 1877 eum
662 1818 897 1880 vocare?
922 1817 1137 1875 Etenim
1161 1815 1409 1874 diabolus
1429 1824 1559 1872 tunc
1586 1815 1821 1873 maxime
1845 1814 1929 1870 in-

325 1909 572 1966 sidiatur.
596 1909 730 1978 Quia
746 1909 893 1966 enim
918 1910 1024 1971 scit
1036 1909 1270 1966 maxima
1293 1922 1449 1966 arma
1470 1922 1592 1966 esse
1616 1921 1805 1980 preces
1826 1948 1845 1973 ,
1870 1914 1928 1965 et

328 2015 433 2058 uos
476 2001 606 2060 licet
632 2002 817 2060 nsimus
840 2010 1156 2074 peceatores
1192 2000 1520 2075 infamiaque
1544 2010 1604 2058 et
1622 1998 1925 2073 ignominia

328 2093 535 2159 notati,
560 2095 607 2150 si
636 2102 819 2158 tamen
865 2094 1109 2166 perfecte
1146 2102 1204 2151 et
1249 2092 1346 2150 Dei
1386 2086 1595 2166 legibus
1634 2090 1930 2165 diligenter

325 2183 590 2253 serratis,
616 2198 836 2242 oremus
859 2176 877 2253 ,
902 2200 1093 2258 magna
1119 2185 1339 2243 eiiieere
1368 2201 1385 2240 :
1416 2194 1547 2241 tunc
1574 2199 1674 2240 nos
1696 2193 1928 2241 conatur

325 2273 607 2346 impellere
630 2276 685 2337 in
718 2275 1044 2344 socordiam,
1069 2285 1126 2334 et
1145 2276 1423 2334 dimovere
1448 2284 1688 2333 nostram
1714 2276 1920 2348 cogita-

327 2366 532 2423 tionem
563 2380 581 2419 :
625 2374 689 2425 ut
727 2366 888 2425 iaciat
917 2381 1021 2427 nos
1056 2366 1263 2441 absque
1297 2367 1411 2423 ullo
1449 2365 1629 2423 fructu
1665 2365 1926 2426 recedere

325 2458 401 2515 ah
424 2458 691 2515 oratione.

408 2547 644 2606 lui-sicis
669 2565 772 2619 κοτε
792 2550 924 2607 male
959 2550 1295 2623 precandum.
1317 2579 1393 2592 --
1412 2549 1673 2621 Quocirca
1704 2550 1926 2623 'oportct

326 2654 454 2709 nos,
478 2653 604 2697 cum
630 2641 746 2699 haec
771 2642 1026 2713 sciamus,
1050 2641 1314 2699 adversus
1338 2656 1463 2699 eum
1498 2650 1741 2702 nostrum
1764 2656 1921 2699 com-

326 2730 541 2790 munire
578 2733 811 2789 studium
849 2745 904 2789 et
930 2733 1296 2805 diligentiam,
1345 2744 1401 2790 et
1445 2733 1696 2793 inimicis
1721 2733 1923 2791 nostris

322 2837 615 2895 umquam
640 2826 783 2883 male
821 2816 1049 2897 precari,
1096 2826 1195 2883 sed
1244 2827 1520 2897 apostolos
1567 2826 1787 2883 imitari.
1837 2825 1921 2883 Illi

317 2917 467 2974 enim
491 2932 614 2974 cum
645 2919 789 2990 passi
812 2927 996 2976 essent
1036 2919 1177 2975 mala
1213 2918 1517 2985 innumera.
1548 2919 1604 2977 in
1645 2933 1920 2976 carcerem

322 3010 557 3080 coniecti
578 3021 783 3077 essent,
797 3021 855 3069 et
878 3012 933 3066 iu
950 3021 1253 3068 extremum
1273 3010 1487 3068 adducti
1512 3012 1827 3083 periculum,
1848 3009 1918 3067 ad

322 3101 627 3158 orationem
644 3088 1046 3173 confugiebant,
1073 3101 1316 3160 dicentes
1348 3118 1363 3156 :
1394 3100 1613 3172 Respice
1637 3119 1793 3173 super
1814 3103 1919 3158 nii-

318 3208 418 3247 tres
443 3193 669 3258 ipsorum
691 3191 836 3268 (Act.
856 3193 917 3251 4.
937 3192 1056 3266 29).
1080 3192 1147 3249 Et
1172 3192 1301 3267 quid
1323 3193 1548 3265 postea?
1571 3192 1709 3267 Num
1729 3234 1745 3260 ,
1770 3192 1916 3250 Cou-

319 3282 499 3355 t’ringe
525 3282 692 3355 ipsos,
719 3283 806 3342 vel
833 3282 1056 3351 occide,
1081 3282 1352 3351 dicebant,
1383 3293 1446 3339 ut
1473 3283 1625 3341 multi
1658 3298 1803 3354 πορθ
1829 3283 1917 3339 di-

206 3386 215 3394 ·
318 3386 450 3431 cunt
476 3375 871 3447 imprecantes?
894 3375 1261 3449 Nequaquam.
1289 3374 1399 3432 Sed
1423 3375 1548 3446 quid
1564 3376 1590 3429 ?
1618 3374 1688 3430 Et
1715 3374 1784 3429 da
1804 3391 1919 3431 scr-

319 3468 397 3522 t'is
447 3467 547 3523 tuis
602 3482 722 3522 cum
772 3467 964 3538 ﬁducia
1018 3468 1156 3537 loqui
1227 3466 1433 3523 cubum
1483 3477 1627 3521 tuum
1672 3464 1915 3539 (liii).

317 3558 602 3633 Quomodo
624 3568 679 3615 et
731 3574 836 3631 qua
872 3558 1120 3617 ratione?
1147 3560 1201 3615 in
1247 3558 1555 3616 occidendis
1580 3558 1646 3614 iis
1669 3559 1760 3631 qui
1782 3559 1913 3616 insi-

317 3648 575 3713 diantur?
599 3651 654 3708 in
683 3651 748 3707 iis
766 3649 1011 3708 delendis
1036 3660 1091 3706 et
1110 3650 1178 3705 ad
1202 3649 1627 3706 internecionem
1650 3666 1817 3722 usque
1840 3650 1912 3707 de

320 3740 500 3798 taedis
530 3740 819 3798 tollendis?
845 3740 1105 3799 linime.-
1132 3740 1238 3798 Sed
1258 3740 1568 3813 quomodo?
1597 3738 1663 3797 la
1684 3740 1846 3815 signis
1868 3748 1923 3797 et

317 3831 566 3904 prodigiis
618 3831 867 3901 faciendis
918 3848 1009 3904 per
1041 3840 1272 3888 sanctum
1319 3829 1515 3888 Filium
1552 3840 1694 3886 tuum
1736 3830 1918 3888 Iesum

318 3919 482 3991 (Ibid.
518 3936 568 3977 ν.
599 3921 714 3993 50).
751 3922 939 3979 Vidisti
970 3922 1268 3979 orationem
1304 3924 1515 3995 plenam
1550 3921 1912 3995 philosophia,

314 4018 378 4083 ut
396 4026 518 4081 qua:
545 4021 668 4083 post
690 4020 769 4067 tot
789 4020 845 4070 et
876 4021 1023 4067 tanta
1054 4013 1194 4068 mala
1220 4028 1326 4069 non
1350 4013 1503 4086 petit,
1518 4022 1578 4071 ut
1593 4013 1915 4086 supplicium

318 4091 559 4157 sumatur
597 4102 667 4161 de
707 4102 974 4164 inimicis?
1024 4102 1129 4161 Sed
1167 4102 1221 4158 lii
1249 4103 1466 4176 quidem
1495 4104 1592 4171 sic,
1620 4104 1797 4161 adhuc
1837 4103 1920 4160 vi-

317 4200 507 4249 ventes
528 4202 583 4249 et
606 4194 874 4265 spirantes
901 4210 919 4249 :
946 4193 1254 4267 Stephanus
1284 4203 1486 4262 autem,
1513 4209 1636 4252 cum
1668 4210 1913 4269 prasen-

320 4286 392 4343 lls
431 4284 554 4341 vita:
579 4300 770 4343 cursus
794 4294 943 4344 esset
978 4288 1029 4343 ei
1060 4285 1565 4358 interrumpendus,
1602 4302 1712 4344 non
1740 4287 1916 4350 solum

318 4373 456 4443 nihil
481 4376 607 4433 mali
634 4377 715 4434 eis
741 4378 914 4449 petiit,
945 4376 1040 4434 sed
1067 4392 1163 4435 eos
1192 4378 1354 4434 etiam
1391 4378 1482 4449 qui
1525 4377 1837 4450 lapidabant
1860 4388 1919 4436 et

320 4481 445 4525 eum
472 4467 871 4542 interimebant,
897 4471 1078 4528 studet
1104 4486 1201 4543 per
1220 4485 1372 4527 suam
1387 4470 1687 4528 orationem
1704 4472 1918 4544 eripere

320 4560 391 4615 ah
420 4559 496 4616 ira
518 4601 536 4627 ,
572 4576 692 4633 qum
719 4570 838 4619 erat
864 4564 918 4620 in
943 4577 1040 4619 eos
1070 4574 1295 4621 ventura
1327 4573 1545 4635 propter
1571 4562 1676 4622 hoc
1719 4579 1915 4636 pecea-

319 4659 453 4718 tum,
476 4661 531 4708 et
556 4651 708 4720 dicit,
741 4650 828 4708 Ne
846 4663 1041 4723 statuas
1067 4654 1141 4710 eis
1169 4654 1263 4709 hoc
1282 4665 1542 4727 peccatum
1560 4655 1696 4728 (Act.
1720 4656 1774 4712 7.
1797 4656 1914 4731 59).

318 4745 616 4810 Quamnam
651 4758 783 4817 ergo
805 4746 1018 4802 veniam
1054 4753 1451 4818 consequentur
1468 4787 1487 4814 ,
1516 4756 1572 4803 et
1594 4761 1699 4819 qua
1726 4745 1914 4805 delen-

318 4834 474 4892 sione
510 4843 758 4903 utentur,
789 4836 880 4909 qui
933 4836 1167 4892 inimicis
1219 4836 1359 4895 male
1412 4837 1736 4910 precantur!
1781 4853 1917 4911 quo-

318 4925 481 4984 modo
505 4936 685 4984 autem
706 4929 947 4986 exaudiri
977 4930 1173 5002 poterit
1200 4945 1265 4986 ea
1292 4931 1487 4999 oratio,
1514 4930 1731 5004 quando
1754 4946 1919 5004 repu-

317 5027 447 5089 gnat
467 5017 566 5075 Dei
592 5019 798 5091 legibus
818 5020 999 5079 iNihil
1027 5036 1158 5093 ergo
1188 5021 1294 5077 tale
1314 5021 1576 5079 dicamus.
1593 5021 1711 5081 Non
1740 5023 1917 5082 solum

314 5108 464 5171 enim
491 5124 600 5166 non
623 5119 708 5167 est
734 5111 876 5168 male
899 5112 1226 5183 precandum
1252 5111 1505 5181 inimicis,
1521 5113 1617 5171 sed
1647 5114 1726 5170 ira
1749 5115 1914 5173 etiam

320 5199 375 5255 in
415 5213 512 5258 eos
536 5211 795 5273 concepta
833 5210 920 5283 est
955 5201 1251 5260 auferenda
1284 5221 1301 5258 :
1330 5213 1387 5262 et
1424 5203 1552 5262 ideo
1575 5204 1709 5263 dicit
1737 5221 1753 5260 :
1787 5203 1920 5264 Volo

320 5292 455 5349 εἰη-οε
489 5300 639 5350 orare
662 5293 718 5349 iu
742 5295 884 5350 omni
906 5295 1018 5350 loco
1040 5335 1058 5363 ,
1079 5295 1309 5366 tollentes
1337 5312 1520 5353 atauus
1562 5308 1767 5354 sanctas
1812 5297 1923 5356 sius

316 5384 399 5438 ira
422 5394 471 5440 et
493 5384 859 5457 disceptatione
882 5386 960 5455 (1.
993 5385 1129 5443 Tiut.
1154 5386 1213 5444 2.
1233 5387 1311 5458 8).
1335 5387 1448 5444 Hoc
1467 5398 1573 5454 est,
1599 5388 1710 5445 Etsi
1731 5391 1803 5445 sit
1822 5391 1919 5447 tibi

320 5476 588 5543 inimicus,
620 5478 900 5550 esstingue
926 5478 1083 5544 iram,
1114 5487 1169 5536 et
1200 5480 1271 5534 ita
1289 5481 1488 5537 accede
1512 5480 1578 5537 ad
1610 5480 1917 5551 Dominum,

321 5576 379 5625 et
430 5583 536 5623 non
590 5568 762 5624 solum
807 5570 1065 5626 adversus
1094 5586 1215 5626 eum
1259 5587 1353 5626 ore
1394 5572 1527 5627 nihil
1578 5573 1921 5643 dixeris,sed

318 5659 484 5715 etiam
513 5675 779 5733 expurges
806 5662 954 5715 virus
980 5663 1052 5717 tni
1079 5663 1268 5717 animi.
1300 5663 1357 5719 Si
1384 5663 1505 5719 talis
1525 5664 1593 5720 sit
1616 5674 1702 5720 tua
1724 5667 1918 5733 oratio,

318 5762 376 5806 et
403 5751 705 5808 vehementi
727 5753 904 5808 studio
936 5753 1100 5809 Deum
1131 5754 1500 5822 invocaveris,
1532 5756 1693 5812 etiam
1741 5758 1921 5830 prius-

322 5856 482 5914 quam
528 5844 833 5901 orationem
867 5846 1194 5916 putt‘cccris,
1243 5846 1565 5915 exaudieris.
1641 5846 1753 5903 iloc
1807 5849 1921 5921 ipsc

1477 408 1843 475 EXPOSJTIO
1878 407 1948 469 IN
1985 406 2311 468 PSALHUM
2345 407 2486 468 CXL

3529 412 3638 473 430

2030 541 2245 597 quoque
2283 527 2417 598 petit
2453 525 2641 584 dicens
2675 522 2937 605 timenda
2962 528 3072 589 uoci
3090 528 3335 587 motionis
3363 543 3492 588 mete
3516 545 3632 600 cum

2030 617 2314 671 clamaret-0
2337 617 2408 671 ad
2433 627 2502 673 te.
2532 617 2742 673 Etenim
2778 618 2948 689 ipsius
2978 618 3072 676 Dei
3094 620 3382 690 promissio
3400 629 3486 676 est
3507 635 3633 693 quae

2032 708 2192 776 dicit,
2214 709 2400 765 Adhuc
2424 707 2657 781 loquntte
2692 720 2741 766 te
2762 711 2957 779 dicam,
2990 711 3122 768 Ecce
3145 708 3329 770 adsum
3351 712 3507 785 (Isai.
3540 713 3633 772 58.

2031 799 2110 867 9).
2157 799 2213 855 2.
2240 798 2507 874 Dii-ignau-
2525 802 2692 856 oratio
2709 818 2822 856 mea
2845 804 2978 859 sicut
2998 803 3264 860 incensum
3285 804 3341 858 in
3359 814 3633 877 conspectu

2033 900 2141 944 tuo.
2172 889 2327 947 Alius
2347 933 2364 959 ,
2392 890 2663 947 Statuam
2685 894 2848 948 oratio
2875 909 2988 948 mea
3023 894 3152 949 sicut
3175 894 3433 951 incensum
3461 910 3636 949 coram

2032 993 2082 1039 te
2100 983 2198 1057 (a).
2225 984 2393 1052 Alius,
2419 984 2763 1056 Pro-paretur.
2784 985 3015 1043 Etesatio
3033 1004 3277 1044 manuum
3294 1005 3636 1049 meorumu-

2032 1076 2283 1147 criﬁcium
2310 1079 2674 1148 uespertinum.
2705 1079 2859 1135 Alius
2877 1119 2896 1146 ,
2928 1077 3135 1136 Donum
3163 1067 3405 1151 uespera.
3434 1081 3589 1137 Alius
3609 1122 3631 1149 ,

2036 1166 2240 1224 Oblatio
2263 1170 2570 1243 vespertina.

2102 1261 2305 1317 Altariu
2327 1262 2432 1318 duo
2454 1260 2814 1337 Jerosolymts.
2835 1293 2908 1307 -—-
2928 1263 3067 1333 Quid
3098 1279 3197 1325 nos
3223 1265 3413 1322 volens
3434 1271 3636 1325 docere

2033 1350 2297 1425 propheta
2356 1352 2600 1425 loquitur
2646 1352 2717 1412 de
2756 1352 3024 1412 sacriﬁcio
3077 1356 3427 1427 vespertino?
3467 1357 3638 1416 Erant

2035 1446 2167 1503 olim
2204 1445 2316 1503 duo
2336 1446 2547 1513 altaria,
2573 1463 2740 1504 unum
2759 1462 2971 1507 aeneum
2990 1489 3007 1515 ,
3033 1449 3261 1505 alterum
3287 1466 3533 1506 aureum.
3566 1450 3637 1509 Et

2031 1537 2163 1594 illud
2189 1536 2410 1611 quidem
2432 1547 2552 1596 erat
2581 1536 2871 1610 publicum,
2898 1539 3151 1617 omnibus
3190 1539 3305 1597 fere
3344 1542 3507 1599 totius
3527 1557 3631 1614 po-

2031 1628 2139 1701 puli
2169 1628 2364 1687 hostiis
2386 1628 2692 1701 expositum
2716 1643 2737 1685 :
2758 1628 2864 1687 hoc
2891 1639 3073 1686 autem
3102 1631 3267 1698 situm
3292 1640 3412 1688 erat
3433 1631 3635 1705 inatly-

2030 1718 2122 1787 tis,
2145 1727 2203 1776 et
2218 1719 2357 1777 intra
2385 1718 2588 1776 velum.
2610 1721 2788 1792 Atque
2810 1719 2951 1777 adeo
2972 1728 3032 1777 ut
3058 1736 3181 1793 qua:
3207 1736 3239 1777 a
3262 1722 3417 1779 nobis
3436 1723 3632 1781 dicun-

2029 1818 2119 1866 tur
2162 1809 2275 1871 siut
2321 1808 2573 1877 clariore,
2610 1810 2928 1868 conabimur
2973 1812 3153 1884 potius
3188 1812 3261 1869 ah
3313 1814 3434 1885 ipso
3479 1815 3635 1873 initio

2026 1899 2228 1959 ducere
2249 1901 2568 1958 orationem.
2610 1901 2734 1959 Fuit
2766 1900 2896 1959 olim
2918 1902 3062 1975 apud
3085 1903 3305 1962 Judaos
3329 1905 3591 1978 templum
3609 1948 3629 1975 ,

2028 1992 2249 2065 longum
2277 1992 2495 2066 quidem
2520 1993 2876 2067 quadraginta
2915 1994 3153 2065 cautos,
3180 1996 3351 2053 latum
3392 2012 3523 2055 vero
3548 1997 3634 2054 ri-

2025 2084 2183 2156 ginti.
2232 2084 2405 2156 liuius
2430 2083 2777 2158 longitudinis
2800 2085 3171 2147 decem-intus
3204 2087 3370 2145 ablati
3405 2089 3629 2148 interci-

2028 2175 2315 2249 piehantur
2332 2176 2520 2248 cubiti,
2537 2184 2605 2252 et
2620 2177 2766 2251 quod
2791 2186 2910 2235 erat
2938 2177 3324 2254 interceptum,
3336 2181 3631 2239 vocabatur

2026 2268 2226 2327 Sancta
2262 2279 2572 2329 sanctorum
2605 2288 2622 2327 :
2655 2272 2799 2345 quod
2843 2280 2963 2330 erat
2985 2282 3168 2331 autem
3203 2282 3391 2343 extra,
3429 2274 3627 2336 Sancta

2027 2368 2257 2441 tantum.
2286 2362 2434 2443 Attro
2459 2370 2640 2424 autem
2666 2363 2851 2421 omnia
2867 2364 3233 2424 collucehant.

2096 2453 2155 2511 5.
2193 2450 2445 2512 Nonnulli
2469 2468 2600 2512 vero
2619 2454 2873 2525 dixerunt
2896 2471 3210 2530 supremam
3234 2474 3453 2532 quoque
3478 2458 3627 2518 illam

2025 2545 2233 2604 trabem
2274 2545 2444 2604 fuluo
2468 2561 2711 2605 auream.
2763 2547 2881 2605 Huc
2921 2548 3076 2605 solus
3100 2548 3340 2626 pontifex
3364 2551 3539 2615 semel
3569 2552 3628 2609 in

2022 2652 2170 2695 anno
2192 2637 2597 2707 iagrcdiehatur
2624 2654 2643 2695 ε
2673 2637 2784 2696 illic
2800 2647 2858 2697 ct
2882 2653 3009 2696 arca
3037 2640 3141 2697 sita
3162 2649 3310 2709 erat,
3335 2651 3391 2698 et
3418 2639 3629 2698 οδω.

2024 2731 2176 2788 bim:
2205 2729 2319 2789 illic
2341 2733 2503 2789 etiam
2533 2731 2711 2789 stabat
2744 2731 3193 2801 altaresureum,
3222 2733 3278 2790 in
3299 2748 3411 2806 quo
3431 2732 3629 2791 oﬂerco

2022 2822 2184 2880 batur
2217 2822 2518 2891 incensum,
2547 2822 2619 2880 ad
2664 2822 2994 2903 nihilaiiud
3044 2831 3328 2898 paratum,
3350 2838 3513 2896 quam
3555 2823 3626 2881 ad

2020 2915 2197 2973 solum
2219 2914 2510 2990 thymiama
2535 2928 2635 2973 seu
2653 2914 2912 2974 sulatum.
2936 2915 3049 2975 Hoc
3066 2925 3247 2981 autem
3270 2915 3432 2974 iiehat
3452 2916 3626 2974 semei

2023 3006 2078 3064 in
2103 3021 2263 3066 anno.
2307 3007 2364 3063 ln
2386 3017 2621 3066 esterno
2641 3022 2773 3082 ergo
2799 3009 3003 3082 templo
3033 3018 3152 3081 erat
3191 3008 3364 3066 altare
3385 3023 3622 3076 teneam,

2022 3099 2078 3155 in
2116 3114 2224 3170 quo
2250 3097 2494 3171 quotidie
2520 3098 2850 3158 otl‘erebatur
2893 3115 3066 3173 agnus
3088 3109 3146 3160 et
3180 3099 3621 3160 comburehatur.

2021 3189 2139 3247 Hoc
2160 3190 2531 3263 appellabatur
2554 3191 2922 3263 vespertinum
2946 3192 3269 3249 sset-ilicium
3295 3208 3310 3246 :
3346 3200 3462 3249 erat
3475 3181 3622 3257 enim

2018 3286 2180 3341 etiam
2210 3284 2552 3352 matutinum,
2572 3294 2629 3349 et
2648 3284 2731 3342 bis
2759 3284 2814 3340 in
2836 3283 3231 3356 dieoportehat
3246 3284 3417 3341 altare
3430 3299 3627 3348 accen-

2019 3374 2099 3441 di,
2127 3385 2326 3448 prmter
2348 3376 2482 3431 alias
2506 3374 2743 3441 hostias,
2770 3389 2892 3447 quas
2929 3374 3294 3432 oferebantur
3330 3391 3361 3430 a
3401 3377 3622 3448 populo.

2021 3467 2137 3525 iioc
2167 3468 2314 3525 enim
2333 3479 2452 3526 erat
2470 3466 2682 3540 iussum
2701 3477 2757 3525 et
2790 3469 2908 3540 lege
2933 3475 3191 3525 statutum
3228 3469 3620 3537 sacerdotibus,

2021 3570 2083 3617 ut
2126 3576 2195 3617 es
2232 3574 2295 3617 se
2333 3568 2392 3617 et
2431 3575 2500 3617 es
2552 3556 2717 3616 dono
2744 3574 2864 3624 sua,
2895 3557 3112 3631 quando
3162 3558 3343 3617 nullus
3381 3559 3620 3628 oll‘erret,

2022 3668 2187 3710 unum
2206 3652 2538 3709 matutinum
2557 3660 2614 3709 et
2638 3666 2804 3707 unum
2820 3650 3200 3722 uespertinum
3226 3666 3422 3722 agnum
3457 3651 3625 3707 sacri-

2022 3744 2244 3802 ﬁcarent
2264 3752 2320 3802 et
2344 3742 2726 3801 comburerent
2755 3759 2771 3798 :
2796 3750 2855 3799 et
2880 3741 3014 3799 illud
3043 3742 3414 3813 appellabatur
3455 3741 3627 3799 sacri-

2020 3834 2202 3892 ﬁcium
2219 3834 2567 3900 matutinum,
2586 3834 2693 3891 hoc
2714 3834 3102 3904 vespertinum.
3128 3831 3241 3889 iloc
3254 3843 3434 3889 autem
3445 3832 3631 3904 jusse-

2019 3935 2104 3983 rat
2123 3922 2265 3983 Deus
2277 3924 2413 3992 ﬁeri,
2429 3924 2734 3997 signiﬁcans
2758 3939 2855 3996 per
2868 3922 2921 3980 id
2936 3923 3079 3996 quid
3098 3923 3258 3980 ﬁebat
3274 3940 3396 3982 eum
3408 3923 3627 3982 assidue

2019 4017 2200 4076 colere
2226 4027 2478 4091 oportere
2499 4056 2517 4081 .
2548 4025 2605 4074 et
2645 4032 2768 4073 cum
2795 4014 2912 4073 dies
2943 4016 3150 4088 incipit,
3170 4026 3223 4072 et
3251 4032 3375 4073 cum
3400 4015 3622 4074 desinit.

2094 4107 2422 4180 Sacriﬁcium
2466 4123 2571 4164 non
2595 4122 2793 4180 semper
2816 4117 3099 4188 acceptum.
3131 4137 3203 4149 —
3227 4106 3341 4165 Hoc
3374 4124 3505 4181 ergo
3527 4122 3624 4165 sa-

2021 4203 2283 4260 crillclum
2322 4199 2422 4258 luit
2463 4216 2681 4273 semper
2716 4207 3029 4277 acceptum,
3079 4201 3316 4273 itemque
3355 4199 3623 4273 ejusmodi

2023 4296 2271 4355 sumtus:
2301 4294 2445 4369 quod
2489 4305 2673 4353 autem
2713 4293 2875 4352 licbat
2908 4307 3008 4367 pro
3050 4292 3307 4366 peccatis,
3336 4292 3627 4371 aliquando

2022 4376 2239 4464 quidem
2265 4398 2384 4447 erat
2406 4398 2713 4460 acceptum,
2734 4374 3023 4460 aliquando
3038 4402 3171 4445 vero
3193 4401 3300 4443 non
3316 4395 3624 4457 acceptum,

2024 4489 2209 4553 utpote
2247 4480 2389 4553 quod
2421 4480 2523 4536 hoc
2557 4479 2644 4535 vel
2675 4478 2809 4535 illud
2844 4486 3013 4547 esset,
3061 4485 3220 4551 prout
3262 4477 3296 4533 ii
3348 4476 3440 4549 qui
3490 4474 3625 4533 illud

2022 4572 2343 4640 oﬂ’erehant,
2371 4579 2527 4626 erant
2545 4568 2720 4626 allecti
2746 4568 2815 4623 ad
2844 4568 3097 4625 virtutem
3116 4578 3209 4625 aut
3231 4568 3453 4623 vitium:
3479 4567 3625 4639 quod

2024 4668 2334 4721 autemnon
2376 4660 2702 4719 olicrehatur
2731 4676 2830 4732 pro
2854 4659 3083 4716 aliorum
3114 4658 3485 4732 peecatis,sed
3505 4669 3623 4716 erat

2024 4752 2112 4811 lex
2137 4751 2385 4810 sacrificii
2413 4760 2471 4808 et
2489 4750 2681 4806 modus
2693 4748 2927 4817 colendi,
2946 4758 3065 4806 erat
3077 4751 3301 4806 omnino
3318 4760 3625 4822 acceptum.

2022 4845 2124 4903 ilic
2147 4859 2278 4918 ergo
2304 4850 2480 4916 rogat,
2509 4853 2565 4898 ut
2595 4842 2668 4897 sit
2690 4839 2813 4913 ejus
2830 4841 3006 4899 oratio
3028 4849 3088 4898 ut
3117 4840 3249 4898 illud
3273 4842 3622 4906 sacriﬁcium.

2022 4935 2169 5010 quod
2196 4934 2337 4991 nulla
2367 4934 2707 5008 polluebatur
2727 4931 3008 4990 oli'ereutis
3041 4935 3283 5003 macula,
3309 4933 3449 4990 sicut
3487 4934 3619 4992 illud

2026 5030 2304 5087 incensum
2333 5035 2578 5084 sancttim
2620 5034 2676 5082 ct
2709 5040 2922 5097 purum.
2960 5024 3221 5098 itogaudo
3247 5035 3428 5082 autem
3468 5025 3629 5083 docet

2025 5136 2127 5178 nos
2151 5130 2210 5177 ut
2230 5120 2504 5177 orationes
2530 5125 2731 5175 nostra:
2754 5118 2865 5174 sint
2890 5132 3040 5189 pune
3068 5124 3126 5175 et
3146 5117 3454 5175 edoriicrm.
3479 5117 3630 5175 Talis

2024 5213 2170 5270 enim
2198 5217 2286 5268 est
2302 5210 2507 5282 iustitia
2537 5226 2554 5264 :
2581 5206 3038 5281 quemadmodum
3092 5217 3373 5281 pects-tum
3400 5218 3485 5267 est
3525 5208 3623 5268 τω-

2024 5303 2217 5367 tidum.
2245 5301 2508 5371 Quocirca
2536 5307 2734 5357 tetrum
2759 5299 2879 5372 ejus
2902 5297 3129 5357 odorem
3158 5298 3468 5372 signiﬁcans
3493 5342 3510 5368 ,
3540 5300 3627 5357 di-

2025 5400 2177 5457 cebat
2213 5416 2227 5453 :
2254 5396 2510 5469 Quoniam
2536 5394 2826 5468 iniquitates
2849 5408 2975 5450 metu
3008 5409 3352 5467 supergressa:
3385 5403 3507 5451 suat
3540 5412 3632 5451 ce-

2028 5503 2118 5565 ραι
2142 5508 2328 5556 meum,
2357 5492 2486 5547 sicut
2506 5506 2635 5545 onus
2653 5504 2806 5562 grave
2827 5497 3052 5560 grauata:
3069 5498 3190 5543 sunt
3216 5504 3372 5559 super
3396 5504 3495 5543 use.
3523 5488 3628 5546 Pu-

2027 5594 2256 5642 truerunt
2272 5593 2317 5639 et
2332 5590 2587 5652 corrupta:
2599 5591 2715 5635 sunt
2734 5580 2994 5636 cicatrices
3014 5595 3158 5636 metu.
3180 5578 3353 5653 (Psal.
3373 5580 3464 5637 37.
3485 5581 3631 5653 5.6).

2102 5675 2418 5749 Fragrautia
2445 5673 2693 5728 orationis
2714 5690 2733 5739 ;
2756 5670 2999 5726 thuribuli
3023 5683 3198 5745 typus,
3222 5672 3412 5745 lingua
3434 5681 3481 5727 et
3517 5690 3631 5731 ma-

2090 5794 2164 5857 (α)
2198 5795 2381 5904 δέ
2408 5793 2683 5857 sequentes
2718 5787 3154 5852 interpretationes
3192 5788 3332 5853 juxta
3376 5800 3503 5852 quos
3536 5787 3635 5849 sint

2090 5871 2129 5904 Ill
2154 5870 2246 5904 uot'
2305 5871 2315 5902 l
2383 5886 2397 5902 ο

2033 5871 2129 5908 11011
2154 5869 2297 5907 1101⁸111
2305 5869 2397 5904 ius.
