4154 6438
583 429 683 487 851

586 555 744 601 meum
778 540 1006 610 parum;
1044 536 1376 607 superﬂuant
1423 532 1726 602 sacri/icium
1776 543 1868 585 ear
1919 526 2111 581 dicunt:
2137 540 2157 590 ;

590 644 770 688 MM
812 646 903 685 cur
927 629 1153 684 ferenda
1194 629 1247 681 in
1289 626 1534 679 oratione.
1583 653 1652 663 —
1701 616 2159 690 Quemadmodum

585 741 715 795 ergo
740 716 952 779 sumtus
977 725 1073 793 per
1098 735 1156 775 se
1180 727 1266 775 est
1294 717 1463 773 bonus
1479 722 1533 771 et
1553 714 1691 769 bene
1715 712 1886 777 olens,
1912 716 2041 765 tunc
2072 724 2164 763 au-

588 826 697 871 tem
722 815 950 870 maxime
974 810 1170 867 bonum
1199 810 1417 865 odorem
1453 806 1665 869 emittit;
1695 803 1906 875 quando
1932 799 2038 872 igni
2066 814 2159 854 ac-

589 906 812 962 cesserit
842 917 858 957 :
888 904 959 957 ita
999 901 1161 958 etiam
1207 899 1379 956 oratio
1405 898 1488 953 vel
1534 911 1630 967 per
1670 911 1733 951 se
1776 894 1988 963 quidem
2023 892 2159 947 bona

585 1000 667 1051 est
694 1014 708 1050 :
733 1002 818 1051 est
843 1002 1021 1050 autem
1047 993 1233 1049 melior
1260 1000 1313 1047 et
1342 989 1678 1060 fragrantior,
1705 985 1918 1058 quando
1945 982 2162 1039 allertur

585 1101 708 1143 eum
735 1086 943 1143 ardenti
971 1094 1024 1142 et
1049 1084 1271 1141 ferventi
1296 1082 1494 1146 animo,
1513 1080 1725 1153 quando
1743 1077 1917 1135 anima
1934 1075 2160 1131 efﬁcitur

590 1180 951 1244 thuribulum,
979 1186 1033 1233 et
1060 1179 1233 1247 ignem
1275 1175 1641 1231 vehementem
1686 1168 1943 1226 accendit.
1979 1167 2161 1238 Neque

588 1272 731 1327 enim
764 1268 1131 1340 imponebatur
1171 1268 1448 1323 incensum
1495 1270 1589 1319 aut
1626 1260 1860 1327 sumtus,
1891 1260 1990 1316 nisi
2020 1260 2164 1316 eeset

588 1360 740 1428 prius
776 1372 998 1415 accensa
1023 1356 1275 1414 craticula
1300 1398 1315 1423 ,
1346 1365 1433 1411 aut
1465 1355 1563 1409 nisi
1588 1353 1838 1409 arderent
1877 1352 2159 1407 carbones.

589 1448 701 1504 lluc
739 1446 909 1518 ipsum
958 1446 1038 1502 fac
1086 1456 1141 1501 tu
1194 1458 1406 1517 quoque
1455 1446 1505 1498 in
1548 1452 1729 1499 mente
1771 1451 1858 1498 tua
1886 1458 1899 1498 :
1930 1439 2164 1499 necunde

589 1542 735 1607 prius
754 1538 919 1607 ipsam
940 1538 1116 1592 studio
1136 1546 1191 1592 et
1215 1536 1375 1593 animi
1404 1536 1697 1601 alacritate,
1720 1540 1773 1589 et
1802 1543 1925 1589 tunc
1950 1534 2169 1603 impone

589 1630 908 1686 orationem.
960 1630 1214 1685 Precatur
1239 1645 1368 1699 ergo
1397 1636 1456 1683 ut
1495 1627 1665 1682 oratio
1700 1625 1915 1696 quidem
1953 1640 2047 1680 sua
2073 1624 2166 1681 flat

588 1721 728 1775 sicut
761 1721 1057 1787 incensum,
1086 1720 1313 1776 cleratio
1336 1728 1511 1773 autem
1555 1732 1804 1771 mannutn
1840 1716 1977 1771 sicut
1999 1716 2168 1769 sacri-

589 1806 765 1865 tlcl‘um
814 1813 1194 1879 vespertinum.
1220 1809 1357 1863 Sunt
1383 1809 1522 1867 enin
1548 1806 1706 1868 multo
1734 1816 1972 1877 accepta.
2016 1804 2164 1879 Quo-

590 1898 752 1953 modo
770 1906 953 1953 autem
992 1897 1094 1953 hoc
1140 1899 1278 1955 lletl
1304 1898 1361 1954 Si
1400 1902 1624 1968 utraque
1677 1896 1784 1951 sint
1836 1892 2032 1949 munda
2060 1933 2077 1961 ,
2117 1892 2166 1950 si

587 1996 810 2058 utraque
835 1987 962 2042 nulli
998 1988 1105 2043 sint
1152 1986 1552 2058 reprehensioni
1583 1984 1775 2040 vitiare
1817 1983 2043 2039 obnixis
2062 2024 2084 2051 ,
2108 1992 2167 2041 et

589 2078 763 2150 lingua
788 2086 842 2134 et
866 2085 1075 2144 manus,
1104 2077 1189 2133 lue
1207 2076 1420 2147 quidem
1458 2077 1525 2130 ab
1548 2074 1769 2132 avaritia
1789 2085 1844 2129 et
1868 2074 2048 2153 rapina
2071 2090 2167 2130 cx-

590 2177 843 2241 purgatm,
871 2164 960 2225 illa
990 2162 1119 2225 vero
1146 2180 1177 2222 a
1207 2167 1360 2243 malis
1388 2166 1571 2223 verbis
1594 2166 1777 2221 libera.
1809 2162 2165 2239 Quemadmo-

589 2259 719 2315 dum
745 2261 886 2315 enim
935 2265 1145 2330 oportet
1188 2254 1516 2314 tituribulum
1560 2256 1688 2312 nihil
1718 2255 1916 2314 habere
1946 2258 2168 2311 immutu-

594 2349 739 2425 dum,
770 2350 863 2405 sed
891 2351 1063 2405 solum
1079 2350 1255 2421 ignem
1269 2359 1323 2405 et
1350 2348 1621 2405 sullitum:
1649 2348 1720 2402 ita
1752 2346 2164 2418 etiamlinguam

593 2440 797 2496 nullum
819 2432 1032 2509 oportet
1060 2440 1280 2497 verbum
1304 2439 1564 2511 prolem,
1586 2440 1725 2513 quod
1747 2440 1822 2495 sit
1837 2440 1940 2495 ulla
1960 2440 2166 2497 macula

589 2540 683 2586 aut
712 2529 831 2587 labe
869 2530 1311 2603 respersum,sed
1362 2532 1699 2587 sanctitatem
1726 2540 1781 2591 et
1807 2530 2054 2597 laudem;
2093 2530 2175 2587 ita

589 2623 751 2678 etiam
777 2632 988 2691 oportet
1034 2618 1220 2678 manus
1263 2636 1383 2679 esse
1425 2620 1771 2679 tlutribulum.
1814 2622 1896 2679 Sit
1938 2638 2066 2694 ergo
2102 2638 2165 2680 os

597 2722 745 2768 tuum
780 2714 1105 2769 thun‘bulum
1136 2731 1151 2767 :
1182 2713 1300 2770 ride
1332 2721 1506 2770 autem
1554 2729 1621 2770 ne
1661 2714 1713 2769 id
1760 2713 1886 2770 limo
1915 2713 2162 2786 impleas.

591 2802 751 2859 Tales
779 2803 921 2859 enim
949 2812 1072 2859 sunt
1092 2794 1228 2875 ,‘qui
1261 2804 1549 2874 loquuntur
1587 2804 1744 2859 verba
1790 2805 1959 2877 turpia
1984 2814 2040 2861 et
2067 2807 2167 2861 im-

590 2893 805 2950 munda.
832 2894 943 2950 Cur
989 2905 1167 2951 autem
1218 2910 1325 2950 non
1371 2892 1505 2951 dixit
1544 2896 1857 2949 matutinum
1893 2942 1901 2969 ._
1932 2895 2026 2951 sed
2048 2910 2167 2951 ves—

592 2986 854 3056 pertiuum
874 2985 901 3039 ἲ
922 2982 1043 3040 Mihi
1070 2982 1284 3057 quidem
1312 2984 1521 3041 videtur
1543 2985 1743 3041 dictum
1768 3001 1885 3043 esse
1916 2986 2164 3042 indiscri-

592 3079 854 3134 minathn.
914 3077 969 3135 Si
1021 3077 1163 3134 enim
1213 3077 1436 3135 tftsisset
1496 3080 1854 3146 matutinum,
1922 3079 2165 3136 curiosus

589 3170 850 3241 quispiam
882 3170 1283 3241 interrogasset,
1304 3169 1414 3226 Cur
1442 3187 1546 3226 non
1587 3172 1721 3227 dixit
1755 3171 2116 3243 vespertinum
2140 3172 2165 3229 ?

590 3259 646 3315 Si
667 3260 787 3329 quis
807 3268 982 3333 autem
1010 3261 1144 3316 velit
1172 3260 1357 3317 audire
1380 3276 1484 3317 non
1508 3261 1665 3317 nimis
1687 3263 1897 3319 curiose
1918 3262 1956 3327 '.
1976 3264 2163 3319 dicen-

589 3350 715 3406 dum
742 3361 825 3407 est
845 3352 1160 3409 matutinum
1184 3354 1399 3425 quidem
1427 3364 1737 3425 exspectare
1765 3356 2162 3426 vespertinum;

590 3456 714 3497 cum
746 3444 1103 3511 vespertinum
1134 3453 1309 3499 autem
1343 3456 1613 3515 peractum
1643 3445 1819 3513 fuerit,
1852 3447 2057 3503 finitum
2082 3458 2166 3504 est

590 3532 942 3601 sacriﬁcium,
969 3544 1024 3591 et
1056 3550 1161 3590 non
1205 3543 1307 3591 est
1334 3537 1514 3607 utique
1559 3538 1784 3607 amplius
1827 3538 2164 3609 imperfectus

590 3625 692 3681 diei
714 3628 907 3694 cultus,
934 3627 1029 3684 sed
1062 3636 1145 3684 est
1186 3629 1511 3699 completus,
1535 3640 1589 3685 et
1617 3628 1775 3685 linem
1807 3633 2031 3701 accepit.
2052 3630 2162 3687 Sed

586 3716 713 3785 quid
731 3716 833 3771 sibi
862 3716 971 3773 vult
994 3731 1244 3775 manuum
1272 3720 1325 3774 in
1351 3720 1593 3776 oratione
1617 3720 1842 3776 elevatio
1858 3721 1881 3776 3
1900 3723 2161 3790 Quoniam

588 3805 768 3863 multis
791 3807 1095 3865 sceleribus
1116 3808 1410 3866 inserviunt
1426 3850 1445 3877 ,
1471 3820 1529 3865 ut
1557 3810 1987 3882 percussiouibus
2010 3854 2025 3879 ,
2058 3828 2165 3868 ea:-

587 3897 766 3963 dibus,
792 3897 1011 3971 rapinis,
1031 3898 1270 3955 avaritia:
1292 3941 1309 3969 ,
1338 3888 1395 3956 et
1421 3900 1681 3956 bonorum
1710 3902 1930 3956 alterius
1953 3901 2163 3972 cupidi-

587 3987 705 4054 tati,
724 3985 941 4059 propter
966 3989 1067 4045 hoc
1102 3990 1275 4060 ipsum
1303 4005 1431 4061 ergo
1472 4005 1581 4047 eas:
1611 3990 1862 4060 iubemus
1907 3991 2161 4061 tendere,

590 4089 647 4134 ut
669 4081 927 4145 orationis
977 4083 1333 4138 ministerium
1372 4083 1441 4137 sit
1468 4082 1547 4138 eis
1573 4084 1821 4154 nequitia:
1849 4084 2115 4140 vinculum
2140 4125 2157 4151 ,

584 4177 638 4223 et
666 4170 734 4223 ab
760 4170 1100 4239 improbitate
1125 4172 1410 4228 liberalia:
1438 4166 1495 4228 ut
1521 4173 1734 4245 quando
1776 4170 2121 4245 esrapturus
2138 4216 2157 4243 ,

584 4258 668 4313 vel
701 4260 751 4314 iu
782 4260 919 4316 bona
949 4262 1171 4317 aliorum
1211 4263 1508 4330 invasurus,
1536 4273 1629 4319 aut
1652 4265 1813 4318 alium
1852 4264 2163 4321 verberatu-

587 4364 679 4403 rns
706 4391 721 4415 ,
762 4351 815 4405 iu
865 4352 1174 4406 memoriam
1226 4368 1487 4409 revocans
1536 4354 1652 4410 fore
1680 4364 1737 4409 ut
1773 4369 1867 4411 eos
1892 4356 1959 4409 ad
1992 4356 2159 4412 Deum

591 4442 774 4495 mittas
807 4452 860 4497 te
888 4442 1200 4499 defensuros
1224 4485 1239 4514 ,
1267 4454 1322 4500 et
1353 4445 1478 4499 illud
1527 4446 1802 4516 spirituale
1842 4448 2160 4504 sacrificium

590 4547 684 4600 per
709 4546 802 4586 eas
829 4530 1041 4598 offeras,
1083 4548 1150 4588 ne
1177 4548 1267 4589 eas
1298 4534 1584 4604 ignominia
1612 4544 1665 4591 et
1697 4535 1896 4606 pudore
1921 4537 2122 4594 afﬁcias
2140 4580 2158 4606 ,

581 4632 641 4679 et
671 4624 822 4680 mala:
848 4624 1171 4692 operationis
1213 4626 1507 4681 ministerio
1530 4628 1610 4682 eis
1641 4627 1886 4683 fiduciam
1928 4627 2157 4685 auferas.

582 4713 750 4783 Purga
778 4726 905 4782 ergo
948 4727 1039 4768 eas
1060 4715 1417 4788 eleemosyua,
1444 4713 1725 4773 clementia
1748 4760 1765 4786 ,
1796 4719 2160 4775 subveniendo

585 4803 648 4857 iis
672 4801 761 4873 qui
799 4802 1055 4873 indigent,
1085 4815 1141 4859 ct
1171 4806 1241 4859 ita
1270 4821 1363 4861 eas
1397 4808 1506 4863 Deo
1544 4809 1828 4878 expandito
1857 4808 1923 4864 ad
1960 4812 2159 4865 oratio-

580 4910 724 4950 nem.
752 4894 808 4951 Si
836 4895 976 4950 euim
1009 4913 1113 4952 non
1142 4898 1402 4968 permittis
1433 4908 1485 4953 ut
1515 4916 1591 4954 cm
1621 4901 1873 4955 tollantur
1901 4902 2062 4956 illota:
2090 4901 2157 4956 ad

578 4985 873 5040 orationem
906 5004 920 5039 :
960 4989 1124 5043 multo
1154 4991 1319 5060 magis
1348 5006 1451 5044 non
1481 5006 1687 5059 :eqnum
1717 5003 1797 5045 est
1825 5002 1880 5046 ut
1910 5008 2003 5047 eas
2030 5008 2157 5062 pec-

578 5068 711 5129 catis
740 5075 1003 5145 inquines.
1035 5078 1090 5134 Si
1120 5080 1260 5149 quod
1294 5082 1465 5135 minus
1492 5092 1573 5135 est
1600 5085 1818 5148 vereris,
1853 5084 2021 5139 multo
2038 5100 2153 5138 tua-

577 5168 658 5235 gis
686 5168 1001 5245 pertimesco
1047 5171 1187 5241 quod
1241 5172 1411 5241 majus
1453 5183 1554 5228 est.
1606 5173 1767 5227 Illotis
1809 5175 1950 5228 enim
1999 5190 2155 5231 orare

581 5258 824 5313 manibus
850 5275 950 5314 non
982 5272 1060 5315 est
1086 5262 1218 5317 adeo
1243 5263 1527 5317 absurdum
1554 5281 1566 5328 ;
1618 5265 1707 5318 sed
1755 5265 2155 5319 innumerabili-

572 5344 672 5403 bus
694 5362 1028 5419 peceatorum
1059 5354 1302 5410 sordibus
1330 5355 1626 5425 inquinatas
1648 5356 1863 5424 ollerrc,
1891 5356 1993 5411 hoc
2020 5358 2149 5410 iram

574 5439 728 5494 allert
753 5444 1055 5499 maximam.

654 5532 706 5584 ι.
742 5534 851 5589 Hoc
882 5536 1050 5603 ipsum
1081 5545 1135 5591 et
1166 5537 1216 5589 in
1248 5552 1342 5591 ore
1383 5545 1435 5591 et
1463 5536 1514 5590 iu
1545 5537 1719 5605 lingua
1756 5550 2028 5592 versemus
2052 5577 2064 5599 ,
2097 5545 2151 5591 ct

576 5644 641 5683 ea
657 5627 840 5681 sceleri
866 5628 1002 5681 invia
1024 5639 1420 5693 conservantes,
1440 5628 1508 5681 ita
1526 5626 1809 5682 offeramus
1824 5628 2143 5682 orationem.

638 5763 652 5827 ξ
690 5765 735 5806 'n
759 5758 1043 5827 quibusdam
1194 5762 1261 5811 sic
1281 5759 1461 5824 legitur
1490 5775 1497 5809 :
1526 5761 1570 5811 εἰ
1595 5762 1698 5824 quis
1735 5766 1886 5816 mttem
1912 5759 2145 5812 curiosius

574 5820 799 5885 indagare
822 5820 1036 5872 t'oitteril.

1315 422 1374 482 S.
1412 417 1689 479 JOANNIS
1723 406 2101 470 αιιιιεοετ.
2144 404 2459 465 Αιιαιιιερ.
2498 406 3031 470 CONSTANTINOP.

3745 414 3844 471 53!

2267 519 2327 577 St
2350 520 2469 592 quis
2496 522 2639 577 enim
2669 521 2873 578 habens
2901 538 2995 578 vas
3021 537 3244 579 aureum
3265 566 3278 588 ,
3311 540 3378 579 eo
3414 524 3479 576 ad
3507 525 3665 580 vilem
3689 543 3840 581 nsunt

2266 616 2341 671 uti
2370 631 2658 686 numquam
2697 616 2750 669 ln
2778 617 3015 671 animum
3045 617 3314 673 induxerit
3353 628 3571 687 propter
3612 620 3843 687 pretium

2265 709 2503 763 materia:
2531 727 2544 762 :
2576 709 2743 764 multo
2795 710 2965 779 magis
3003 722 3126 765 cum
3163 724 3295 764 auro
3321 720 3375 764 et
3418 711 3721 780 margaritis
3750 710 3844 766 ba-

2264 800 2484 871 beamus
2503 815 2597 855 ora
2615 800 2771 872 longe
2793 802 3107 871 pretiosiora
3131 842 3150 867 ,
3181 817 3285 859 non
3317 819 3411 871 par
3432 815 3509 860 est
3538 814 3597 859 ut
3632 820 3694 861 ea
3725 806 3845 877 pol-

2263 889 2474 949 luamus
2505 891 2679 948 verbis
2705 892 2943 962 turpibus
2968 902 3023 949 et
3043 893 3345 963 impudicis,
3367 896 3774 968 maledictisque
3794 907 3849 953 et

2266 983 2628 1037 contumeliis.
2660 980 2775 1042 Non
2809 985 2859 1037 in
2886 984 3043 1040 altari
3064 1000 3217 1041 tneo
3242 1001 3344 1042 uec
3361 1003 3525 1043 aureo
3542 988 3706 1045 oﬂ’ers
3736 992 3851 1046 suf-

2265 1072 2437 1141 litnm,
2472 1074 2564 1129 sed
2597 1074 2648 1128 in
2678 1089 2745 1130 eo
2774 1075 2914 1145 quod
2942 1085 3025 1131 est
3052 1078 3367 1146 pretiosius,
3396 1094 3593 1151 nempe
3621 1082 3673 1136 in
3706 1091 3851 1139 tem-

2266 1167 2356 1238 plo
2398 1167 2641 1238 spiritali.
2697 1166 2775 1223 llli
2820 1168 2962 1224 enim
3012 1177 3097 1228 est
3142 1170 3375 1227 inanima
3417 1174 3634 1230 materia
3670 1195 3684 1231 :
3716 1176 3770 1230 in
3797 1185 3853 1234 te

2265 1268 2442 1315 autem
2485 1260 2625 1315 Deus
2656 1258 2879 1325 habitat,
2908 1270 2965 1316 et
2990 1275 3050 1316 es
3077 1250 3377 1319 membrum
3397 1274 3451 1319 et
3476 1280 3671 1337 corpus
3690 1266 3850 1323 Chri—

2264 1351 2353 1405 sti.
2386 1351 2441 1405 3.
2480 1348 2635 1416 Pone,
2674 1349 2909 1418 Domine,
2939 1351 3218 1407 cuqu
3243 1354 3325 1408 ori
3347 1370 3476 1410 mea.
3506 1354 3640 1411 Cum
3661 1372 3849 1428 rogas-

2264 1451 2349 1497 set
2375 1441 2656 1497 Dotuinum
2706 1443 2928 1513 ut'ejus
2977 1445 3255 1501 audiretur
3300 1447 3491 1511 oratio,
3531 1455 3588 1503 et
3615 1458 3670 1502 ut
3695 1448 3846 1506 lieret

2265 1544 2503 1602 accepta.
2531 1535 2651 1590 vide
2676 1534 2945 1605 quodnam
2972 1535 3214 1607 primum
3233 1537 3391 1595 aﬂert
3422 1542 3769 1610 postulatum,
3794 1556 3853 1601 et

2266 1638 2552 1694 quamnam
2598 1627 3065 1696 supplicationem.
3096 1627 3212 1685 Non
3240 1629 3375 1688 dixit
3401 1633 3543 1688 enim
3560 1674 3585 1700 .
3613 1634 3686 1689 Da
3715 1637 3853 1693 mihi

2266 1714 2542 1784 pecunias,
2570 1715 2638 1771 da
2667 1717 2797 1772 mihi
2825 1718 3078 1784 honores,
3104 1720 3204 1791 qui
3221 1729 3348 1776 sunt
3384 1724 3522 1792 apud
3562 1714 3813 1783 homines
3834 1770 3853 1795 ,

2266 1803 2333 1859 da
2361 1804 2493 1859 mihi
2513 1805 2788 1864 victoriam
2812 1809 3066 1866 adversus
3094 1810 3364 1881 inimicos,
3376 1813 3442 1875 ds
3464 1816 3592 1872 mihi
3614 1816 3811 1875 liberos
3837 1839 3853 1876 :

2267 1898 2400 1955 nihil
2446 1899 2656 1966 horum,
2687 1890 2781 1957 sed
2807 1902 2923 1959 διο
2947 1904 3125 1959 omnia
3152 1906 3335 1962 sinetis
3372 1906 3520 1966 btuni
3560 1910 3856 1981 jacere,ea

2268 1990 2400 2062 petit
2430 2007 2551 2063 qua
2588 2007 2619 2046 a
2673 1992 2785 2050 Deo
2824 1994 2941 2052 dari
2971 1994 3133 2067 digna
3155 2008 3305 2054 sunt.
3326 1999 3467 2077 Quid
3510 2002 3669 2074 igitur
3692 2003 3717 2058 ἒ
3741 2020 3854 2061 non

2266 2091 2499 2152 oportet,
2532 2083 2740 2154 inquit,
2778 2096 2961 2155 petere
3012 2089 3284 2145 sensibiiia
3308 2092 3333 2147 l
3359 2094 3582 2163 Oportet
3610 2096 3855 2167 quidem,

2267 2173 2363 2229 sed
2389 2174 2685 2243 moderate,
2716 2178 3168 2248 quemadmodum
3207 2183 3376 2255 Jaeob
3398 2185 3591 2243 dicens
3616 2205 3631 2242 :
3666 2188 3730 2246 Si
3756 2190 3854 2245 de-

2266 2266 2398 2322 derit
2428 2268 2551 2321 mihi
2585 2262 2836 2325 Dominus
2863 2287 3046 2341 puum
3068 2272 3139 2327 ad
3165 2274 3486 2341 acuendam,
3509 2288 3557 2333 et
3584 2281 3859 2341 uestem“

2266 2357 2624 2431 iudaeudum(
2668 2358 2907 2419 ϐουλε.
2933 2362 3070 2433 20);
3110 2366 3560 2434 quemadmodum
3607 2370 3861 2427 Christus

2264 2449 2422 2521 jussit
2450 2468 2605 2509 orare
2646 2469 2767 2519 nos,
2793 2455 3071 2512 dicentes:
3108 2455 3303 2512 Panem
3327 2468 3553 2514 nostrum
3575 2463 3857 2531 superab-

2266 2544 2553 2601 sluulialcm
2575 2545 2642 2599 da
2669 2546 2809 2602 nobis
2838 2547 3027 2616 hodie(
3055 2546 3247 2608 Ιωιή.
3274 2548 3329 2604 6.
3352 2550 3440 2615 ιι)
3464 2566 3479 2605 :
3504 2563 3635 2608 ante
3669 2555 3858 2621 omnia

2258 2650 2415 2701 vero,
2445 2638 2762 2707 spiritualia.
2815 2639 2971 2708 Quod
3020 2642 3135 2712 ipse
3183 2658 3399 2714 quoque
3445 2644 3571 2701 facit
3610 2645 3801 2703 dicens
3839 2666 3855 2702 :

2266 2723 2433 2795 Pone,
2464 2729 2700 2797 Domine,
2730 2735 3009 2791 custodiam
3030 2738 3124 2790 vori
3151 2752 3278 2791 meo.

2340 2839 2552 2916 lingua
2572 2858 2616 2901 el
2646 2848 2750 2903 oris
2772 2849 3041 2916 custodia,-
3067 2853 3264 2906 ἔπειιῶ
3296 2862 3352 2908 et
3398 2854 3635 2924 loquendi
3660 2856 3861 2911 vicissi-

2269 2934 2411 2989 tudo.
2438 2965 2512 2977 —
2534 2936 2721 2993 Vidisti
2776 2939 3146 3009 prudentiam?
3189 2942 3367 2997 vidisti
3414 2945 3765 3014 sapientiam,
3796 2958 3863 3004 et

2269 3026 2537 3083 undenam
2567 3029 2980 3098 postulationem
3004 3032 3259 3103 incipiat?
3285 3035 3368 3090 Ab
3396 3051 3463 3091 eo
3494 3038 3635 3108 quod
3666 3050 3748 3094 est
3767 3056 3863 3096 eo-

2268 3133 2385 3173 rum
2416 3134 2536 3187 qua:
2562 3129 2706 3177 recte
2725 3130 2867 3178 etes
2914 3124 3111 3179 virtute
3155 3125 3321 3193 liunt,
3352 3128 3663 3195 maximum,
3689 3140 3743 3186 et
3770 3143 3862 3189 est

2266 3212 2505 3267 omnium
2532 3214 2795 3269 malorum
2820 3229 3001 3282 musa,
3047 3217 3092 3271 si
3137 3217 3474 3290 negligatur:
3499 3222 3861 3292 quemdam-

2266 3302 2394 3357 dum
2433 3302 2719 3370 bonorum,
2745 3306 2790 3361 si
2834 3306 2888 3361 in
2931 3321 2999 3361 eo
3041 3322 3167 3363 cura
3211 3324 3278 3363 ac
3315 3309 3546 3369 studium
3601 3325 3859 3383 ponatur.

2268 3396 2401 3451 Mala
2448 3397 2593 3454 enim
2647 3398 2927 3453 innumera
2964 3400 3103 3469 parit
3142 3399 3335 3469 linguae
3363 3386 3592 3458 facilitas
3621 3422 3634 3458 :
3662 3416 3860 3475 quem-

2267 3486 2557 3543 admodum
2586 3503 2772 3543 rursus
2816 3489 2956 3545 bona
2978 3530 2995 3556 ,
3038 3492 3218 3545 cautio
3242 3502 3295 3547 et
3324 3494 3607 3549 securitas.
3649 3496 3860 3565 Quem-

2265 3579 2553 3635 admodum
2582 3594 2715 3650 ergo
2742 3580 2873 3637 nihil
2917 3580 3070 3650 jurat
3114 3581 3326 3647 domus,
3376 3590 3482 3639 una
3542 3585 3689 3652 urbs,
3741 3603 3859 3644 non

2267 3673 2489 3737 nitentia,
2514 3688 2618 3727 non
2647 3682 2834 3742 porte,
2863 3688 2969 3728 non
2995 3675 3154 3739 ostia,
3188 3675 3289 3730 nisi
3316 3677 3425 3731 sint
3453 3678 3542 3748 qtti
3571 3693 3633 3734 ea
3672 3690 3862 3736 custo—

2266 3764 2437 3829 diant,
2468 3774 2523 3820 et
2550 3766 2721 3819 sciant
2743 3766 2958 3837 quando
2978 3775 3194 3834 oportet
3240 3783 3301 3823 ea
3331 3770 3548 3839 quidem
3577 3772 3857 3842 claudere,

2267 3855 2481 3926 quando
2508 3869 2636 3911 vero
2666 3856 2877 3924 aperire
2908 3874 2921 3909 :
2970 3857 3040 3911 ita
3066 3858 3226 3912 etiam
3266 3860 3376 3915 oris
3403 3870 3458 3915 et
3486 3861 3678 3931 lingua:
3706 3865 3859 3921 nulla

2266 3958 2347 4003 est
2376 3947 2598 4013 utilitas,
2629 3947 2729 4001 nisi
2774 3947 2846 4002 sit
2892 3949 3049 4012 ratio,
3090 3950 3174 4005 cui
3211 3950 3463 4017 scienter,
3505 3964 3749 4011 accurate
3789 3972 3857 4013 ac

2265 4040 2654 4109 circumspecte
2691 4056 2755 4093 ea
2796 4040 3050 4096 claudere
3078 4051 3129 4097 et
3159 4042 3376 4111 aperire
3399 4046 3716 4113 permissum
3759 4050 3855 4115 sit,

2264 4140 2319 4187 et
2346 4139 2482 4186 sciat
2505 4145 2625 4201 quae
2654 4131 2763 4185 sint
2784 4130 3079 4196 efferenda,
3107 4148 3226 4203 qua:
3254 4148 3381 4187 vero
3402 4134 3699 4190 retinenda.
3728 4137 3851 4193 Non

2267 4233 2365 4288 tot,
2393 4222 2583 4294 Inquit,
2612 4223 2811 4294 gladio,
2841 4233 2971 4294 quot
2999 4226 3174 4296 lingua
3200 4225 3511 4281 ceeidermtt
3538 4227 3725 4301 (Ec-cli.
3756 4230 3855 4287 28.

2262 4316 2375 4385 22).
2410 4317 2475 4371 Et
2501 4330 2685 4372 rursus
2699 4315 2945 4371 Christus
2977 4334 2991 4371 :
3016 4314 3137 4371 Non
3162 4332 3279 4387 quire
3302 4318 3596 4389 intraarper
3610 4336 3684 4379 os.
3705 4324 3856 4377 cuiu-

2263 4412 2476 4481 quinam
2524 4410 2765 4474 homines,
2790 4410 2883 4463 sed
2923 4424 3036 4477 quae
3074 4415 3503 4480 σποηηηηι(
3537 4411 3720 4466 Matth.
3760 4416 3847 4471 15.

2266 4503 2379 4572 ll).
2405 4500 2472 4556 Et
2516 4516 2704 4555 rursus
2756 4501 2891 4554 alius
2921 4517 2937 4554 :
2966 4498 3075 4553 Fac
3116 4500 3298 4554 erituo
3325 4510 3522 4569 portant
3568 4512 3616 4556 et
3666 4514 3852 4559 uectem

2265 4594 2283 4665 (
2314 4593 2476 4649 Eccli.
2504 4593 2593 4649 ΞΒ.
2619 4593 2688 4648 28
2714 4592 2753 4662 ).
2782 4592 2879 4648 llic
2900 4601 3077 4647 autem
3122 4593 3374 4663 quoniam
3417 4594 3565 4649 novit
3587 4610 3700 4649 rem
3730 4612 3853 4651 esse

2264 4685 2417 4743 valde
2444 4683 2719 4742 difﬁcilem
2741 4725 2755 4749 ,
2788 4683 2936 4738 addit
2968 4692 3023 4739 et
3052 4699 3237 4753 preces
3260 4724 3276 4749 ,
3309 4691 3365 4739 et
3393 4684 3556 4739 Deum
3603 4697 3750 4741 vocat
3781 4688 3850 4742 ad

2263 4770 2540 4832 ferendum
2567 4775 2840 4829 auxilium.
2870 4774 2982 4829 ltun
3011 4789 3139 4830 vero
3169 4774 3257 4829 ille
3274 4790 3485 4845 quoque
3532 4775 3631 4831 hoc
3671 4776 3848 4846 ipsum

2263 4868 2543 4940 significat,
2572 4878 2625 4921 ut
2654 4866 2868 4937 quando
2894 4866 3021 4920 dicit
3054 4885 3064 4917 :
3093 4866 3217 4933 Quis
3235 4866 3429 4921 dederit
3448 4866 3593 4921 labiis
3621 4870 3742 4923 meis
3779 4870 3851 4923 si-

2260 4960 2532 5031 gnaculum
2551 4959 2792 5012 callidum
2816 4957 2998 5029 (Ea-Ii.
3039 4957 3131 5013 22.
3157 4957 3289 5027 53)?
3312 4956 3534 5027 Oportet
3561 4961 3703 5013 enim
3744 4974 3846 5013 tm;-

2260 5059 2369 5105 stra
2413 5063 2625 5119 quoque
2672 5050 2934 5111 conferre,
2983 5056 3036 5100 et
3084 5046 3203 5102 idco
3232 5048 3335 5103 hoc
3383 5049 3550 5102 instar
3594 5051 3846 5117 praecepti

2259 5142 2455 5213 posuit,
2486 5141 2672 5196 dicens
2707 5161 2719 5193 :
2752 5138 2859 5191 Fac
2885 5150 3079 5208 portam
3102 5149 3149 5193 et
3176 5149 3379 5193 vectem.
3426 5141 3518 5194 Est
3559 5141 3718 5194 etiam
3751 5124 3845 5195 liei

2260 5231 2613 5286 invocantium
2665 5231 2937 5293 umilinm,
2990 5239 3046 5281 ut
3090 5238 3330 5283 nostrum
3366 5244 3581 5298 quoque
3608 5230 3843 5283 studium

2259 5324 2309 5377 itt
2327 5338 2461 5392 opus
2490 5331 2662 5377 exeat.
2683 5318 2754 5375 Os
2776 5334 2901 5391 ergo
2922 5330 3159 5374 nostrum
3177 5328 3433 5388 perpetuo
3454 5320 3843 5382 custodiamus,

2258 5415 2305 5469 ei
2339 5414 2600 5469 rationem
2644 5424 2909 5481 nunquam
2958 5414 3163 5467 clavem
3212 5411 3568 5476 adhibentes,
3624 5426 3729 5465 non
3783 5422 3845 5466 ut

2258 5516 2513 5577 perpetuo
2591 5504 2867 5559 claudatur
2898 5545 2913 5568 ,
2964 5503 3059 5557 sed
3102 5513 3159 5558 ut
3209 5503 3549 5557 convenienti
3598 5512 3843 5571 tempnte

2255 5612 2538 5655 reseretur.
2606 5598 3010 5666 Nonnumquam
3086 5597 3230 5651 enim
3297 5596 3567 5650 silentium
3615 5606 3698 5651 est
3755 5596 3833 5648 In.

2254 5695 2409 5764 quela
2457 5694 2657 5759 utilius,
2702 5690 3150 5761 quemadmodum
3180 5689 3388 5758 loquela
3430 5705 3641 5759 quoque
3666 5691 3835 5743 silen-

2254 5789 2343 5843 tio.
2401 5788 2463 5841 lit
2517 5787 2633 5843 idco
2691 5784 2897 5841 diccbat
2958 5786 3047 5840 illc
3102 5783 3527 5854 sapientiSsimus
3572 5781 3839 5851 :Tempus
