4222 6488
339 761 509 826 porta
538 765 554 804 :
584 748 629 804 si
683 754 861 802 autem
908 746 1168 813 perpetuo
1220 734 1400 790 clausa
1444 746 1586 797 esse,
1636 744 1754 826 non.
1784 734 1933 783 esset

338 818 480 914 δραι
505 836 769 896 custodia.
793 830 947 903 Qutd
962 829 1109 887 enim
1125 827 1369 884 danaum
1390 830 1498 886 est,
1526 835 1626 876 cur
1663 818 1797 914 quis
1830 832 1931 873 cu-

345 909 631 988 siodierit?
674 923 782 982 δαὶ
829 929 1112 994 propterea
1141 927 1269 974 sunt
1314 923 1484 986 porta:
1509 922 1565 968 et
1592 909 1857 976 custodia,
1881 916 1942 964 ut

342 1021 604 1086 faciamus
640 1015 849 1088 singula
877 1025 1132 1083 tempore,
1165 1004 1523 1062 convenienti.
1573 1000 1727 1058 Alius
1753 1010 1940 1056 autem

346 1112 495 1177 dicit,
524 1107 721 1181 Iugum
745 1116 795 1162 et
816 1114 1056 1160 stateram
1082 1105 1165 1175 fac
1197 1100 1385 1172 lingua
1402 1105 1503 1151 tute
1520 1095 1539 1167 (
1558 1093 1695 1148 Ibid.
1711 1091 1803 1148 28.
1820 1090 1939 1163 29).

351 1201 613 1272 majorem
629 1198 851 1268 exigens
869 1193 1221 1265 diligentiam,
1235 1198 1294 1245 ut
1312 1203 1423 1244 non
1438 1186 1615 1272 solum
1637 1182 1799 1241 verba
1822 1196 1943 1253 qua:

349 1268 565 1362 oportet
594 1289 901 1351 eﬂ‘eramus,
929 1283 1024 1344 sed
1044 1284 1206 1341 etiam
1230 1295 1352 1336 cum
1373 1294 1437 1335 ea
1468 1268 1572 1349 qua
1598 1290 1696 1347 par
1715 1281 1800 1331 est
1817 1287 1946 1329 cau-

354 1384 497 1439 tione
526 1391 582 1440 et
621 1387 871 1435 accurata
899 1373 1331 1431 consideratione
1375 1371 1487 1442 ipsa
1522 1366 1687 1435 veluti
1724 1363 1943 1437 ponde-

354 1487 536 1533 rantes
559 1472 840 1542 diligenter
864 1465 1251 1537 expendamus.
1283 1461 1339 1519 Si
1381 1461 1525 1517 enim
1573 1458 1678 1513 hoc
1722 1455 1947 1511 iacimus

356 1567 410 1623 in
439 1581 573 1620 auro
599 1572 653 1618 et
681 1560 902 1616 materia
928 1572 1049 1629 qua:
1086 1555 1288 1620 interit,
1315 1553 1418 1609 hoc
1461 1550 1629 1606 multo
1658 1548 1828 1618 magis
1872 1543 1949 1601 ia-

355 1657 603 1715 ciendum
632 1662 715 1711 est
744 1654 796 1707 in
826 1651 1025 1715 verbis,
1058 1657 1116 1705 ut
1164 1647 1298 1702 nihil
1318 1644 1481 1709 desit,
1509 1640 1609 1698 nec
1654 1639 1940 1697 redundet.

358 1748 618 1819 Quocirca
646 1744 776 1800 dicit
812 1744 974 1797 etiam
1003 1738 1268 1809 quispiam
1300 1753 1315 1790 :
1352 1733 1568 1789 Verbum
1592 1749 1656 1788 ne
1683 1731 1951 1802 prohibue-

359 1841 432 1896 ris
473 1841 525 1892 in
564 1848 784 1905 tempore
828 1832 1005 1887 salutis
1034 1835 1054 1901 (
1077 1828 1293 1884 IbidJ.
1320 1826 1453 1894 28).
1507 1822 1694 1878 Vidisti
1740 1830 1953 1891 tempus

365 1927 562 1986 exitus?
604 1924 755 1978 Alius
792 1930 969 1977 autem
1002 1920 1188 1975 dicens
1231 1927 1443 1986 tempus
1499 1912 1719 1975 silentii,
1749 1910 1948 1981 inquit:

363 2013 428 2072 Si
451 2027 523 2072 est
552 2016 641 2070 tibi
651 2028 851 2073 sermo.
878 2010 1125 2082 responde
1155 2024 1173 2063 :
1198 2008 1274 2063 sin
1303 2007 1490 2074 minus,
1515 2014 1622 2059 esto
1666 2018 1847 2057 manus
1866 2011 1955 2056 tua

357 2123 515 2176 super
544 2123 601 2159 os
630 2116 770 2158 tuum
800 2101 980 2175 (Ibid.
1013 2101 1066 2155 5.
1098 2100 1165 2155 14
1268 2098 1335 2153 Et
1361 2110 1566 2160 rursus,
1593 2093 1693 2161 Qui
1730 2091 1956 2148 abundat

364 2200 417 2254 in
443 2213 671 2253 sermone
691 2238 708 2264 ,
747 2195 865 2250 odio
893 2192 1155 2248 habebitur
1192 2189 1375 2265 (Ibid.
1401 2188 1493 2244 20.
1522 2187 1618 2261 8).
1650 2187 1733 2253 Et,
1770 2184 1958 2240 Melior

364 2300 437 2347 est
458 2290 608 2345 homo
626 2287 712 2359 qui
728 2286 855 2342 celat
873 2284 1140 2340 stultitiam
1155 2298 1320 2346 suam,
1340 2297 1494 2360 quam
1514 2280 1663 2333 homo
1678 2277 1766 2348 qui
1789 2277 1958 2333 occul.

367 2391 438 2438 tat
452 2380 750 2453 sapientiam
768 2394 912 2433 suam
951 2377 972 2449 (
993 2374 1130 2430 Ibid.
1162 2388 1211 2428 tt.
1242 2374 1314 2430 53
1390 2370 1636 2427 Διιάίνὶᾱὶ
1651 2367 1960 2428 sermonem!

368 2472 621 2529 Horiatur
637 2472 691 2525 in
710 2481 777 2524 te.
806 2466 1036 2536 Con/ide,
1062 2481 1163 2520 non
1189 2471 1238 2519 te
1266 2472 1466 2532 rumpet
1496 2459 1680 2532 (Ibid.
1707 2458 1795 2514 i9.
1825 2458 1892 2514 10
1913 2455 1958 2529 ).

368 2564 438 2622 Et
468 2577 675 2630 rursus,
726 2562 772 2616 Α
807 2560 937 2633 facie
969 2556 1101 2613 uerbi
1128 2554 1373 2627 parturiet
1398 2552 1617 2616 stultus,
1665 2558 1721 2604 ut
1760 2567 1793 2604 a
1830 2550 1963 2620 facie

369 2653 583 2725 infantis
607 2647 1028 2723 puerpera(lbid.
1046 2662 1095 2701 υ.
1127 2646 1242 2716 ll).
1263 2641 1475 2701 Deinde,
1493 2641 1654 2697 etiam
1685 2638 1753 2695 de
1778 2637 1959 2694 modo:

372 2742 618 2813 Loquere,
640 2738 1028 2803 adolescentulo,
1048 2736 1091 2791 si
1120 2751 1247 2806 opus
1265 2734 1330 2788 sit
1357 2734 1467 2799 tibi,
1489 2732 1572 2786 via:
1592 2730 1667 2785 bis
1688 2747 1707 2785 :
1735 2730 1779 2784 si
1804 2730 1962 2783 intrr-

372 2842 582 2907 rogatus
611 2832 790 2903 fueris,
820 2832 870 2884 in
898 2831 1091 2885 breuem
1133 2843 1385 2882 summam
1410 2826 1587 2897 paucis
1613 2824 1772 2881 multa
1794 2823 1965 2893 redige

376 2923 539 2997 (Ibid.
561 2922 650 2978 32.
678 2921 765 2977 to.
801 2920 915 2993 ll).
952 2919 1139 2990 Magna
1163 2918 1307 2974 enim
1339 2915 1803 2972 animadversione
1828 2927 1964 2984 Opus

374 3027 486 3085 est,
521 3024 579 3072 ut
616 3015 809 3085 lingua:
857 3021 1122 3084 potestate
1145 3019 1300 3066 caute
1343 3016 1398 3066 et
1435 3008 1626 3065 secure
1668 3007 1856 3071 utaris.
1901 3005 1967 3059 Et

375 3107 496 3165 ideo
514 3121 701 3164 rursus
719 3104 850 3159 dixit
870 3120 883 3156 :
903 3102 994 3157 Est
1017 3101 1357 3174 reprehensio,
1380 3109 1427 3154 et
1447 3114 1547 3153 non
1561 3107 1634 3152 est
1654 3096 1966 3165 tempestiva:

374 3211 420 3256 et
462 3208 533 3254 est
559 3210 727 3252 tacens
754 3195 956 3266 aliquis,
983 3194 1071 3263 qui
1108 3192 1357 3248 inuenitur
1396 3188 1601 3260 sapiens
1630 3187 1648 3259 (
1680 3187 1819 3256 Ibid.
1877 3187 1963 3243 l9.

374 3290 466 3348 28.
492 3291 582 3347 20.
615 3288 713 3361 5).
756 3287 870 3343 Non
914 3287 1085 3342 solum
1124 3284 1267 3341 enim
1294 3291 1508 3354 oportet
1536 3285 1714 3337 tacere
1738 3288 1791 3336 et
1822 3279 1965 3347 lo1ui

376 3391 699 3453 opportune,
744 3378 837 3434 sed
883 3379 1045 3434 etiam
1084 3391 1207 3432 cum
1249 3388 1439 3445 magna
1486 3372 1675 3444 gratia.
1706 3370 1967 3440 Quocirca

375 3472 590 3529 dicebat
608 3472 805 3528 Paulus
823 3512 838 3537 ,
866 3470 1048 3526 Sermo
1077 3477 1234 3523 uester
1257 3466 1323 3520 sit
1359 3480 1556 3535 semper
1580 3464 1634 3518 in
1659 3463 1827 3535 gratia
1861 3461 1969 3517 sale

376 3564 633 3631 conditus,
671 3572 725 3618 ut
749 3564 923 3620 sciatis
943 3559 1194 3631 quomodo
1220 3564 1450 3629 oporteat
1479 3571 1566 3611 eos
1588 3554 1643 3608 in
1670 3569 1970 3625 unoquoque

382 3655 687 3726 respondere
716 3652 933 3723 (Coloss.
960 3652 1016 3707 4.
1034 3650 1112 3722 6).

452 3746 678 3803 Maxime
708 3755 912 3817 propter
941 3741 1247 3812 sacriﬁcium
1272 3738 1500 3809 corporis
1540 3736 1749 3793 Domini
1794 3736 1971 3808 lingua

378 3848 556 3897 sancta
602 3853 709 3893 esse
751 3833 1182 3903 ἄοικα-(ἰθεῖα
1213 3831 1316 3887 hoc
1338 3845 1460 3886 esse
1488 3830 1786 3885 membrum
1811 3869 1828 3893 ,
1872 3842 1970 3898 per

380 3931 523 4006 quod
546 3946 668 3987 cum
695 3930 806 3987 Deo
830 3927 1205 3997 colloquimur,
1230 3938 1329 3994 per
1352 3920 1495 3995 quod
1516 3922 1702 3977 laudes
1724 3919 1968 3976 celebra-

383 4038 522 4081 mus.
551 4022 662 4079 Hoc
690 4030 775 4076 est
801 4019 1102 4075 membrum
1121 4058 1139 4085 ,
1164 4030 1263 4088 per
1287 4012 1431 4085 quod
1458 4010 1783 4068 horrendum
1811 4010 1971 4066 sacri-

383 4113 561 4171 ﬁcium
582 4111 920 4182 suscipimus.
940 4107 1126 4165 Sciunt
1148 4105 1331 4161 ildeles
1355 4103 1499 4176 quod
1519 4102 1732 4159 dicitur.
1756 4102 1824 4158 Et
1850 4101 1971 4157 ideo

382 4212 595 4276 oportet
621 4203 671 4259 id
702 4217 822 4259 esse
849 4203 1079 4258 liberum
1108 4199 1177 4256 ab
1200 4197 1348 4253 omni
1382 4196 1751 4263 accusatione,
1797 4194 1972 4252 male-

383 4296 547 4361 dicto,
576 4294 739 4351 verbo
762 4290 1018 4348 obscteno
1038 4330 1055 4359 ,
1086 4299 1141 4345 et
1180 4288 1471 4344 calumnia.
1496 4288 1566 4342 Et
1589 4286 1635 4341 si
1663 4300 1764 4342 nos
1791 4287 1971 4357 aliqua

384 4387 578 4443 lasciva
602 4396 659 4443 et
683 4384 947 4456 impudica
976 4380 1230 4453 cogitatio
1249 4386 1455 4450 urgeat,
1486 4393 1551 4435 ea
1571 4378 1714 4434 intus
1746 4386 1832 4434 est
1853 4376 1970 4433 suf-

385 4478 631 4545 focanda,
670 4491 771 4532 nec
797 4473 1214 4546 permittendum
1244 4479 1301 4527 ut
1332 4470 1386 4525 in
1413 4469 1578 4525 verba
1602 4477 1761 4533 exeat
1787 4486 1801 4522 :
1829 4476 1886 4524 et
1924 4468 1971 4524 si

383 4576 697 4639 exasperato
707 4567 885 4621 animo
898 4564 1085 4620 feraris
1100 4562 1165 4619 ad
1181 4561 1563 4630 erumpendum
1582 4561 1633 4616 in
1648 4560 1971 4628 simultates,

385 4661 475 4715 illa
503 4673 715 4731 quoque
744 4655 893 4711 radix
936 4660 1021 4709 est
1065 4651 1403 4719 exsiccanda,
1431 4651 1628 4706 ostium
1669 4659 1755 4707 est
1790 4658 1971 4706 custo-

382 4750 640 4806 diendum
670 4758 727 4803 et
763 4754 1012 4803 accurate
1035 4742 1430 4800 observandum
1466 4741 1541 4812 (a)
1574 4757 1588 4794 :
1625 4754 1726 4795 nec
1754 4740 1973 4810 permit-

448 4858 523 4922 (a)
560 4864 827 4907 tum:
856 4861 1884 4920 ιᾶνμροψνιιιτιςάςωευοςαοιηιαμιιωάζι.
1911 4864 1975 4904 ιιι
2030 4880 2033 4883 ν

381 4935 519 4981 ww
800 4931 867 4979 τιν
887 4930 1029 4991 ιαμ-ε.
1046 4930 1110 4991 ικὲ
1128 4928 1271 4991 “ait
1302 4924 1652 4991 I‘l'-_"f?,"3_‘}f‘1"
1673 4925 1972 4991 229.9569»

383 4974 557 5046 pag-'5’.
689 4974 1039 5046 longeierr'avit
1061 4974 1642 5046 uenustius-Hermia;
1667 4974 1752 5046 qui
1767 4974 1837 5025 sic
1852 4974 1973 5044 cou-

385 5034 538 5106 ierti't
559 5056 572 5091 :
598 5047 654 5092 ει
671 5039 715 5106 si
748 5034 949 5106 pusillus
970 5045 1017 5090 et
1039 5038 1273 5089 demissus
1292 5038 1484 5088 animus
1504 5034 1715 5106 [adnuit
1732 5034 1862 5106 loqui
1877 5048 1972 5106 non

382 5103 588 5165 audeas,
613 5102 701 5153 sed
719 5099 853 5165 apud
887 5109 933 5151 te
948 5112 1236 5165 murmures,
1261 5112 1321 5149 ea
1341 5110 1526 5165 quoque
1551 5099 1705 5147 radio:
1721 5102 1791 5147 est
1810 5099 1972 5148 exsic-

383 5164 562 5215 Ott'lda.
578 5160 711 5226 Tuta
730 5160 791 5215 sit
812 5169 967 5226 porta,
984 5167 1032 5212 et
1054 5161 1266 5226 perfecta
1286 5160 1520 5211 custodia.
1546 5166 1742 5226 tuyoce
1770 5171 1970 5226 nempe,

385 5239 601 5291 eum“
614 5259 631 5285 ν
655 5217 824 5291 lapsus.
839 5230 934 5289 ἑξεῖ.
957 5217 1083 5291 illi?
1104 5217 1203 5291 fuit
1219 5226 1487 5284 perpetuus
1523 5217 1797 5291 multorum
1821 5217 1974 5291 inter;

386 5280 581 5350 pristini:
602 5280 949 5350 scopuluslﬁst
985 5280 1114 5333 enim
1156 5280 1253 5350 hic,
1276 5280 1522 5350 Wet,
1539 5294 1636 5331 non
1658 5280 1973 5350 [tosillanimi-

386 5344 480 5407 ias,
504 5360 600 5396 non
614 5344 855 5397 demissus
872 5346 1078 5418 animus,
1097 5345 1225 5407 quod
1227 5344 1322 5453 eqjui

386 5414 604 5453 enectos.
629 5420 689 5453 ea
709 5419 833 5453 voce
852 5404 1173 5453 stantﬂcatur:
1198 5417 1224 5453 s
1316 5403 1322 5452 1

385 5404 604 5470 spectes,
629 5420 689 5457 ea
709 5419 833 5470 voce
852 5404 1173 5470 signiﬁcatur;
1198 5417 1224 5453 s

388 5416 604 5470 spectes,
629 5420 689 5457 ea
709 5419 833 5456 voce
852 5416 1173 5469 stgnlucatur;
1198 5416 1285 5453 seu
1317 5416 1407 5453 uoc
1440 5416 1544 5455 toeo
1571 5416 1625 5453 et
1640 5416 1823 5513 rasam
1844 5416 1973 5467 apud

388 5476 556 5531 Patres
591 5465 828 5531 signiﬁcat
862 5469 1073 5531 animum
1114 5472 1474 5531 exasperatura),
1514 5467 1646 5531 simu
1658 5471 1827 5525 tatem,
1874 5478 1973 5516 non

386 5528 587 5593 quidem
606 5526 816 5593 animum
836 5530 921 5591 qui
944 5527 1077 5590 loqui
1111 5539 1209 5593 non
1236 5526 1427 5593 audeat
1443 5533 1505 5593 _e_t
1523 5527 1650 5593 apud
1673 5537 1971 5593 sensurum-

386 5586 485 5648 ἔα,
503 5598 560 5640 ut
582 5592 732 5640 vertit
762 5586 1051 5653 cemimus;
1076 5588 1353 5653 sedquiad
1378 5586 1567 5653 publica
1586 5586 1800 5653 dissidu,
1830 5588 1974 5653 etsi-

388 5653 621 5701 multatos
638 5651 868 5708 concitat,
1012 5650 1121 5711 ipsa
1136 5648 1351 5711 dis'sidia,
1374 5648 1594 5711 divortia,
1617 5649 1757 5711 rixae,
1782 5648 1974 5711 publica

386 5711 515 5768 odia.
539 5724 775 5775 pupMiﬂ,
820 5708 1070 5775 vocantur.
1112 5717 1239 5775 llaec,
1259 5709 1363 5775 vult
1385 5709 1582 5759 dissidla
1614 5715 1667 5757 et
1696 5708 1804 5757 odia
1826 5708 1973 5775 chry-

386 5768 628 5822 sostomu's
647 5768 807 5821 statim
839 5773 979 5824 obrui
1020 5779 1075 5821 et
1115 5773 1394 5833 exstingui,
1422 5785 1490 5821 ue
1529 5776 1784 5833 erumpant
1825 5768 1971 5820 foras.

387 5833 869 5959 moratam
902 5843 1119 5885 nostrum
1160 5834 1219 5884 ad
1253 5830 1410 5898 o'pera
1447 5830 1693 5885 Athanasii
1730 5830 1782 5881 in
1818 5843 1969 5894 voce,

1475 428 1835 492 sxuosmo
1873 426 1938 485 IN
1977 424 2302 487 essanun
2340 423 2502 485 (ιιι.

3534 426 3644 486 ω

2044 543 2267 599 tendum
2294 552 2412 608 est,
2442 551 2501 599 ut
2547 542 2689 597 intus
2714 540 2856 598 mals
2879 537 3104 598 consiiis
3147 550 3467 613 pariantur:
3498 549 3555 598 et
3592 541 3642 598 si

2045 637 2359 707 pariuntur,
2387 648 2454 689 ea
2479 643 2609 690 sunt
2632 633 2778 689 intus
2803 631 3115 690 sudocanda
3135 673 3153 701 ,
3183 640 3344 689 etest
3370 629 3525 691 radix
3549 645 3644 689 eo-

2042 743 2160 782 rum
2185 725 2526 784 exsiccauda.

2142 838 2198 895 Β.
2254 837 2406 895 Hanc
2456 836 2642 895 babuit
2690 836 2794 895 Iob
2842 837 3144 894 custodiam
3173 879 3192 904 ,
3233 844 3292 892 et
3343 834 3471 893 ideo
3518 837 3644 898 nuis-

2046 931 2155 987 lum
2204 930 2429 987 verbum
2486 930 2869 997 ineoncinnum
2934 927 3197 1000 protulit,
3244 925 3342 985 sed
3410 927 3646 983 maxima

2045 1021 2260 1093 quidem
2290 1037 2357 1078 ex
2402 1032 2552 1093 parte
2604 1023 2769 1078 tacuit
2800 1040 2815 1077 :
2843 1020 3061 1093 quando
3102 1029 3283 1078 autem
3326 1035 3450 1077 eum
3502 1020 3650 1090 loqui

2045 1129 2166 1170 cum
2196 1128 2364 1170 uxore
2405 1112 2684 1184 oportuit,
2738 1114 2991 1184 loquutus
3028 1120 3115 1168 est
3161 1112 3321 1167 Verba
3370 1110 3653 1183 sapientia:

2049 1203 2229 1275 plena.
2268 1202 2665 1282 Tumdemum
2692 1204 2698 1211 ’
2726 1204 2871 1263 enim
2911 1202 3088 1259 solum
3160 1201 3484 1272 loquendum
3531 1209 3651 1270 est,

2049 1292 2267 1367 quando
2290 1311 2411 1368 qua:
2435 1296 2708 1365 dicuntur,
2754 1296 2872 1367 plus
2897 1304 3123 1366 prosunt
3145 1309 3328 1366 quam.
3353 1293 3651 1350 silentium.

2049 1387 2311 1457 Quocirca
2359 1387 2606 1444 Christus
2648 1402 2861 1459 quoque
2902 1387 3115 1442 dicebat
3169 1403 3184 1441 ε
3240 1384 3405 1441 Omne
3450 1384 3655 1440 uerbum

2052 1481 2290 1547 otiosum,
2321 1478 2461 1551 quod
2501 1478 2693 1550 loquuti
2737 1479 2928 1550 fuerint
2956 1478 3206 1543 homines,
3236 1476 3429 1532 dabunt
3477 1492 3573 1549 pro
3597 1492 3656 1531 eo

2053 1572 2302 1626 rationem
2322 1568 2631 1638 (Iouini.
2656 1568 2772 1643 56).
2828 1570 2893 1624 Et
2919 1570 3151 1635 Paulus,
3182 1557 3366 1624 Sermo
3395 1566 3657 1621 obsctrnus

2055 1677 2119 1717 ex
2165 1676 2253 1716 ore
2284 1668 2445 1716 uestro
2470 1677 2572 1716 non
2610 1662 2821 1738 prodeat
2865 1658 3082 1733 (Ephes.
3112 1659 3173 1714 ι.
3216 1659 3330 1733 29).
3374 1657 3658 1728 Quomodo

2056 1760 2235 1808 autem
2266 1751 2427 1808 fuerit
2470 1760 2580 1807 tuta
2609 1750 2727 1807 htcc
2749 1750 2950 1822 ianua,
2990 1758 3047 1806 et
3090 1759 3340 1805 accurata
3380 1748 3657 1816 custodia,

2056 1846 2181 1901 audi
2206 1846 2371 1901 alium
2400 1845 2669 1902 dicentem
2700 1863 2713 1900 :
2750 1843 2929 1900 Omnis
2966 1845 3195 1900 narratio
3223 1854 3314 1899 tua
3349 1846 3415 1899 sit
3453 1846 3507 1899 in
3553 1845 3661 1914 tege

2060 1934 2307 1990 Altissinu’
2332 1934 2521 2005 (Eccli.
2548 1935 2605 1991 9.
2635 1936 2751 2007 25).
2789 1936 2845 1993 Si
2886 1936 3029 1992 enim
3057 1935 3309 1992 didiceris
3354 1935 3487 1993 nihil
3513 1934 3658 2004 loqui

2059 2040 2542 2095 supervacaneum,
2570 2025 2665 2082 sed
2694 2026 2993 2081 divinarum
3033 2026 3433 2096 Scripturarum
3473 2039 3662 2079 narru-

2061 2114 2207 2171 tione
2232 2126 2464 2173 mentem
2493 2128 2549 2172 et
2576 2131 2640 2173 os
2664 2125 2816 2172 tuum
2846 2123 3108 2189 perpetuo
3132 2112 3378 2181 manias,
3405 2113 3510 2170 erit
3537 2127 3665 2168 cus-

2063 2208 2205 2263 todia
2244 2210 2434 2279 quovis
2477 2209 2763 2265 adamante
2805 2209 2990 2264 tutior.
3033 2207 3138 2264 Per
3189 2222 3254 2264 os
3280 2209 3426 2263 enim
3482 2205 3665 2260 multm

2061 2308 2188 2355 sunt
2232 2301 2335 2356 vim
2380 2301 2648 2366 interitus,
2681 2309 2739 2356 ut
2767 2295 2982 2372 quando
3027 2300 3148 2369 quis
3188 2299 3444 2354 obsemna
3495 2296 3661 2352 verba

2063 2391 2317 2463 loquitur,
2364 2382 2579 2463 quando
2626 2391 2807 2447 verbis
2848 2390 3163 2457 scurrilibus
3213 2390 3400 2457 utitur,
3449 2386 3664 2460 quando

2063 2497 2254 2539 vanam
2279 2500 2386 2555 pne
2411 2499 2471 2539 se
2497 2485 2591 2538 [ert
2613 2484 2863 2556 gloriam,
2886 2482 3101 2554 quando
3120 2496 3181 2538 se
3203 2477 3483 2553 magniﬁce
3495 2478 3667 2549 iactat

2064 2584 2119 2631 et
2136 2574 2411 2643 gloriatur,
2433 2583 2492 2643 ut
2517 2572 2821 2632 Pharisams
2843 2614 2859 2639 ,
2889 2574 2980 2645 qui
3010 2573 3265 2644 quoniam
3291 2570 3374 2627 oni
3396 2585 3495 2626 suo
3521 2568 3668 2624 fores

2066 2680 2174 2720 non
2204 2664 2405 2721 obdidit
2428 2706 2444 2733 ,
2488 2666 2671 2736 paucis
2713 2666 2893 2721 verbis
2929 2678 3280 2735 quiscumque
3300 2670 3452 2719 erant
3484 2663 3627 2717 intus
3646 2700 3667 2729 ,

2066 2757 2231 2813 cll‘usa
2255 2767 2382 2813 sunt
2408 2773 2422 2812 :
2456 2757 2657 2813 idcirco
2681 2756 3129 2829 quemadmodum
3155 2755 3348 2811 domus
3375 2755 3462 2810 cui
3508 2750 3669 2809 nullan

2066 2860 2251 2907 essent
2292 2851 2459 2917 iores,
2486 2852 2611 2922 quia
2655 2850 2965 2907 thesaurum
2993 2850 3083 2922 qui
3113 2850 3318 2920 positus
3345 2858 3463 2903 erat
3501 2847 3668 2910 intus,

2067 2957 2389 2999 conservare
2420 2959 2527 2999 non
2567 2944 2774 3014 potuit,
2816 2952 3040 3014 repente
3086 2954 3294 3013 pauper
3341 2936 3518 2996 factus
3564 2945 3670 2994 est.

2067 3033 2361 3090 Considera
2382 3035 2513 3089 mihi
2546 3049 2759 3106 quoque
2788 3034 2952 3089 alium
2974 3075 2990 3098 ,
3020 3033 3113 3105 qui
3139 3040 3362 3104 propter
3388 3028 3670 3101 magniﬁca

2069 3140 2164 3182 sua
2192 3126 2354 3181 verba
2380 3126 2625 3182 similiter
2645 3127 2821 3197 periit.
2855 3126 2998 3181 Dixit
3034 3127 3177 3180 enim
3198 3163 3217 3192 ,
3242 3114 3415 3195 inquit
3435 3161 3454 3189 ,
3495 3119 3670 3191 Super

2069 3228 2208 3274 astra
2259 3218 2373 3274 ccli
2401 3234 2588 3289 ponam
2621 3219 2791 3273 sedem
2831 3233 2997 3275 meam
3025 3216 3178 3291 (Isai.
3222 3217 3309 3273 ιι.
3342 3215 3457 3288 l3).
3498 3213 3671 3271 Iuda-i

2070 3320 2249 3367 autem
2273 3311 2395 3382 quia
2427 3309 2657 3381 proximi
2681 3310 2837 3365 malis
2864 3309 3133 3377 lmtantur,
3156 3322 3300 3365 nunc
3321 3308 3539 3380 quidem
3568 3320 3671 3360 au-

2062 3400 2224 3458 diunt
2254 3419 2268 3455 :
2300 3401 2433 3468 Quia
2459 3400 2664 3465 dixisti,
2694 3398 2871 3474 Euge,
2902 3405 3072 3474 factus
3096 3411 3171 3457 est
3215 3409 3273 3455 ut
3306 3399 3517 3470 reliqum
3542 3415 3668 3470 gen-

2073 3505 2145 3551 tes
2166 3493 2332 3550 Israei
2351 3510 2371 3550 :
2400 3509 2543 3550 nunc
2567 3503 2745 3551 autem
2771 3495 2981 3565 probris
2998 3495 3356 3560 iueessuntur,
3385 3503 3669 3566 propterea

2071 3586 2215 3659 quod
2260 3596 2628 3653 murmurant,
2650 3595 2707 3643 et
2732 3586 2952 3653 dicunt,
2988 3587 3167 3641 Umm‘s
3188 3588 3275 3659 qui
3303 3587 3427 3661 facit
3456 3586 3667 3649 malum,

2072 3681 2257 3747 bonum
2292 3695 2467 3733 coram
2514 3677 2771 3741 Domino,
2797 3678 2908 3748 ipse
2934 3694 3131 3750 quoque
3163 3678 3216 3732 in
3248 3678 3319 3732 eis
3338 3678 3669 3747 complacuit.

2073 3769 2143 3825 Et
2170 3787 2261 3827 nos
2286 3772 2480 3826 alienos
2525 3772 2696 3825 beatos
2721 3770 2974 3839 ducimus,
3003 3780 3051 3824 et
3075 3769 3453 3840 rewdtﬁcantur
3471 3772 3559 3840 qui
3586 3770 3672 3839 fa-

2071 3861 2213 3916 ciunt
2249 3862 2460 3918 scelera.
2522 3860 2644 3916 Non
2703 3877 2817 3917 ecce
2864 3862 2973 3917 Iure
3025 3862 3219 3933 scripta
3269 3870 3387 3917 sunt
3434 3860 3489 3915 in
3540 3851 3688 3915 libro

2073 3952 2332 4023 (Malaclt.
2380 3948 2553 4008 2.17.
2590 3962 2639 4007 et
2680 3953 2736 4008 5.
2780 3951 2909 4025 ιδῃ
2954 3953 3059 4009 Alii
3101 3964 3319 4027 propter
3365 3964 3672 4008 murmura-

2074 4046 2311 4113 tionem,
2354 4052 2414 4100 ut
2462 4044 2591 4101 dicit
2632 4044 2859 4108 Paulus:
2916 4044 3099 4116 Neque
3148 4061 3519 4100 murmuremus
3542 4045 3673 4099 sicut

2074 4135 2322 4192 nonnulli
2351 4150 2528 4191 eorum
2552 4146 2936 4191 murmurarunt
2954 4178 2970 4204 ,
3000 4146 3047 4192 et
3069 4139 3324 4208 perierunt
3346 4135 3411 4191 ab
3436 4123 3674 4192 extermi-

2074 4237 2253 4284 natare
2282 4228 2372 4301 (ι.
2416 4226 2536 4285 Cor.
2583 4228 2827 4300 10.10).
2869 4229 2938 4285 Et
2968 4214 3187 4301 quando
3233 4228 3672 4285 murmuraruntl

2075 4318 2299 4387 Quando
2324 4317 2978 4376 dicebant:Edu:cisti.nos
3010 4328 3066 4374 ut
3091 4318 3345 4377 occideres
3371 4322 3422 4375 in
3450 4321 3669 4387 deserto,

2074 4408 2219 4481 quasi
2241 4424 2345 4463 non
2368 4418 2531 4464 essent
2556 4419 2880 4464 monumenta
2899 4410 2952 4464 in
2979 4407 3212 4482 Egypto
3228 4409 3422 4484 (Exod.
3444 4411 3533 4466 η.
3558 4410 3669 4481 Η).

2076 4502 2183 4558 Alii
2224 4510 2443 4573 propter
2467 4501 2688 4570 ludum,
2710 4502 3166 4574 quemadmodum
3209 4503 3373 4570 dicit,
3428 4501 3670 4560 Concede-

2076 4604 2196 4650 runt
2222 4606 2268 4650 et
2288 4595 2551 4662 biberunt,
2595 4604 2643 4650 et
2683 4606 3009 4651 surrexerunt
3047 4595 3118 4649 ad
3154 4595 3434 4651 ludendum
3478 4595 3667 4665 (Exod.

2078 4688 2169 4745 32.
2201 4687 2279 4757 6).
2328 4687 2430 4742 Alii
2462 4696 2681 4759 propter
2710 4686 3019 4743 maledicta.
3063 4685 3245 4742 Omnis
3272 4688 3406 4743 enim
3441 4687 3530 4758 qui
3555 4686 3682 4743 dicit

2078 4779 2231 4849 fratri
2260 4794 2351 4833 suo
2372 4818 2387 4843 ,
2416 4776 2619 4843 Fatue,
2650 4793 2767 4833 reus
2789 4779 2882 4832 erit
2900 4778 3100 4849 judicio
3123 4777 3335 4852 (Matth.
3366 4778 3421 4835 5.
3461 4776 3579 4849 22).
3614 4778 3679 4833 Et

2080 4870 2165 4925 his
2210 4869 2367 4940 longe
2417 4868 2600 4940 plures
2644 4878 2864 4940 propter
2908 4867 3011 4924 alia
3059 4868 3357 4940 perierunt,
3405 4883 3527 4925 cum
3565 4884 3673 4924 non

2076 4962 2455 5021 custodiissent
2478 4976 2573 5018 ora
2601 4976 2720 5018 sua.
3162 4951 3165 4955 ⁴

2151 5060 2358 5117 Silentii
2380 5059 2712 5132 intempestivi
2735 5059 2925 5114 malum
2943 5074 2964 5125 ;
2986 5058 3183 5131 afﬂictis
3209 5057 3678 5114 condolendum.--

2077 5151 2229 5221 Quod
2261 5154 2307 5209 si
2327 5154 2409 5209 vis
2434 5154 2620 5209 videre
2663 5152 2949 5209 nonnullos
2974 5152 3136 5207 etiam
3175 5153 3353 5222 perire
3376 5166 3441 5207 ex
3485 5151 3680 5206 intem.

2080 5246 2289 5317 pestivo
2318 5246 2531 5301 silentio
2552 5286 2569 5312 ,
2599 5259 2701 5315 ego
2730 5244 2824 5299 tibi
2854 5242 3155 5299 ostendam.
3185 5242 3247 5299 Si
3272 5243 3416 5297 enim
3435 5282 3451 5305 ,
3481 5242 3673 5313 inquit,

2082 5336 2271 5406 populo
2298 5352 2399 5391 non
2419 5336 2731 5402 distinxeris,
2755 5336 2845 5390 ille
2860 5334 3073 5401 quidem
3116 5334 3359 5389 morietur
3384 5333 3439 5387 in
3469 5343 3676 5403 peccato

2078 5443 2192 5494 suo,
2210 5427 2509 5499 sanguinem
2528 5437 2698 5483 autem
2717 5428 2827 5497 ejus
2846 5443 2875 5481 e
2900 5441 3055 5480 manu
3073 5435 3161 5480 tua
3181 5424 3435 5497 requiram
3460 5423 3673 5495 (Eucti.

2079 5519 2133 5573 ὅ.
2155 5518 2273 5586 20).
2303 5519 2456 5572 Alius
2476 5558 2491 5583 ,
2522 5518 2665 5587 quod
2697 5518 2842 5572 nullo
2872 5517 3055 5572 habito
3084 5516 3397 5572 discrimine
3423 5515 3676 5586 loquatur

2079 5624 2201 5664 cum
2230 5610 2497 5680 aliquibus
2516 5651 2532 5675 ,
2554 5618 2610 5664 et
2635 5624 2753 5679 quae
2782 5609 2880 5664 sibi
2902 5608 3102 5663 credita
3125 5617 3251 5665 sunt
3276 5606 3519 5663 effundit.
3554 5604 3673 5660 No-

2083 5700 2170 5756 lite
2188 5743 2206 5768 ,
2238 5703 2444 5772 inquit,
2467 5702 2593 5756 dare
2616 5711 2793 5755 sancta
2817 5699 3048 5767 canibus,
3074 5714 3166 5755 nec
3204 5700 3439 5771 projicite
3463 5716 3673 5771 marga-

2080 5802 2206 5847 ritas
2231 5804 2418 5865 uestras
2445 5803 2562 5848 ante
2593 5808 2775 5863 porcos
2807 5792 3020 5863 (Matth.
3067 5792 3121 5847 7.
3152 5792 3231 5863 6).
3266 5792 3415 5846 Alius
3458 5802 3675 5863 prOpter

2087 5885 2287 5953 risum,
2312 5895 2363 5941 et
2404 5885 2528 5942 ideo
2556 5886 2724 5942 dicit:
2762 5885 2852 5943 γα
2877 5887 3014 5943 vobis
3050 5886 3137 5957 qui
3182 5885 3383 5951 ridetis,
3434 5884 3679 5955 quoniam
