4222 6476
325 420 430 477 637

321 520 530 589 verteris
550 550 638 591 cor
660 552 828 593 meum
852 538 906 595 in
931 555 1188 598 sermones
1212 544 1374 600 malos
1391 546 1487 619 ('a),
1511 548 1581 602 ad
1602 550 1925 619 cogitandum

319 626 590 684 sceleratas
610 630 958 701 cogitationes.
977 630 1085 689 Cur
1111 644 1293 691 autem
1317 652 1444 692 usus
1470 650 1554 695 est
1582 642 1771 698 ordine
1793 658 1923 703 con-

319 716 526 771 trario?
552 727 751 775 etcum
778 721 846 777 de
866 736 962 778 ore
988 724 1136 793 prius
1157 734 1302 781 esset
1328 727 1596 798 loquutus,
1627 741 1752 788 tunc
1778 736 1921 790 venit

316 804 383 860 sd
412 807 556 862 cori
603 807 719 864 Non
746 818 976 879 temere,
1010 828 1111 869 nec
1135 816 1232 871 abs
1257 833 1317 871 re
1352 816 1456 874 hoc
1480 819 1622 875 facit.
1653 823 1921 890 Quemad-

318 898 538 954 modum
569 902 713 956 enim
742 902 793 956 in
824 905 1051 974 captivis
1073 907 1164 977 qui
1193 910 1377 965 volunt
1398 911 1670 981 aufugero,
1689 915 1779 985 qui
1800 915 1918 985 ejus

312 985 391 1041 rei
417 1002 603 1044 curam
633 1002 849 1062 gerunt,
884 996 1114 1064 primum
1157 996 1260 1053 hoc
1284 1008 1471 1069 agunt,
1504 1012 1561 1056 tit
1586 1013 1767 1072 portas
1793 1021 1912 1063 car.

309 1080 453 1135 eeris
484 1096 879 1154 praeoccupent,
909 1097 963 1143 et
1002 1090 1069 1144 ad
1109 1090 1213 1146 hnc
1248 1108 1439 1151 omnes
1480 1099 1712 1152 studium
1757 1115 1913 1158 suum

308 1168 618 1241 conferunt,
644 1176 768 1230 etsi
802 1177 905 1233 hoc
925 1178 1122 1235 factum
1154 1181 1334 1249 ftterit,
1354 1180 1494 1257 quod
1523 1198 1690 1243 restat
1716 1194 1912 1260 poterit

308 1258 465 1317 facile
501 1274 649 1320 recte
684 1267 804 1336 geri
836 1284 850 1322 :
898 1268 969 1324 ita
1010 1272 1173 1325 etiam
1222 1272 1308 1328 hic
1344 1289 1559 1347 quoque
1597 1278 1650 1333 id
1687 1258 1814 1337 facit
1855 1282 1909 1337 in

306 1350 412 1408 hoc
439 1352 584 1420 loco,
600 1364 657 1410 et
689 1371 786 1426 per
803 1374 870 1415 ea
899 1375 1022 1430 quae
1052 1363 1264 1428 suadet,
1284 1365 1387 1421 hoc
1411 1382 1581 1439 prope
1601 1369 1765 1427 dicit:
1792 1372 1912 1429 Sint

300 1439 499 1498 clausa:
516 1443 720 1515 ianuae,
740 1458 794 1503 et
826 1451 982 1505 malae
1008 1454 1361 1524 cogitationes
1385 1458 1493 1514 cito
1517 1464 1909 1533 expugnabun-

300 1540 409 1588 tur.
436 1534 698 1602 Quocirca
730 1554 835 1596 non
875 1543 945 1599 ab
982 1544 1134 1602 initio
1158 1549 1375 1619 quidem
1405 1556 1687 1624 permittit,
1722 1566 1780 1613 ut
1804 1576 1905 1616 ex~

300 1623 568 1683 trinsecus
612 1628 983 1700 ingrediantur
1014 1653 1027 1689 :
1059 1645 1113 1692 et
1142 1640 1339 1695 malam
1360 1623 1618 1702 convellit
1644 1648 1901 1720 radicem,

294 1712 486 1772 dicens
514 1735 529 1772 :
558 1716 680 1775 Non
718 1721 938 1778 declines
964 1742 1053 1780 cor
1079 1744 1245 1783 meum
1271 1731 1326 1787 in
1355 1734 1505 1789 verba
1527 1737 1757 1794 malitiae.
1780 1712 1899 1797 Non

294 1805 439 1874 quod
471 1806 614 1864 Deus
640 1809 873 1869 declinet
898 1831 912 1867 :
944 1815 1123 1884 absit;
1152 1820 1246 1877 sed
1275 1824 1420 1891 quod
1448 1825 1576 1882 dicit
1603 1830 1671 1884 ita
1704 1830 1898 1888 intelli-

290 1896 530 1966 gendum
572 1910 693 1956 est:
723 1901 804 1959 Ne
832 1905 978 1963 sinas
1005 1909 1296 1980 declinare,
1323 1930 1394 1971 ne
1432 1918 1578 1974 sinas
1604 1919 1797 1979 diverti
1841 1926 1894 1981 in

293 1988 466 2044 malas
493 1992 867 2062 cogitationes.
1014 2024 1032 2042 ο
1582 2030 1585 2047 λ

360 2080 463 2136 Car
487 2093 538 2137 et
564 2087 761 2142 virtutis
800 2100 848 2144 et
893 2091 1002 2147 vitii
1022 2097 1175 2165 fons;
1220 2099 1434 2157 liberum
1457 2106 1760 2175 arbitrium;
1801 2127 1895 2167 ra:—

284 2174 480 2229 cusatio
507 2176 560 2230 in
586 2182 802 2247 peccatis
818 2185 1071 2252 pessima;
1097 2194 1347 2261 confessio
1364 2198 1557 2264 peccati
1574 2200 1789 2256 solutio.
1816 2232 1887 2244 -

284 2261 609 2323 illinc-enim
636 2279 720 2324 est
743 2271 860 2328 fons
886 2275 1094 2333 virtutis
1125 2289 1182 2336 et
1208 2261 1399 2345 vitii.a
1442 2288 1605 2344 corde
1659 2306 1878 2365 nempe.

282 2353 540 2423 Quaenam
562 2371 686 2417 sunt
705 2373 882 2421 autem
909 2369 1067 2424 verba
1108 2372 1506 2443 improbitatis?
1533 2379 1692 2437 Multa
1722 2353 1892 2442 et'di-

285 2449 608 2507 versa.Nam
640 2462 838 2527 etquae
883 2459 1104 2519 insidias
1130 2468 1364 2535 struunt,
1395 2485 1518 2541 quze
1556 2473 1724 2531 Deum
1774 2479 1887 2535 cri~

282 2539 555 2598 minantur
578 2587 593 2611 ,
620 2560 740 2617 qua:
766 2549 1016 2607 virtutem
1047 2568 1388 2629 aversantur,
1414 2539 1541 2633 qua:
1570 2565 1753 2623 vitium
1787 2584 1878 2625 se-

275 2637 509 2699 ctantur,
538 2651 657 2705 qute
707 2637 777 2695 de
808 2644 986 2711 pravis
1008 2644 1347 2718 dogmatibus
1392 2662 1449 2708 et
1472 2656 1732 2714 scelerata
1774 2662 1883 2718 vita

276 2719 523 2779 lubenter
568 2728 858 2787 audiuntur
881 2774 897 2801 ,
927 2742 983 2790 et
1022 2750 1216 2794 cmtera
1247 2739 1574 2813 hujusmodi,
1606 2758 1737 2806 sunt
1763 2768 1883 2809 ver-

272 2810 341 2865 ba
396 2813 785 2888 improbitatis,
834 2830 893 2879 et
931 2839 996 2879 ex
1055 2843 1245 2901 magna
1284 2810 1628 2904 improbitate
1684 2857 1879 2912 proce-

269 2901 403 2958 dunt
434 2921 447 2957 :
475 2910 924 2976 quemadmodum
970 2926 1149 2997 autem
1183 2932 1310 2979 sunt
1349 2901 1581 2997 cogitata
1628 2901 1876 2992 et-verba

269 2994 642 3068 improbitatis,
675 3004 745 3059 ita
772 3017 895 3063 sunt
927 2990 1092 3067 etiam
1118 3015 1276 3070 verba
1304 2990 1446 3073 vita;
1480 3020 1547 3077 Et
1570 3024 1690 3080 ideo
1714 3025 1873 3085 Chri-

265 3098 351 3142 sto
388 3092 631 3150 dicebant
654 3096 926 3169 discipuli,
969 3100 1130 3158 Verba
1160 3106 1275 3160 vita:
1328 3120 1536 3167 (sternte
1591 3116 1747 3173 [tabes
1772 3135 1792 3174 :
1820 3132 1870 3176 et

262 3180 334 3234 ad
356 3198 502 3251 quem
530 3184 709 3242 ibimus
730 3188 750 3257 (
774 3189 934 3246 Joan.
967 3193 1020 3248 6.
1053 3195 1160 3266 69)
1186 3198 1210 3251 ?
1238 3197 1499 3256 Dicuntur
1525 3214 1707 3262 autem
1741 3224 1867 3265 vcr-

263 3269 329 3325 ba
353 3272 495 3339 vitat,
537 3291 659 3345 qua:
677 3280 840 3334 vitam
890 3285 1128 3352 prrebent
1158 3286 1447 3346 :dieuntur
1488 3294 1650 3350 etiam
1703 3298 1867 3356 verba

259 3362 467 3430 salutis,
497 3366 617 3437 qua:
645 3371 869 3427 salutem
919 3377 1222 3446 acquirunt.
1268 3380 1527 3450 Quocirca
1571 3388 1701 3445 dicit
1741 3394 1865 3462 qui-

258 3453 381 3509 dam
405 3458 636 3527 sapiens,
671 3460 755 3515 Ne
779 3464 1047 3533 prohibeas
1074 3485 1353 3526 sermonem
1382 3474 1435 3529 in
1456 3485 1679 3549 tempore
1712 3453 1859 3537 salu-

183 3574 196 3585 ς
254 3546 321 3600 tis
342 3546 363 3619 (
386 3546 545 3603 Eccti.
579 3552 633 3605 Δ.
664 3550 1001 3624 28)..Verba
1034 3559 1389 3630 improbitatis
1431 3583 1493 3623 ea
1522 3546 1683 3627 etiam
1733 3586 1862 3632 sunt

256 3652 379 3709 qua:
400 3637 604 3697 faciunt
630 3643 871 3702 dicentes
899 3648 1193 3720 improbos.

326 3730 376 3783 't.
398 3730 859 3799 Quemadmodum
880 3741 1022 3797 enim
1044 3753 1126 3799 est
1142 3760 1237 3801 aer
1258 3750 1512 3817 pestilens
1528 3760 1583 3810 et
1598 3756 1686 3826 qui
1710 3771 1857 3814 mor-

252 3819 351 3877 bos
369 3836 630 3892 procreat,
667 3829 737 3883 ita
767 3830 928 3885 etiam
956 3834 1138 3890 verba.
1167 3836 1318 3905 Quod
1368 3851 1546 3899 autem
1594 3819 1719 3903 facit
1765 3849 1855 3906 ille

250 3916 484 3983 corpori,
516 3916 570 3971 id
621 3918 722 3974 ista
776 3920 977 3978 faciunt
1013 3926 1227 3995 animae,
1265 3945 1384 4000 quae
1439 3934 1552 4004 ipsa
1603 3939 1847 4010 suscipit.

246 4002 376 4059 Orat
403 4020 529 4077 ergo
550 4023 646 4078 per
665 4026 749 4077 ea,
780 4028 903 4083 quae
928 4015 1014 4072 hic
1032 4033 1245 4089 quoque
1274 4002 1565 4094 subiunxit,
1595 4002 1796 4087 etdicit
1826 4050 1842 4088 :

245 4092 325 4150 Ne
343 4095 488 4153 sinas
518 4110 574 4153 ut
598 4116 693 4155 cor
718 4118 895 4159 meum
924 4108 1086 4162 verba
1141 4092 1443 4180 hujnsmodi
1490 4120 1740 4189 sucipiat,
1775 4139 1845 4180 ne

244 4188 520 4257 permittas
546 4194 746 4249 ut.illuc
775 4188 1078 4255 inclinetur.
1119 4202 1305 4261 Vidisti
1334 4188 1623 4278 quomodo
1653 4188 1840 4272 osten-

240 4278 319 4333 dit
347 4278 573 4337 liberum
603 4287 764 4340 animi
791 4289 1093 4361 arbitrium,
1116 4305 1169 4350 et
1192 4307 1434 4355 naturam
1452 4303 1504 4358 in
1526 4319 1585 4360 se
1613 4322 1720 4363 non
1747 4308 1842 4365 ba-

242 4369 368 4427 bere
391 4373 596 4440 vitium,
627 4379 721 4433 sed
749 4395 780 4435 a
810 4386 1056 4441 socordia
1081 4389 1383 4448 inclinatam
1440 4396 1492 4451 id
1524 4400 1840 4471 suscipere?

236 4461 319 4515 Ad
344 4472 657 4524 excusandas
696 4478 1041 4533 excusationes
1082 4481 1135 4535 in
1170 4487 1409 4551 pereatis.
1438 4488 1564 4547 Haec
1616 4504 1698 4550 est
1748 4498 1832 4554 via

122 4580 139 4595 -
236 4557 501 4627 praecipua
551 4561 817 4633 interitus,
865 4573 1078 4640 quando
1129 4576 1213 4631 vel
1267 4578 1379 4649 ipsa
1424 4598 1544 4653 qua:
1594 4591 1835 4657 peccavit

232 4648 429 4716 anima,
449 4666 678 4711 excusso
699 4658 912 4728 timore,
935 4666 1203 4736 excogitat
1226 4648 1597 4733 excusationes
1617 4690 1668 4735 et
1692 4695 1833 4751 prat-

231 4746 405 4795 textus
430 4746 687 4812 quosdam
717 4749 783 4804 ad
827 4752 1089 4824 ignaviam
1149 4776 1165 4813 :
1213 4763 1295 4817 vel
1345 4746 1824 4844 quemadmodum,

228 4846 344 4887 cum
376 4837 638 4907 quispiam
682 4842 1004 4902 adulteravit
1031 4861 1084 4903 et
1110 4854 1296 4909 volens
1325 4859 1463 4914 alius
1508 4862 1625 4932 ejus
1673 4880 1822 4922 com-

225 4928 564 4995 punctionem
596 4945 867 5002 excutere,
914 4940 1043 4999 dicit
1073 4962 1085 4995 :
1120 4944 1383 5018 Numquid
1424 4961 1478 5007 tu
1524 4928 1682 5012 causa
1709 4974 1768 5015 es
1795 4961 1819 5015 ?

223 5032 374 5073 causa
410 5030 494 5076 est
520 5027 802 5095 cupiditas.
833 5032 1026 5089 Malum
1050 5047 1131 5093 est
1155 5042 1369 5109 quidem
1421 5060 1644 5115 peccare
1673 5072 1685 5107 :
1718 5051 1819 5110 hoc

221 5121 394 5165 autem
436 5112 560 5170 facit
597 5121 832 5188 gravius,
882 5141 1079 5195 negare
1133 5140 1412 5202 postquam
1470 5146 1800 5206 peccaveris.

223 5198 343 5257 ila-c
374 5214 499 5259 sunt
521 5223 671 5263 arma
701 5212 899 5269 diaboli
928 5221 1227 5286 potissima.
1259 5225 1369 5281 lloc
1396 5229 1557 5285 etiam
1600 5235 1653 5288 in
1703 5237 1810 5305 prio

221 5291 315 5345 tuis
347 5299 543 5352 nostris
589 5305 899 5369 parentibus
925 5310 1122 5364 evenit.
1153 5314 1285 5370 Cum
1339 5321 1481 5375 enim
1538 5337 1813 5395 oporteret

219 5381 381 5439 Adam
410 5402 623 5456 peccata
645 5395 909 5464 confiteri,
942 5400 1029 5456 ille
1060 5404 1111 5457 in
1143 5405 1306 5462 Evam
1337 5411 1545 5467 confert
1573 5417 1805 5486 culpam,

215 5484 266 5528 et
292 5474 381 5530 illa
412 5494 594 5537 rursus
622 5484 672 5539 in
699 5486 971 5545 diabolum
1005 5492 1175 5565 (Gen.
1208 5500 1242 5554 ὅ
1267 5496 1308 5571 ).
1355 5502 1486 5556 Cum
1535 5474 1811 5577 opor'terei

212 5565 403 5636 dicere,
435 5570 801 5647 Peccavimus,
832 5582 1166 5653 iniquitatem
1193 5588 1417 5649 fecimus
1443 5613 1457 5650 :
1486 5597 1560 5652 illi
1584 5616 1688 5655 non
1716 5618 1803 5658 so-

210 5659 312 5716 lum
369 5679 475 5719 non
504 5669 842 5741 confitentur,
878 5677 973 5733 sed
1003 5681 1165 5735 etiam
1192 5683 1561 5745 defensionem
1592 5707 1800 5763 parant.

209 5750 334 5809 Cum
367 5755 512 5813 enim
554 5761 719 5818 sciret
735 5764 982 5825 diabolus
1009 5776 1210 5842 peccati
1237 5777 1633 5839 confessionem
1678 5803 1801 5845 esse

259 5891 333 5954 (ιι)
366 5900 474 5947 time
502 5896 842 5964 interpretatio
867 5909 945 5955 est
961 5906 1103 5970 juxta
1127 5914 1476 5976 Symmachum.

1442 431 1809 491 nxeosmo
1845 434 1914 493 ut
1950 435 2277 500 rsautun
2318 422 2471 506 exn.

3577 479 3647 533 58

2040 563 2247 628 peccati
2296 565 2617 625 solutionem
2638 612 2653 637 ,
2679 576 2965 643 persuadet
2988 582 3186 640 aniuue
3209 627 3223 651 ,
3251 596 3309 643 ut
3336 589 3407 646 sit
3432 597 3648 667 egregie

2034 652 2338 723 impudens.
2378 658 2447 715 At
2480 669 2557 730 tu,
2584 678 2619 720 ο
2646 666 2860 737 dilecte,
2902 675 3119 744 quando
3153 685 3482 750 peccaveris,
3510 687 3642 743 die:

1964 770 1973 785 ιη
2042 741 2297 814 Peccavi;
2332 750 2463 805 nihil
2494 762 2576 810 est
2612 753 2725 823 “hac
2750 741 3069 822 defensioue
3106 741 3323 838 jtistius.
3368 774 3439 829 ita
3468 741 3643 834 Deum

2031 835 2211 892 reddis
2240 841 2525 910 propitium
2560 863 2573 901 :
2605 848 2675 902 ita
2720 850 2884 906 etiam
2927 853 3079 925 facis,
3109 835 3185 915 iut
3223 864 3425 921 tardius
3469 867 3524 921 in
3574 885 3640 924 ea

2026 946 2215 988 rursus
2240 933 2473 999 incidas.
2492 939 2599 996 Sed
2628 945 2844 1013 quando
2875 964 3087 1018 qna-res
3112 953 3363 1011 obtentus
3407 961 3636 1030 quinon

2027 1031 2171 1091 sunt,
2201 1036 2257 1082 et
2297 1028 2530 1085 animam
2572 1035 2720 1090 voles
2764 1047 2909 1093 metu
2958 1041 3210 1112 liberare,
3269 1028 3464 1107 reddes
3506 1068 3628 1109 eam

2028 1117 2412 1186 promptiorem
2445 1132 2501 1177 ut
2542 1139 2729 1182 rursus
2757 1128 2962 1187 eisdem
2992 1133 3319 1207 implicetur,
3354 1141 3631 1215 Deumque

2015 1210 2193 1279 magis
2228 1210 2485 1271 irritabis.
2515 1216 2655 1274 Nulli
2692 1223 2835 1277 enim
2868 1230 3136 1295 peccaturi
3165 1230 3318 1288 deest
3345 1210 3631 1306 impudens

2020 1309 2331 1368 pra'textus.
2365 1304 2642 1366 Homicida
2672 1314 2882 1384 culpam
2914 1319 3125 1375 confert
3168 1322 3219 1377 in
3252 1324 3385 1380 iram
3407 1304 3503 1393 ;et
3545 1330 3631 1385 fur

2020 1388 2073 1445 in
2105 1404 2497 1465 paupertatem,
2530 1409 2588 1457 et
2613 1403 2825 1461 adulter
2846 1396 2907 1464 in
2930 1411 3299 1481 cupiditatem,
3328 1428 3382 1473 et
3406 1388 3546 1476 alius
3571 1422 3624 1476 in

2015 1484 2373 1555 principatum
2403 1491 2537 1547 :sed
2568 1492 2621 1547 bi
2643 1495 3004 1566 quidemvsunt
3030 1503 3194 1559 alieni
3234 1521 3264 1561 a
3292 1510 3502 1566 ratione
3526 1514 3631 1569 ob-

2013 1582 2213 1644 tentus,
2238 1594 2342 1634 non
2361 1583 2555 1639 rationi
2581 1600 2960 1649 consentaneae
2979 1595 3339 1655 defensiones.
3362 1600 3451 1655 Illa
3475 1604 3620 1658 enim

2011 1683 2117 1724 non
2147 1670 2347 1727 faciunt
2373 1687 2612 1746 peccata,
2641 1680 2737 1737 sed
2764 1683 2863 1754 ipsi
2898 1699 3086 1743 eorum
3108 1690 3198 1760 qui
3226 1704 3452 1762 peccant
3504 1698 3620 1752 aui-

2009 1761 2102 1815 mi.
2131 1761 2208 1818 Ita
2225 1774 2404 1821 autem
2430 1783 2552 1826 esse
2576 1774 2856 1830 ostendam
2874 1791 2942 1833 ex
2975 1779 3040 1835 iis
3066 1796 3186 1851 qua:
3216 1761 3338 1841 sunt
3370 1790 3614 1857 proxima

2006 1863 2062 1909 et
2092 1854 2197 1910 illis
2218 1857 2565 1918 cohaerentia.
2589 1863 2818 1932 Quando
2838 1871 2982 1926 enim
3011 1873 3224 1931 videtur
3244 1854 3409 1935 homo
3448 1882 3612 1948 alius,

2003 1950 2094 2018 qui
2125 1960 2181 2006 et
2205 1951 2369 2008 vitam
2398 1956 2507 2024 agit
2534 1957 2588 2012 in
2618 1971 2958 2031 paupertate,
2991 1974 3309 2041 teneturque
3336 1974 3607 2045 cupidita-

2003 2048 2077 2106 te,
2113 2051 2167 2097 et
2197 2048 2501 2103 necessitati
2540 2062 2747 2108 natura!
2778 2064 2861 2110 est
2889 2058 3173 2127 obnoxius,
3203 2076 3380 2136 neque
3426 2076 3607 2125 tamen

2001 2132 2054 2186 in
2088 2133 2171 2189 his
2198 2146 2399 2205 peccat,
2426 2155 2656 2211 quanam
2685 2144 2762 2201 illi
2792 2156 3047 2222 poterunt
3069 2154 3143 2208 uti
3163 2132 3481 2215 defensione
3498 2159 3521 2214 ἲ
3540 2159 3609 2215 Et

1997 2224 2119 2280 ideo
2142 2229 2362 2296 pulchre
2384 2234 2462 2288 sic
2476 2234 2611 2291 dixit
2638 2238 2854 2307 quidam
2901 2243 3117 2312 sapiens
3147 2246 3313 2314 :‘Qtu's
3338 2249 3531 2306 dederit
3551 2253 3607 2306 in

1995 2330 2162 2375 mente
2204 2338 2315 2377 mea
2352 2325 2581 2397 ﬂagella,
2619 2338 2675 2383 ut
2719 2330 3023 2403 ignorantiis
3077 2339 3204 2395 meis
3236 2356 3339 2396 non
3389 2355 3605 2415 pareant

1997 2407 2201 2479 (Eccli.
2242 2412 2333 2469 es.
2368 2414 2485 2487 2)?
2538 2418 2671 2476 Vide
2715 2421 2881 2478 David
2935 2427 3135 2483 nullam
3188 2407 3599 2489 excusationem

1992 2497 2304 2559 aiferentem
2332 2508 2548 2577 quando
2592 2516 2852 2583 peccavit,
2884 2516 2982 2573 sed
3029 2518 3298 2577 dicentem
3333 2542 3347 2579 :
3384 2522 3600 2581 Peccavi

1991 2591 2214 2650 Domino
2264 2597 2632 2674 (2..Reg.12.
2664 2607 2730 2662 15
2758 2606 2800 2677 ).
2854 2610 3017 2681 Atqui
3072 2614 3341 2684 potuisset
3389 2616 3594 2685 dicere,

1987 2687 2095 2743 Cur
2137 2690 2440 2749 nudabatur
2478 2698 2707 2753 mulier?
2751 2715 2851 2757 cur
2882 2703 3182 2761 lavabatur
3232 2717 3358 2765 ante
3409 2710 3596 2767 oculos

1986 2781 2178 2835 meos?
2206 2782 2314 2839 Sed
2341 2787 2544 2843 sciebat
2577 2789 2673 2845 has
2698 2807 2821 2849 esse
2846 2792 3066 2853 frivolas
3094 2802 3491 2869 estationes,
3538 2812 3594 2860 et

1983 2886 2104 2942 qnze
2125 2874 2259 2930 nihil
2288 2878 2544 2937 haberent
2569 2885 2795 2941 rationis
2821 2897 2911 2953 ;et
2936 2888 3058 2946 ideo
3087 2892 3229 2947 venit
3254 2895 3323 2948 ad
3344 2903 3589 2965 apertam

1980 2963 2369 3036 defensionem,
2394 2985 2515 3027 cum
2559 2974 2781 3042 diceret,
2814 2976 3051 3037 Peccavi.
3080 2984 3151 3038 At
3178 2983 3308 3041 Sat'tl
3337 3002 3444 3042 non
3490 2988 3586 3055 ita,

1977 3057 2074 3113 sed
2098 3073 2222 3115 eum
2249 3061 2317 3117 de
2339 3066 2672 3137 ventriloqua
2698 3084 2792 3125 seu
2842 3072 3164 3145 Pythonissa
3212 3079 3587 3149 reprehende-

1977 3158 2147 3217 retur,
2173 3151 2385 3209 dicebat
2418 3173 2432 3209 :
2465 3155 2731 3225 Coarctor,
2757 3172 2803 3217 et
2824 3164 3124 3236 alienigena:
3144 3181 3377 3241 pugnant
3406 3181 3587 3226 contra

1976 3242 2093 3311 mo(
2126 3242 2177 3296 1.
2205 3241 2335 3315 Reg.
2364 3244 2454 3301 23.
2488 3248 2554 3303 15
2574 3248 2612 3320 ).
2638 3249 2763 3306 ideo
2789 3263 2967 3311 autem
2994 3273 3162 3327 grave
3199 3260 3350 3319 dedit
3376 3266 3584 3336 suppli-

1972 3332 2137 3389 cium.
2166 3333 2300 3389 Cum
2322 3337 2462 3392 enim
2492 3338 2769 3399 debuisset
2793 3344 2994 3413 dicere,
3018 3348 3264 3421 Peccavi,
3289 3363 3343 3411 et
3372 3373 3458 3415 me
3478 3360 3582 3417 ini-

1968 3440 2075 3496 que
2094 3428 2235 3497 gessi
2266 3444 2280 3479 :
2314 3429 2402 3485 ille
2421 3431 2639 3501 quidem
2664 3434 2766 3491 hoc
2794 3451 2902 3493 non
2928 3438 3080 3507 dixit,
3113 3444 3210 3499 sed
3237 3446 3417 3504 abibat
3437 3466 3466 3505 ι
3488 3468 3575 3509 ra-

1974 3517 2121 3572 tione
2157 3518 2361 3575 alienas
2390 3536 2640 3591 quaerens
2686 3530 3082 3586 excusationes.
3114 3531 3241 3589 Cum
3285 3536 3577 3599 hominibus

1965 3612 2289 3677 operantibus
2304 3612 2638 3686 iniquitatem.
2668 3617 2784 3674 Hoc
2827 3620 3103 3692 subjunxit
3131 3629 3424 3687 ostendens
3451 3649 3576 3691 esse

1962 3700 2179 3759 illorttm
2207 3706 2460 3774 maxime,
2487 3708 2682 3767 afferre
2701 3716 3096 3786 excusationes,
3121 3728 3175 3775 et
3203 3735 3263 3777 se
3292 3725 3573 3795 impuden-

1962 3801 2045 3848 ter
2068 3808 2260 3864 gerere
2284 3816 2297 3851 :
2328 3809 2382 3853 et
2411 3800 2534 3855 ideo
2562 3801 2730 3857 David
2754 3803 2857 3860 hoc
2882 3807 3100 3865 assidue
3145 3812 3316 3870 instar
3353 3816 3570 3875 virtutis

1959 3888 2227 3958 proponit,
2258 3888 2440 3962 fugere
2462 3894 2596 3949 tales
2612 3907 2803 3963 eteius,
2836 3908 2997 3970 atque
3015 3904 3152 3960 adeo
3177 3916 3344 3963 totum
3369 3909 3565 3970 librum

1954 3978 2023 4033 ab
2047 3995 2114 4036 eo
2143 3982 2329 4053 incipit
2353 4002 2365 4038 :
2391 3984 2578 4042 Beatus
2603 3988 2699 4055 vir,
2725 3992 2811 4061 qui
2834 4008 2937 4048 non
2980 3994 3104 4050 abiit
3126 3997 3180 4053 in
3219 4002 3433 4057 consilio
3461 4004 3563 4058 im-

1956 4070 2179 4140 piorum,
2198 4082 2245 4127 et
2272 4075 2323 4129 in
2344 4076 2425 4129 via
2454 4088 2777 4148 peccatorum
2805 4099 2909 4138 non
2946 4086 3103 4155 stetit,
3131 4097 3179 4142 et
3217 4091 3272 4144 in
3319 4092 3563 4150 cathedra

1950 4164 2348 4231 perniciosorum
2373 4184 2473 4222 non
2525 4171 2652 4225 sedit
2683 4172 2872 4245 (Psal.
2901 4177 2953 4232 1.
2986 4179 3011 4233 1
3040 4178 3082 4251 ).
3114 4180 3404 4254 Propterea
3456 4201 3559 4242 au-

1950 4261 2056 4308 tem
2080 4254 2254 4326 ipsum
2282 4274 2496 4329 semper
2520 4260 2763 4321 invenies
2784 4266 2836 4322 in
2870 4270 3106 4339 peccatis
3135 4274 3343 4347 culpam
3383 4292 3556 4351 agno-

1944 4360 2119 4402 scere.

2016 4436 2353 4497 Peccatorum
2383 4447 2633 4517 confessio
2681 4447 2847 4505 Deum
2874 4455 3096 4511 maxime
3136 4457 3343 4528 placat;
3382 4465 3554 4518 convi-

1941 4528 2138 4585 ciorum
2159 4542 2205 4587 et
2230 4534 2545 4590 theatrorum
2569 4542 2851 4609 pernicies;
2878 4548 3266 4617 reprehensores
3278 4553 3410 4624 justi
3448 4573 3553 4611 non

1938 4624 2228 4680 aversandi.
2261 4656 2334 4667 —-
2360 4629 2584 4695 Quando
2624 4647 2755 4703 ergo
2784 4640 3085 4696 numeravit
3134 4643 3391 4712 populum
3411 4687 3427 4712 ,
3460 4648 3549 4701 di-

1936 4713 2092 4769 cebat
2111 4757 2127 4780 ,
2162 4715 2273 4788 Ego
2302 4723 2533 4789 peccavi,
2560 4733 2609 4777 et
2638 4740 2729 4796 ego
2758 4738 2935 4796 pastor
2978 4731 3113 4787 male
3140 4734 3238 4803 feci
3265 4734 3418 4808 (Reg.
3450 4737 3545 4794 24.

1938 4802 2008 4860 17
2026 4804 2069 4875 ).
2095 4806 2211 4863 Non
2235 4809 2390 4877 dixit,
2422 4811 2561 4879 Quid
2591 4824 2701 4870 tum
2726 4860 2741 4883 ,
2775 4820 2819 4873 si
2843 4802 3160 4879 numeravi?
3184 4802 3283 4883 sed
3303 4802 3545 4901 si-ipsum

1931 4900 2288 4970 condemnat,
2322 4915 2378 4960 et
2425 4906 2545 4962 ideo
2590 4910 2801 4966 veniam
2846 4918 3170 4986 assequitur.
3220 4920 3361 4977 Nihil
3398 4924 3541 4979 enim

1932 4992 2100 5048 Deum
2128 5011 2282 5067 aeque
2309 4998 2483 5054 reddit
2511 5004 2795 5073 propitium
2821 5049 2837 5072 ,
2866 5023 2930 5063 ac
2959 5023 3301 5079 peccatorum
3330 5017 3541 5073 confes-

1926 5086 2028 5141 sio.
2065 5087 2175 5144 lioc
2201 5101 2381 5146 autem
2414 5094 2501 5149 lict
2522 5135 2537 5160 ,
2581 5097 2626 5150 si
2678 5097 2946 5169 fugiantur
2974 5119 3159 5159 eorum
3205 5117 3376 5165 coetus
3398 5150 3414 5177 ,
3444 5115 3535 5182 qui

1925 5188 2125 5233 metum
2160 5192 2501 5251 peccatorum
2548 5186 2794 5257 solvunt,
2836 5203 2888 5248 et
2918 5196 2983 5250 ad
3009 5198 3310 5255 socordiam
3342 5201 3535 5271 impel-

1923 5270 2056 5325 lunt.
2093 5273 2159 5331 El
2202 5274 2324 5331 ideo
2367 5277 2563 5335 Paulus
2593 5290 2645 5337 et
2689 5282 2951 5341 Jeremias
2988 5289 3055 5343 de
3078 5304 3146 5345 eo
3174 5292 3338 5347 multa
3372 5270 3533 5352 verba

1926 5365 2124 5423 faciunt
2144 5409 2159 5430 ,
2192 5376 2247 5421 et
2271 5369 2461 5438 jubent
2492 5374 2703 5444 utrique
2732 5375 2915 5446 fugere
2941 5380 3204 5439 malorum
3233 5395 3289 5440 et
3312 5400 3527 5453 eorum,

1923 5456 2014 5529 qui
2036 5466 2163 5511 sunt
2186 5458 2322 5514 adeo
2346 5462 2557 5532 ignavi,
2584 5468 3049 5525 consuetudinem.
3080 5472 3248 5531 Porro
3275 5475 3377 5532 Job
3402 5493 3531 5548 quo-

1916 5562 2021 5618 que
2066 5548 2169 5604 hoc
2189 5552 2366 5625 refert
2406 5556 2456 5609 in
2487 5572 2767 5613 numerum
2798 5561 3048 5631 virtutis,
3082 5565 3286 5632 dicens,
3327 5568 3390 5625 Si
3415 5587 3529 5623 am-

1914 5638 2084 5693 bulaci
2111 5658 2227 5696 cum
2264 5644 2552 5703 irrisoribns
2587 5648 2743 5721 (Job.
2775 5652 2868 5709 5t.
2898 5655 2983 5723 5).
3016 5657 3115 5712 Hic
3131 5668 3310 5716 autem
3340 5671 3531 5719 osten-

1912 5731 2016 5796 dit,
2046 5748 2105 5788 se
2138 5750 2257 5790 cum
2290 5737 2357 5793 iis
2384 5754 2451 5794 ne
2479 5740 2686 5797 sedisse
2711 5746 2927 5816 quidem
2948 5789 2967 5816 ,
3006 5749 3230 5818 dicens,
3261 5751 3384 5809 Non
3412 5755 3525 5812 sedi

1910 5822 1962 5875 in
1987 5824 2201 5880 consilio
2229 5826 2510 5883 ludentium
2538 5830 2725 5905 (Psal.
2756 5837 2847 5892 25.
2879 5838 2976 5911 ι).
3005 5839 3130 5897 Ideo
3162 5842 3355 5900 Paulus
3384 5861 3521 5915 quo-

1868 5964 1871 5967 ,
1910 5932 2014 5986 que
2041 5934 2146 5973 non
2177 5920 2301 5978 sinit
2326 5926 2463 5981 vesci
2490 5942 2611 5984 cum
2636 5931 2923 6003 improbis,
2955 5936 3063 5993 imo
3086 5951 3185 5992 nec
3208 5936 3368 5997 ullam
3391 5956 3516 5999 cuiu
