4222 6438
758 404 860 460 ’.πει

749 522 829 576 eis
870 520 1059 575 habere
1097 518 1565 582 consuetudinem,
1616 518 1832 573 dicens:
1881 516 1940 572 Si
1988 518 2097 585 quis
2147 525 2311 568 autem

752 626 851 664 non
895 609 1058 663 obedit
1099 609 1313 662 sermoni
1351 618 1517 662 nostro
1562 624 1649 677 per
1675 607 1968 677 epistolam,
2001 622 2115 660 eum
2166 615 2313 659 nota-

748 709 795 753 te
815 739 831 765 ,
856 709 903 753 et
940 716 1039 752 non
1084 698 1435 752 cornersemini
1477 714 1591 751 cum
1616 714 1694 751 eo.
1729 696 1793 749 Et
1818 712 1915 750 non
1943 693 2315 749 communicabo

748 804 860 842 cum
897 790 1063 843 electis
1103 804 1273 841 eorum
1316 787 1405 857 (2.
1439 786 1614 841 Thess.
1662 787 1714 842 ὅ.
1744 787 1870 856 li).
1905 787 2087 851 Alius,
2139 784 2317 855 Neque

748 896 852 933 una
881 878 1133 932 comedam
1158 879 1324 932 dulcia
1352 894 1521 932 eorum
1550 877 1650 947 (a).
1684 876 1864 941 Alius,
1900 875 2017 930 Non
2044 891 2317 945 congrega-

747 973 835 1025 tur
860 972 911 1023 iu
933 970 1123 1024 deliciis
1152 986 1342 1023 eorum.
1380 968 1476 1022 llic
1502 968 1631 1021 dicit
1655 967 1781 1021 illud
1818 967 2163 1037 apostolicum
2184 1006 2199 1031 ,
2228 964 2311 1019 fu-

745 1059 963 1126 giendas
983 1074 1100 1114 esse
1124 1058 1341 1113 delicias
1360 1058 1565 1111 illorum
1590 1066 1644 1111 et
1670 1057 1909 1111 convivia
1929 1096 1945 1121 ,
1968 1056 2056 1109 tibi
2084 1056 2314 1111 maxime

739 1149 937 1205 crescit
965 1154 1233 1219 peccatqu
1257 1189 1275 1213 ,
1306 1148 1390 1201 ubi
1418 1147 1586 1215 major
1614 1154 1697 1202 est
1726 1146 1938 1201 libertas
1982 1155 2037 1200 et
2077 1145 2308 1200 licentia.

814 1240 865 1295 8.
893 1239 1015 1294 Non’
1027 1248 1107 1294 est
1129 1247 1303 1293 autem
1326 1240 1427 1293 hoc
1454 1253 1671 1307 parvum
1695 1239 1905 1307 signum
1942 1237 2177 1301 virtutis,
2207 1251 2311 1291 non

746 1345 904 1399 parva
947 1330 1027 1384 via
1053 1329 1425 1396 correctionis,
1454 1328 1709 1397 ejusmodi
1738 1326 1918 1397 fugere
1958 1328 2191 1381 convivia
2213 1367 2229 1393 ,
2257 1337 2312 1381 et

748 1422 876 1475 tales
898 1428 1074 1476 cintus
1090 1461 1105 1484 ,
1139 1435 1308 1489 neque
1333 1420 1564 1475 revereri
1595 1419 1875 1473 amicitiam
1897 1459 1911 1483 ,
1944 1433 2114 1488 neque
2140 1418 2309 1472 ventri

744 1514 1034 1566 servientes
1061 1511 1225 1568 robur
1251 1521 1304 1566 et
1332 1511 1680 1565 constantiam
1706 1511 1864 1564 animi
1891 1510 2200 1565 dissolvere.
2233 1510 2307 1565 Ita

747 1603 871 1657 dum
900 1603 1049 1657 multi
1073 1611 1440 1657 revererentur
1464 1602 1784 1668 amicitiam,
1809 1601 1862 1655 in
1904 1601 2175 1656 ebrietatis
2209 1600 2311 1655 llu-

746 1708 864 1749 rtus
892 1695 1119 1749 devoluti
1162 1703 1312 1761 sunt,
1344 1695 1414 1749 ita
1456 1693 1593 1764 capti
1622 1703 1745 1748 sunt
1782 1708 1813 1747 a
1856 1692 2231 1760 fornicatione,
2259 1702 2313 1749 et

746 1786 918 1854 ignem
939 1784 1227 1854 voluptatis
1250 1784 1640 1849 accenderunt,
1663 1783 1789 1837 dum
1813 1783 2016 1853 sequuti
2038 1791 2162 1837 sunt
2184 1798 2310 1836 con-

744 1877 876 1931 vivia
897 1885 951 1931 et
982 1876 1185 1930 theatra
1215 1874 1456 1929 habentia
1479 1876 1701 1929 multum
1728 1875 2032 1944 iniquitatis.
2060 1874 2171 1928 Hoc
2198 1875 2340 1942 ipse,

741 1980 948 2035 quoque
973 1964 1202 2019 ostendit
1226 1979 1284 2018 se
1305 1964 1491 2019 fecisse
1510 2005 1525 2029 ,
1553 1973 1609 2017 nt
1635 1979 1702 2018 ne
1721 1962 1978 2032 ejusmodi
2004 1978 2201 2018 mensa:
2219 1979 2307 2019 es-

742 2057 845 2110 set
867 2056 1148 2125 particeps.
1177 2055 1230 2110 5.
1259 2052 1505 2123 Corripiet
1542 2070 1619 2108 me
1653 2056 1824 2126 justus
1848 2053 1900 2106 in
1928 2053 2268 2107 misericordia
2290 2094 2306 2119 ,

741 2157 785 2199 et
808 2146 1078 2215 increpabit
1106 2160 1217 2199 me:
1237 2146 1399 2200 oleum
1422 2156 1585 2200 autem
1612 2144 1882 2214 peccatoris
1908 2160 2007 2196 non
2036 2143 2308 2213 impinguet

741 2247 889 2306 caput
910 2253 1091 2290 meum.
1120 2237 1268 2291 Alius
1288 2277 1303 2303 ,
1328 2235 1625 2289 Miscreatur
1644 2235 1738 2288 mei
1752 2236 1923 2303 justus
1945 2233 2305 2299 misericordia,

740 2338 785 2379 et
814 2328 1030 2396 increpet
1062 2327 1101 2379 ⁸.
1131 2325 1241 2381 Hoc
1265 2340 1473 2394 quoque
1497 2340 1614 2378 cum
1650 2324 1821 2392 priore
1848 2338 1952 2377 non
1981 2332 2061 2377 est
2088 2338 2306 2392 parvum

739 2431 904 2485 genus
930 2416 1168 2480 virtutis,
1195 2430 1297 2469 non
1327 2413 1507 2484 fugere
1535 2412 1971 2483 reprehensiones
1994 2421 2049 2468 et
2072 2414 2311 2482 increpa-

741 2507 912 2561 tiones
938 2522 1054 2576 qua:
1085 2507 1212 2561 liunt
1233 2521 1262 2559 a
1285 2505 1458 2574 justis.
1489 2504 1640 2572 Quod
1666 2514 1841 2558 autem
1871 2504 2028 2571 dicit,
2056 2514 2137 2559 est
2164 2505 2305 2573 ejus-

740 2595 880 2650 modi
908 2613 922 2650 :
956 2596 1151 2651 Eorum
1180 2595 1389 2665 quidem
1411 2635 1424 2659 ,
1457 2596 1543 2664 qui
1587 2594 1651 2647 ad
1678 2594 1897 2663 gratiam
1929 2593 2213 2662 loquuntur
2252 2595 2305 2648 in

739 2685 985 2741 damnum
1009 2726 1025 2753 ,
1052 2695 1221 2742 castus
1251 2700 1531 2755 numquam
1558 2684 1742 2740 fuerim
1765 2685 2027 2754 particeps
2051 2702 2066 2738 :
2095 2699 2188 2739 eos
2214 2700 2306 2739 au-

739 2786 843 2831 tem
886 2777 1135 2847 elegerim
1174 2777 1260 2846 qui
1305 2784 1428 2829 sunt
1456 2774 1830 2840 vehementes,
1874 2775 1962 2844 qui
2006 2776 2302 2844 corrigunt,

739 2866 825 2936 qui
856 2875 1121 2937 peccatum
1166 2866 1442 2936 aperiunt,
1491 2866 1579 2935 qui
1609 2865 2020 2935 reprehendunt.
2068 2864 2180 2919 Hoc
2225 2874 2308 2919 est

738 2960 877 3012 enim
925 2958 1154 3012 maxime
1202 2958 1577 3012 misericordiae
1624 2964 1678 3011 et
1722 2957 2052 3021 clementiae,
2103 2956 2303 3011 mederi

739 3047 1060 3103 vulneribus.
1094 3045 1271 3100 Oleum
1294 3056 1459 3100 autem
1488 3047 1758 3116 peccatoris
1783 3062 1883 3100 non
1920 3047 2193 3117 impinguet
2216 3064 2305 3099 ca-

737 3148 827 3207 put
865 3154 1047 3191 meum.
1079 3137 1262 3191 Vidisti
1306 3138 1533 3191 animam
1575 3137 1769 3191 virtute
1811 3137 2154 3201 instructam,
2185 3152 2305 3206 qua:

737 3230 837 3282 fert
884 3228 1126 3283 lubenter
1172 3228 1430 3295 justorum
1483 3222 1954 3297 reprehensiones,
2000 3226 2068 3280 ab
2113 3227 2305 3295 iniquis

737 3326 910 3372 autem
928 3360 944 3385 ,
971 3319 1051 3372 vel
1082 3318 1145 3371 ad
1173 3318 1390 3387 gratiam
1419 3316 1582 3370 iactas
1606 3316 1812 3385 rejicit?
1837 3316 2046 3382 Quare?
2078 3316 2209 3383 Quia
2232 3317 2305 3372 illi

738 3409 823 3463 vel
874 3410 1184 3463 miserentes
1230 3422 1370 3476 saepe
1416 3406 1630 3461 exitium
1677 3405 1998 3459 attulerunt:
2030 3404 2082 3458 hi
2130 3414 2303 3459 autem

739 3500 930 3553 acriter
955 3501 1269 3554 insectantes
1290 3508 1342 3553 et
1364 3498 1689 3567 increpantes
1715 3506 2087 3563 correxerunt;
2107 3506 2159 3551 et
2186 3511 2304 3551 cum

740 3590 925 3643 horum
988 3588 1397 3658 reprehensione
1452 3588 1729 3655 conjuncta
1779 3597 1857 3640 est
1910 3586 2302 3650 misericordia,

736 3688 852 3726 cum
897 3672 1101 3725 illorum
1133 3670 1489 3725 misericordia
1531 3684 1694 3724 mors.
1726 3670 1789 3723 Et
1818 3669 1935 3723 ideo
1977 3670 2110 3723 dixit
2157 3670 2303 3739 quis-

738 3766 912 3834 piam:
955 3763 1210 3817 Fidcliora
1240 3764 1511 3816 amicorum
1551 3763 1791 3825 vulnera,
1832 3777 1981 3829 quam
2023 3762 2306 3814 voluntaria

737 3857 906 3910 oscula
954 3856 1268 3908 inimicorum
1314 3852 1501 3924 (Prov.
1545 3852 1633 3906 27.
1667 3852 1751 3921 6).
1798 3851 2082 3905 Considera
2130 3863 2305 3905 autem

737 3946 1003 4014 quomodo
1033 3946 1115 3999 hic
1139 3944 1398 4013 signiﬁcat
1425 3942 1552 3997 illud
1578 3942 1922 4011 apostolicum
1950 3958 1961 3993 :
1995 3940 2267 4011 Redargue
2287 3982 2303 4009 ,

738 4038 978 4104 increpa,
1027 4036 1285 4088 exhortari:
1322 4033 1410 4101 (2.
1445 4032 1573 4087 Tim.
1615 4032 1667 4086 4.
1712 4030 1804 4099 2).
1847 4031 1989 4085 Talis
2038 4042 2121 4085 est
2163 4030 2305 4085 enim

738 4134 1036 4180 sanctorum
1058 4122 1417 4193 reprehensio.
1448 4122 1519 4176 lta
1539 4122 1697 4177 etiam
1723 4120 1917 4175 iaciunt
1938 4120 2126 4175 medici
2154 4138 2166 4173 :
2201 4136 2305 4174 non

741 4217 910 4271 solum
950 4224 1162 4278 secant,
1195 4213 1287 4267 sed
1316 4214 1475 4267 etiam
1503 4212 1737 4281 alligant.
1778 4210 2033 4277 Quocirca
2062 4210 2307 4266 Christus

741 4322 948 4378 quoque
967 4307 1198 4359 el’liciens
1220 4316 1272 4359 ut
1291 4312 1435 4373 grata
1458 4314 1597 4359 esset
1616 4312 1668 4358 et
1687 4311 1899 4372 accepta
1926 4303 2271 4373 reprehensio
2289 4344 2305 4369 ,

743 4414 847 4452 non
868 4398 993 4451 sinit
1021 4396 1482 4465 reprehensionem
1503 4395 1570 4449 ab
1595 4394 1742 4448 initio
1770 4393 2019 4463 publicari
2043 4436 2057 4458 ,
2087 4394 2303 4448 dicens:

754 4487 922 4552 Vade,
967 4498 1012 4541 et
1052 4485 1354 4554 reprehende
1396 4486 1564 4553 ipsum
1608 4486 1735 4538 inter
1779 4492 1825 4537 te
1851 4493 1897 4537 et
1938 4485 2103 4551 ipsum
2146 4484 2308 4539 solum

747 4580 964 4648 (Matth.
998 4579 1083 4633 18.
1114 4577 1234 4646 l5).
1261 4576 1334 4630 lta
1362 4575 1519 4631 etiam
1552 4574 1774 4629 faciebat
1804 4574 1995 4628 Paulus
2020 4576 2307 4629 ostendens

743 4671 1199 4738 reprehensionem
1230 4683 1347 4723 cum
1390 4666 1745 4721 misericordia
1769 4707 1784 4731 ,
1815 4681 1952 4719 nunc
1976 4666 2189 4735 quidem
2231 4667 2310 4719 di-

743 4775 870 4815 cens
895 4778 906 4812 :
936 4760 981 4811 0
1003 4759 1235 4813 iuseusati
1262 4756 1457 4813 Galatae
1486 4758 1507 4827 (
1524 4755 1690 4810 Galat.
1717 4757 1768 4811 5.
1797 4757 1895 4826 1);
1928 4770 2067 4809 nunc
2090 4766 2265 4811 autem
2294 4775 2305 4809 :

745 4850 919 4903 Filioli
948 4853 1058 4915 mei,
1086 4868 1207 4919 quos
1231 4851 1409 4903 iterum
1436 4849 1657 4917 parturio
1697 4847 1894 4917 (Colat.
1920 4849 1973 4901 4.
1999 4849 2120 4918 l9).
2144 4850 2311 4918 Opor-

747 4950 820 4997 tet
848 4942 985 4996 euim
1013 4956 1129 4999 eum
1152 4983 1164 5007 ,
1187 4941 1274 5010 qui
1302 4937 1674 5008 reprehendit,
1704 4938 1867 4991 multa
1894 4941 2193 5009 excogitare
2212 4981 2225 5003 ,
2256 4949 2311 4991 ut

746 5040 957 5099 accepta
986 5030 1050 5084 sit
1089 5041 1141 5083 et
1167 5039 1307 5099 grata
1347 5028 1463 5097 ejus
1513 5027 1891 5095 reprehensio:
1923 5035 1976 5081 et
2005 5043 2193 5096 magna
2222 5042 2310 5081 sa-

747 5124 939 5191 pientia
986 5136 1119 5189 Opus
1148 5130 1229 5175 est
1265 5122 1313 5174 ei
1332 5160 1346 5183 ,
1377 5121 1464 5190 qui
1493 5118 1790 5173 adhibuerit
1818 5118 1919 5173 tale
1948 5120 2309 5174 medicamen-

747 5222 853 5265 tum
880 5228 892 5263 :
920 5225 981 5265 ac
1010 5209 1209 5280 majore
1234 5208 1443 5278 quidem
1480 5207 1734 5277 sapientia
1759 5220 1891 5275 opus
1920 5217 2001 5263 est
2028 5208 2074 5261 ei
2103 5207 2193 5279 qui
2223 5223 2309 5262 re-

811 5404 827 5435 ⁸
864 5409 973 5451 μεθ
997 5401 1141 5452 lectio
1174 5409 1249 5451 est
1275 5401 1414 5461 juxta
1438 5398 1887 5461 interpretationem
1926 5398 2113 5460 Aquilte
2132 5435 2145 5457 ,
2177 5402 2314 5461 cujus

744 5468 934 5512 textum
965 5470 1173 5513 Grecum
1210 5460 1287 5512 hic
1319 5464 1533 5511 vitiatum
1556 5460 1704 5509 fuisse
1729 5462 2049 5521 suspicamur;
2076 5460 2313 5521 siquidem

751 5537 835 5581 pro
859 5536 998 5583 voce,
1024 5535 1218 5585 ιλιτεάτω,
1245 5536 1353 5585 qua:
1392 5536 1519 5585 nunc
1557 5529 1719 5585 Graece
1757 5519 1950 5585 legitur,
1978 5530 2029 5568 et
2051 5519 2314 5583 respondet

749 5588 853 5635 voci
877 5581 1317 5648 latinm'increpct,
1344 5583 1525 5648 legitur
1545 5584 1592 5629 in
1612 5584 1752 5648 ltegia
1766 5581 1967 5648 quadam
1990 5581 2183 5648 Catena,
2210 5608 2315 5632 me

750 5656 921 5704 λυέτω,
946 5642 1078 5708 quasi
1100 5642 1247 5702 dicas,
1270 5642 1440 5693 malleo
1462 5642 1740 5708 metumtot,
1766 5642 1863 5701 vel,
1887 5644 2111 5692 extendat
2156 5655 2170 5690 :
2206 5656 2313 5705 quo:

749 5739 865 5777 vera
892 5705 1266 5789 est-signiﬁcatio
1290 5727 1421 5774 vocis
1454 5705 1653 5780 ὉῺΒΓῬ,

811 5818 884 5880 (ιι)
918 5825 1024 5869 ηερε
1046 5817 1380 5880 interpretatio
1406 5823 1474 5864 est
1506 5816 1641 5877 juxta
1666 5815 2006 5877 Symmachum.

1457 402 1511 458 S.
1551 401 1824 457 JOANNIS
1862 397 2327 456 llﬂﬂYSOSTOHl
2370 399 2683 457 AllClllEl’.
2723 401 3254 460 CONSTANTINOP.

3897 405 3997 461 ιω

2424 514 2735 583 prehendit.
2784 533 2939 591 quam
2972 520 3021 573 ei
3066 520 3154 588 qui
3193 531 3385 588 corpus
3428 518 3639 573 scindit.
3684 519 3996 587 Quomodo?

2421 608 2679 674 Quoniam
2707 609 2812 663 illic
2840 609 3052 678 quidem
3074 610 3211 663 aliud
3242 609 3485 680 estquod
3514 609 3746 676 scindit,
3774 619 3830 665 et
3854 610 3994 665 aliud

2419 697 2558 764 quod
2579 697 2815 753 dolorem
2838 700 3087 769 suscipit;
3111 700 3196 753 hic
3217 710 3392 754 autem
3409 699 3592 755 eadem
3614 709 3696 753 est
3718 716 3838 768 qua:
3860 703 3995 755 scin-

2420 786 2561 841 ditur
2580 830 2594 854 ,
2622 798 2677 843 et
2700 804 2817 858 qua:
2843 789 3030 844 dolore
3049 789 3294 844 afficitur.
3327 790 3504 843 Oleum
3531 800 3696 843 autem
3721 791 3996 859 peccatoris

2419 892 2520 930 non
2561 880 2836 950 impinguet
2879 889 3031 949 caput
3059 896 3243 933 meum.
3274 879 3409 947 Quid
3453 879 3553 934 hoc
3582 880 3699 933 est?
3748 879 3842 934 Ille
3865 920 3886 945 ,
3913 880 3976 933 in-

2418 968 2568 1035 quit,
2600 983 2704 1022 non
2743 970 2931 1039 qu:erit
2968 970 3246 1024 utilitatem
3289 970 3579 1034 auditoris,
3610 969 3701 1023 sed
3728 985 3914 1034 suam,
3940 978 3996 1023 ut

2418 1054 2662 1111 videatur
2681 1058 2859 1111 suavis
2878 1097 2892 1123 ,
2912 1056 3205 1125 jucundus,
3229 1066 3283 1111 et
3302 1058 3505 1110 amicus
3529 1076 3540 1112 :
3566 1057 3650 1111 hic
3674 1067 3848 1110 autem
3871 1068 3997 1112 ante

2418 1159 2567 1200 suam
2592 1147 2810 1215 gratiam
2835 1146 3137 1202 censiderat
3161 1147 3303 1201 illius
3328 1148 3625 1202 utilitatem.
3655 1147 3803 1204 Unde
3833 1150 3991 1203 etiam

2420 1235 2519 1291 hac
2547 1238 2750 1292 ratione
2778 1238 2918 1292 inter
2945 1252 3005 1292 se
3044 1237 3273 1291 maxime
3309 1236 3579 1291 differunt.
3606 1238 3661 1293 Si
3689 1247 3865 1292 autem
3909 1240 3992 1293 vel

2416 1330 2733 1384 miserantes
2770 1328 3047 1382 aversandi
3080 1328 3345 1397 improbi;
3378 1327 3587 1397 quando
3627 1339 3751 1383 sunt
3798 1329 3991 1383 admit-

2416 1420 2600 1475 tendi?
2619 1420 2932 1490 Numquam.
2960 1418 3315 1486 Quamobrem
3346 1420 3549 1473 etiamsi
3577 1421 3811 1488 praebeat
3833 1436 3992 1487 pecu-

2416 1510 2559 1574 nias,
2599 1511 2805 1565 etiamsi
2834 1510 3051 1565 delicias
3075 1510 3345 1580 promittat
3372 1518 3425 1563 et
3464 1508 3693 1569 honores
3712 1551 3726 1576 ,
3754 1526 3878 1564 eum
3910 1526 3993 1563 re-

2414 1602 2550 1671 pelle
2577 1611 2631 1657 et
2670 1601 2826 1672 fuge;
2850 1601 3048 1672 justum
3087 1610 3263 1656 autem
3294 1602 3499 1656 etiamsi
3533 1611 3583 1657 te
3610 1602 3787 1656 verbis
3818 1602 3991 1656 ludifi-

2413 1703 2562 1749 cetur
2582 1736 2595 1761 ,
2619 1695 2824 1749 etiamsi
2855 1704 2908 1750 te
2927 1696 3166 1764 increpet
3193 1705 3244 1750 et
3266 1694 3557 1749 insectetur
3574 1736 3586 1760 ,
3611 1710 3834 1765 sequere
3860 1715 3871 1749 :
3904 1698 3993 1751 ille

2414 1785 2554 1838 enim
2600 1793 2681 1839 est
2741 1785 2829 1855 qui
2883 1792 2936 1839 te
2993 1784 3181 1855 diligit.
3236 1784 3486 1851 Quoniam
3530 1786 3700 1838 adhuc
3745 1796 3791 1838 et
3835 1789 3997 1840 oratio

2413 1890 2522 1927 mea
2575 1876 2628 1928 in
2681 1875 2998 1943 beneplacitis
3052 1891 3241 1929 eorum.
3292 1875 3439 1928 Alius
3474 1916 3489 1939 ,
3540 1876 3718 1927 Adhuc
3759 1876 3894 1928 enim
3948 1888 3995 1929 et

2413 1969 2573 2021 oratio
2609 1982 2720 2021 mea
2765 1969 2898 2021 intra
2939 1968 3057 2020 vitia
3094 1968 3319 2035 ipsorum
3366 1965 3429 2037 (a
3451 1978 3491 2033 j.
3522 1966 3668 2019 Alius
3692 2006 3708 2031 ,
3742 1965 3992 2030 Quoniam

2411 2058 2575 2110 adhuc
2608 2069 2653 2110 et
2684 2058 2843 2111 oratio
2872 2074 2981 2110 mea
3008 2058 3061 2111 in
3089 2056 3486 2128 improbitatibus
3510 2057 3753 2126 ipsorum.

2486 2149 2715 2234 Orationi
2744 2151 2837 2204 soli
2864 2166 2964 2203 non
2989 2148 3363 2217 conﬁdendum,
3391 2148 3478 2201 sed
3503 2158 3550 2201 et
3577 2148 3988 2217 aperuistinos.—

2417 2240 2541 2295 llrec
2569 2240 2779 2309 quidem
2806 2242 2974 2309 petiit.
2994 2241 3079 2294 illa
3110 2254 3241 2295 vero
3263 2239 3467 2309 praabet
3489 2254 3517 2292 a
3540 2240 3714 2307 seipse
3743 2258 3757 2293 :
3788 2250 3844 2293 et
3868 2240 3990 2297 hinc

2411 2333 2643 2389 ostendit
2684 2346 2787 2387 non
2817 2341 3063 2401 oportere
3092 2347 3186 2387 eos
3214 2332 3384 2387 solum
3415 2330 3680 2386 conﬁdere
3724 2332 3947 2388 orationi
3972 2376 3988 2399 ,

2410 2424 2607 2478 inertes
2641 2436 2831 2491 nempe
2856 2431 2911 2477 et
2937 2422 3283 2487 dormientes,
3311 2420 3405 2476 sed
3433 2429 3679 2490 oportere
3704 2422 3863 2475 etiam
3895 2436 3990 2476 sua

2408 2512 2669 2568 conferre.
2697 2512 2833 2580 Quid
2881 2512 2968 2566 hic
2995 2522 3170 2567 autem
3198 2527 3264 2567 ex
3302 2527 3363 2567 se
3409 2512 3650 2581 praebet?
3679 2512 3792 2566 Non
3823 2528 3989 2581 oves,

2406 2603 2570 2658 boves
2592 2644 2608 2667 ,
2639 2612 2693 2657 et
2738 2605 2987 2673 pecunias
3006 2644 3021 2670 ,
3050 2604 3141 2657 sed
3188 2617 3398 2657 morum
3447 2602 3868 2658 moderationem
3894 2646 3909 2670 ,
3938 2615 3991 2659 et

2407 2693 2545 2763 quod
2582 2694 2878 2747 mirandum
2909 2694 2959 2747 in
2999 2693 3211 2747 modum
3247 2707 3431 2747 eorum
3476 2692 3640 2761 fugiat
3676 2693 3990 2762 improbita-

2412 2796 2539 2839 tem.
2569 2784 2683 2838 Nou
2724 2786 2915 2849 solum,
2946 2786 3144 2854 inquit,
3172 2784 3381 2837 illorum
3421 2784 3766 2852 perniciosam
3797 2786 3989 2855 fugiam

2407 2877 2668 2946 gratiam,
2719 2891 2818 2931 nec
2867 2877 3058 2945 eligam
3104 2876 3299 2930 horum
3348 2875 3847 2945 reprehensionem,
3894 2878 3991 2932 sed

2406 2968 2565 3021 etiam
2593 2967 2744 3021 stabo
2764 2966 3016 3021 adversus
3038 2981 3218 3021 eorum
3246 2966 3591 3036 cupiditates:
3610 2975 3813 3021 tantum
3839 2968 3994 3023 abest

2407 3067 2465 3113 ut
2491 3059 2681 3127 eligam
2708 3072 2891 3112 eorum
2925 3056 3364 3124 misericordiam,
3396 3066 3450 3109 ut
3476 3072 3660 3125 precer
3686 3069 3873 3111 contra
3897 3074 3993 3113 eo-

2407 3164 2524 3204 rum
2551 3148 2883 3218 cupiditates.
2914 3147 3023 3203 Hoc
3049 3148 3189 3203 enim
3215 3147 3315 3201 sibi
3339 3146 3451 3201 vult
3477 3146 3626 3213 illud,
3658 3146 3724 3199 In
3752 3148 3989 3217 beuepla-

2406 3240 2515 3291 citis
2540 3226 2750 3293 eorum.
2781 3238 2833 3293 6.
2871 3238 3106 3305 Absorpti
3132 3246 3249 3291 sunt
3279 3238 3432 3307 juxta
3461 3247 3650 3307 petram
3676 3238 3877 3306 judices
3900 3255 3991 3292 eo-

2408 3346 2540 3384 rum.
2584 3330 2767 3394 Alius,
2806 3328 3092 3382 Avellentur
3129 3328 3181 3380 in
3221 3343 3376 3379 manu
3414 3336 3583 3397 parte.
3613 3326 3854 3382 Ostendit
3903 3328 3993 3385 hic

2408 3436 2565 3488 quam
2591 3420 2660 3474 sit
2681 3429 2950 3488 peccatum
2973 3426 3272 3488 expugnatu
3301 3417 3473 3480 facile,
3496 3428 3549 3473 et
3568 3434 3725 3489 quam
3750 3434 3993 3491 praeceps

2408 3510 2613 3565 vilium.
2646 3511 2746 3581 Ipsi
2772 3550 2787 3574 ,
2828 3504 2991 3579 inquit
3016 3550 3030 3574 ,
3066 3509 3365 3579 principes,
3398 3509 3489 3578 qui
3532 3511 3706 3564 omnia
3739 3510 3991 3566 devasta-

2408 3602 2532 3657 bant
2560 3642 2574 3667 ,
2603 3603 2895 3672 perierunt.
2942 3601 3055 3655 Non
3085 3601 3218 3655 dixit
3263 3610 3440 3655 autem
3465 3642 3479 3665 ,
3507 3600 3826 3668 Perierunt,
3858 3605 3991 3671 sed,

2407 3693 2645 3764 Absorpti
2672 3704 2809 3758 sunt,
2854 3692 3157 3761 significans
3184 3706 3277 3746 eos
3307 3692 3375 3746 ita
3410 3693 3648 3762 periisse,
3684 3702 3742 3746 ut
3784 3695 3989 3749 nullum

2408 3784 2477 3839 sit
2518 3785 2777 3853 reliquum
2805 3797 2990 3837 eorum
3034 3782 3351 3850 vestigium,
3374 3781 3514 3851 quod
3547 3781 3707 3835 etiam
3746 3782 3876 3837 dicit
3921 3784 3993 3839 de

2410 3875 2571 3945 impio
2597 3894 2609 3928 :
2634 3873 2865 3928 Transivi
2886 3915 2900 3938 ,
2928 3882 2973 3927 et
3012 3888 3124 3926 ecce
3158 3888 3258 3925 non
3286 3880 3390 3925 erat
3421 3887 3440 3924 :
3465 3870 3670 3941 quasivi
3710 3872 3875 3941 ipsum
3895 3914 3909 3938 ,
3941 3884 3995 3927 et

2409 3984 2508 4022 non
2549 3978 2620 4022 est
2660 3968 2886 4020 inventus
2932 3969 3071 4018 locus
3114 3966 3222 4035 ejus
3264 3963 3543 4034 (Psal.36.
3570 3963 3682 4036 36).
3721 3966 3858 4032 Quid
3906 3977 3993 4024 est

2408 4056 2609 4111 Juxta?
2656 4056 2850 4124 Prope.
2894 4054 3046 4122 Quod
3099 4064 3274 4108 autem
3322 4054 3488 4120 dicit,
3535 4064 3617 4109 est
3675 4056 3986 4123 ejusmodi:

2410 4148 2863 4217 Quemadmodum
2904 4156 3052 4214 petra
3081 4146 3289 4213 aliqua,
3318 4160 3434 4213 qu:e
3479 4146 3530 4198 in
3570 4161 3715 4199 mare
3752 4146 3986 4216 projecta

2410 4242 2502 4307 sit,
2530 4254 2636 4293 non
2665 4246 2921 4307 apparet:
2946 4237 3015 4291 ita
3046 4238 3205 4292 etiam
3234 4234 3490 4290 demersae
3517 4236 3727 4290 illorum
3766 4236 3986 4293 felicita-

2411 4342 2491 4386 tes
2518 4331 2769 4397 deinceps
2799 4343 2903 4383 uon
2929 4327 3157 4397 amplius
3185 4336 3462 4397 apparent,
3488 4342 3606 4382 cum
3638 4328 3873 4385 funditus
3902 4332 3985 4385 in-

2414 4422 2668 4476 terierint.
2701 4418 2796 4474 Vel
2835 4421 2935 4474 hoc
2972 4433 3098 4488 ergo
3133 4418 3301 4484 dicit,
3328 4417 3558 4472 deletum
3586 4433 3706 4475 esse
3751 4419 3987 4477 funditus

2412 4528 2595 4569 eorum
2620 4527 2811 4568 nomen
2832 4520 2885 4566 et
2907 4512 3147 4581 gloriam,
3166 4510 3251 4565 vel
3273 4509 3324 4564 id
3353 4509 3612 4579 significat
3630 4525 3750 4566 esse
3777 4524 3984 4582 potens,

2412 4609 2685 4663 robustum
2711 4616 2763 4662 et
2790 4606 3040 4661 validum.
3066 4604 3197 4660 lllud
3223 4604 3365 4659 enim
3394 4604 3673 4673 significat,
3701 4605 3989 4659 Avellerttstr

2414 4700 2465 4751 iu
2495 4716 2646 4753 manu
2673 4709 2842 4767 petrte.
2882 4697 3101 4751 Audient
3126 4697 3271 4750 verba
3296 4710 3425 4757 mea,
3456 4695 3691 4765 quoniam
3715 4698 3890 4750 suavia
3910 4702 3989 4768 [a-

2378 4824 2384 4831 -
2415 4803 2494 4841 cta
2539 4799 2674 4843 sunt.
2710 4790 2876 4852 Alius,
2904 4787 3153 4853 Quoniam
3184 4786 3375 4839 munita
3399 4795 3517 4839 sunt
3542 4787 3795 4840 satellitio.
3815 4788 3986 4854 Alius,

2420 4879 2664 4945 Quoniam
2690 4879 2913 4947 speciosa
2942 4881 3076 4945 facta
3117 4884 3234 4929 sunt
3272 4874 3369 4944 (ὁ).
3411 4874 3520 4929 Hoc
3544 4882 3660 4939 est,
3685 4874 3868 4930 Scient
3896 4891 3988 4947 per

2417 4986 2588 5023 rerum
2617 4969 2993 5040 experientiam
3034 4966 3418 5021 exhortationis
3453 4975 3508 5019 et
3539 4966 3746 5021 consilii
3776 4967 3879 5023 mei
3904 4968 3988 5037 ju-

2416 5062 2754 5117 cunditatem.
2782 5061 2848 5115 Et
2867 5058 3163 5130 quomodo?
3186 5058 3547 5128 Reprehensio
3563 5059 3823 5126 justorum
3850 5041 3990 5114 hunc

2416 5152 2659 5224 producit
2688 5152 2937 5219 fructum,
2968 5159 3023 5205 et
3045 5164 3229 5205 eorum
3254 5149 3529 5218 disciplina
3559 5165 3801 5219 magnam
3838 5150 3991 5207 adest

2418 5248 2760 5314 voluptatem.

2488 5338 2540 5392 9.
2564 5336 2706 5390 Talis
2732 5343 2815 5389 cst
2836 5334 2975 5388 enim
3001 5333 3167 5387 virtus
3193 5350 3206 5385 :
3235 5331 3393 5386 habet
3420 5330 3631 5401 quidem
3658 5330 3835 5386 brevis
3858 5341 3991 5386 teni-

2419 5430 2563 5498 poris
2607 5428 2839 5481 laborem
2866 5466 2879 5489 ,
2906 5433 3211 5493 perpetuam
3256 5433 3433 5477 autem
3472 5422 3727 5475 hetitiam.
3769 5422 3822 5476 7.
3848 5422 3994 5477 Sicut

2420 5517 2695 5572 crassitudo
2720 5525 2863 5569 terrte
2887 5525 3064 5583 erupta
3087 5524 3159 5567 est
3186 5530 3337 5583 super
3357 5523 3540 5566 terram
3566 5528 3584 5565 :
3611 5512 3856 5581 dissipata
3882 5523 3993 5566 sunt

2482 5630 2559 5699 (a)_
2587 5636 2695 5677 nare
2718 5628 3054 5690 interpretatio
3073 5635 3147 5677 est
3165 5627 3305 5689 juxta
3323 5625 3667 5689 Symmachum,
3687 5623 3839 5675 altera
3858 5628 3994 5688 juxta

2422 5691 2702 5813 Aci‘tiilai‘tire
2735 5750 2920 5797 variant
2946 5750 3377 5813 interpretationes
3416 5750 3467 5797 in
3488 5748 3576 5797 hoc
3601 5746 3723 5807 loco,
3744 5755 3798 5798 ut
3835 5749 3996 5800 \ideas

2420 5812 2473 5861 in
2498 5810 2721 5873 ttexaplis
2745 5814 2934 5860 nostris.
