4222 6450
302 450 399 506 Ml

301 580 418 620 assa
470 570 641 615 nostra
691 576 836 615 secus
881 560 1151 628 infernum.
1210 550 1396 613 Alius,
1444 539 1882 615 Quemadmodum

303 653 529 720 agricola
553 653 755 723 quando
778 651 960 705 scindit
984 657 1169 702 terram
1196 662 1213 699 :
1248 644 1321 696 ita
1348 638 1593 709 dissipata
1617 642 1735 689 sunt
1769 645 1883 685 ossa

304 754 472 801 nostra
494 722 843 814 inoreinferni
855 738 946 813 (a).
961 729 1491 802 Alius,Perindeacis
1500 729 1588 799 qui
1610 722 1883 794 confringit

301 854 362 893 es
390 838 606 901 dissecat
628 844 831 900 terram,
853 832 1097 900 dissipata
1117 834 1231 882 sunt
1256 837 1369 877 ossa
1393 828 1562 873 nostra
1585 818 1637 870 in
1661 817 1877 886 inferno.

302 929 472 993 Alius,
499 926 565 983 Ut
590 925 678 997 qui
714 924 925 995 pulchre
957 919 1149 975 colit-et
1190 913 1318 981 {odit
1359 911 1413 963 in
1449 917 1601 972 terra,
1636 905 1882 997 dissipata

300 1029 421 1076 sunt
461 1035 579 1074 asse
604 995 793 1071 nostra
856 1014 1015 1083 juxta
1067 1010 1355 1080 infernum.
1418 1002 1705 1069 Postquam
1748 995 1881 1051 dixit

300 1109 469 1164 verba
504 1122 598 1162 sua
642 1106 839 1161 habere
873 1100 1161 1173 plurimum
1186 1093 1471 1164 voluptatis
1501 1089 1675 1157 ,.dicit
1720 1088 1878 1143 etiam

262 1200 265 1201 ⁷
300 1207 510 1256 veteres
537 1195 886 1254 calamitates.
911 1189 1164 1260 Quamvis
1186 1228 1203 1253 ,
1233 1184 1432 1255 inquit,
1458 1192 1698 1238 extrema
1740 1176 1879 1249 passi

298 1302 503 1354 mus,
528 1296 583 1341 et
630 1293 897 1354 tamquam
939 1266 1200 1350 proscissa
1221 1316 1236 1341 ,
1266 1283 1415 1329 arata
1457 1281 1511 1327 et
1545 1270 1681 1325 fossa
1714 1278 1877 1330 terra,

295 1375 525 1447 dispersi
550 1387 733 1429 sumus
758 1384 947 1427 omnes
971 1377 1027 1426 et
1052 1366 1325 1438 periimus,
1348 1370 1404 1419 et
1430 1360 1495 1417 ad
1522 1361 1666 1430 ipsas
1693 1357 1880 1413 mortis

299 1475 480 1539 portas
500 1464 856 1521 devenimus:
891 1461 1165 1517 ita.tsmen
1193 1456 1370 1512 allecti
1398 1452 1679 1510 mallemus
1698 1464 1880 1520 repre-

300 1559 614 1617 hensionem
657 1565 712 1613 et
750 1554 1135 1611 correctionem
1160 1550 1447 1621 iustorum,
1470 1559 1633 1616 quam
1668 1542 1881 1599 miseri-

296 1648 533 1707 cordiam
556 1642 1168 1719 peccatorum..Etenim,
1188 1639 1558 1712 quodcumque
1583 1634 1840 1692 acciderit
1858 1675 1875 1699 ,

293 1748 440 1796 attua
465 1755 561 1812 spe
589 1739 880 1811 pendemus
902 1779 918 1804 ,
948 1750 1123 1806 neque
1150 1733 1436 1805 quidquam
1464 1731 1616 1786 nobis
1641 1728 1874 1795 eveniet,

294 1830 437 1904 quod
465 1832 631 1901 possit
655 1828 906 1885 cohibere
931 1827 1220 1897 «prominus.
1238 1823 1303 1879 ad
1334 1832 1384 1879 te
1409 1820 1781 1892 respiciamus.

367 1920 532 1977 Sacra
553 1935 743 1975 ancora
768 1935 880 1989 spes
905 1919 957 1971 in
984 1916 1171 1971 Deum.
1189 1943 1265 1955 --
1288 1913 1441 1971 Unde
1465 1913 1625 1968 etiam
1653 1910 1878 1981 subjun-

295 2011 593 2076 xitdicens,
616 2009 669 2066 8.
701 2009 835 2077 Quia
859 2009 926 2062 ad
950 2016 997 2062 te
1015 2049 1031 2074 ,
1061 2004 1274 2060 Domine
1293 2046 1306 2070 ,
1335 2003 1567 2068 Domine,
1598 2001 1735 2057 oculi
1759 1999 1874 2055 mei.

295 2102 363 2159 In
388 2112 434 2158 te
458 2102 673 2172 speravi,
701 2118 803 2155 non
827 2100 1030 2171 auferas
1054 2100 1278 2153 animam
1300 2113 1487 2152 meam.
1516 2095 1652 2161 Etsi,
1684 2093 1874 2163 inquit,

293 2193 710 2250 innumerabiles
738 2192 942 2247 irruant
962 2188 1310 2251 calamitates,
1340 2187 1462 2243 licet
1490 2186 1650 2251 bella,
1672 2184 1873 2255 puella,

292 2293 492 2340 mortes
516 2324 531 2348 ,
560 2292 614 2340 et
638 2293 803 2354 porta:
834 2280 1009 2347 inferi,
1042 2294 1071 2333 a
1101 2292 1252 2335 sacra
1298 2291 1493 2333 ancora
1539 2291 1642 2331 non
1673 2272 1879 2329 recedi-

290 2390 431 2444 uitus,
464 2374 563 2432 sed
590 2375 794 2429 ﬁrmam
824 2373 901 2427 tui
930 2371 1108 2426 auxilii
1138 2384 1287 2440 spem
1318 2378 1580 2431 tenemus,
1609 2364 1877 2435 armisque

289 2476 347 2522 et
374 2466 487 2521 acie
524 2465 776 2531 dimissis,
805 2477 1081 2534 speramus
1106 2461 1219 2517 fore
1245 2469 1303 2515 ut
1333 2459 1475 2526 hinc,
1506 2474 1698 2530 nempe
1727 2474 1755 2512 a
1784 2468 1876 2512 tuo

287 2557 509 2623 auxilio,
540 2556 848 2611 liberemur.
883 2554 947 2608 In
976 2565 1023 2608 te
1045 2554 1263 2624 speravi,
1292 2568 1393 2606 non
1418 2555 1625 2623 auferas
1651 2551 1875 2605 animam

288 2663 472 2701 means.
502 2647 650 2701 Alius
670 2686 686 2711 ,
714 2645 795 2700 Ne
820 2659 1024 2700 evacues
1063 2641 1160 2716 (ὁ).
1194 2640 1426 2698 ΙΙοδθει
1447 2681 1461 2705 ,
1506 2655 1576 2696 ne
1612 2641 1760 2694 sinas
1788 2653 1876 2695 me

287 2738 438 2794 abire
478 2752 539 2791 re
580 2735 794 2792 infecta.
817 2734 869 2790 9.
904 2733 1110 2789 Custodi
1136 2749 1215 2788 me
1242 2750 1275 2786 a
1312 2733 1490 2801 laqueo
1514 2746 1658 2801 quem
1683 2739 1874 2786 statue-

286 2835 409 2881 runt
424 2827 568 2894 mihi,
584 2834 633 2880 et
648 2842 679 2880 a
694 2825 947 2880 scandatis
964 2823 1281 2894 aperantium
1298 2823 1630 2891 iniquitatem.
1650 2820 1767 2876 Non
1786 2819 1874 2875 hic

285 2920 417 2975 dicit
442 2928 642 2973 tantum
678 2916 895 2971 insidias
916 2958 932 2983 ,
961 2916 1055 2972 sed
1079 2929 1199 2985 qua:
1224 2914 1362 2968 clam
1391 2913 1542 2977 ﬁunt,
1567 2921 1619 2967 et
1648 2913 1872 2967 occulta:

284 3018 432 3074 sunt,
463 3024 582 3081 qua:
613 3017 737 3066 sunt
765 3008 1048 3063 observatu
1077 3015 1133 3061 et
1158 3005 1372 3075 cognitu
1398 3002 1643 3059 difﬁciles
1665 3042 1681 3069 ,
1710 3012 1764 3058 et
1805 3002 1871 3057 ad

282 3115 417 3172 quas
433 3100 700 3156 cavendas
717 3112 948 3169 superno
967 3097 1195 3152 maxime
1214 3096 1409 3151 auxilio
1428 3110 1562 3165 opus
1582 3094 1875 3150 est.Preca-

283 3192 431 3247 tiutte
450 3200 627 3247 autem
657 3189 777 3245 ideo
798 3187 1058 3244 conclusit
1080 3188 1399 3253 orationem,
1420 3200 1449 3240 a
1470 3200 1575 3256 qua
1594 3184 1869 3241 exordium

280 3293 584 3354 sumpserat
627 3282 681 3337 in
709 3296 772 3337 ea
799 3280 1050 3336 desinens
1077 3296 1094 3335 :
1121 3279 1234 3334 haec
1253 3278 1469 3349 quidem
1493 3292 1523 3331 a
1553 3292 1612 3332 se
1639 3275 1872 3332 conferri

282 3373 591 3439 ostendens,
618 3386 766 3441 spem
789 3371 841 3425 in
874 3370 1071 3434 Deum,
1112 3379 1369 3439 perpetuo
1407 3368 1472 3422 ad
1499 3367 1664 3422 Deum
1697 3367 1870 3436 respi-

284 3478 411 3519 cere
431 3501 447 3529 ,
474 3461 735 3517 malorum
772 3468 943 3516 caelus
986 3458 1198 3529 iugere,
1226 3457 1351 3512 odio
1377 3456 1577 3512 habere
1602 3455 1870 3526 improbas

280 3566 470 3607 eorum
494 3551 805 3621 cupiditates
840 3568 853 3603 :
880 3564 910 3603 a
938 3548 1045 3603 Deo
1082 3556 1261 3603 autem
1286 3561 1444 3617 opem
1480 3556 1538 3602 et
1573 3546 1825 3602 auxilium
1851 3587 1867 3615 ,

279 3653 338 3698 et
365 3642 432 3698 iis
456 3658 577 3711 qua:
607 3649 733 3697 sunt
760 3641 986 3697 toleratu
1010 3639 1344 3705 difﬁcillima,
1373 3638 1600 3695 reddere
1624 3640 1871 3711 superio-

280 3749 418 3789 rem.
446 3732 518 3789 lta
546 3734 689 3789 enim
715 3733 882 3787 virtus
906 3731 1227 3799 contexitur,
1255 3730 1381 3786 dum
1407 3738 1463 3786 et
1487 3739 1729 3786 nostrum
1754 3740 1869 3787 stu-

279 3828 427 3882 dium
461 3824 767 3891 adhibetur,
791 3833 846 3880 et
874 3824 1012 3878 Deus
1039 3823 1192 3877 nobis
1221 3822 1529 3892 opitulatur.
1560 3822 1646 3879 10.
1675 3821 1869 3877 Cadent

278 3920 333 3972 in
356 3917 598 3971 retiaculo
636 3918 744 3985 eius
777 3923 1078 3983 peccatores.
1112 3914 1454 3985 Singulariter
1480 3930 1591 3968 sum
1628 3929 1744 3985 ego,
1777 3914 1879 3986 dot

280 4024 371 4061 nec
398 4004 669 4062 transeam.
712 4005 768 4061 In
816 4005 1093 4075 cuiusnam
1138 4005 1330 4060 cadent
1360 4005 1718 4060 retiaculum?
1749 4006 1865 4061 Dei.

282 4100 395 4154 lloc
421 4108 524 4165 cst,
556 4099 855 4164 vincentur,
883 4098 1178 4168 capientur.
1207 4096 1478 4153 Juslorum
1504 4100 1645 4154 enim
1673 4109 1783 4167 est,
1810 4107 1869 4154 ut

278 4193 640 4262 corrigantur,
670 4200 725 4246 et
764 4192 1025 4246 excitetur
1057 4206 1243 4247 eorum
1275 4190 1608 4260 philosophia
1639 4209 1652 4244 :
1677 4206 1866 4261 pecca-

280 4295 450 4339 torum
478 4293 653 4339 autem
674 4324 689 4348 ,
718 4298 943 4354 quorum
983 4284 1051 4338 sit
1080 4283 1298 4339 morbus
1316 4284 1733 4339 immedicabilis
1757 4326 1777 4351 ,ν
1806 4294 1865 4339 ιιι

280 4390 445 4446 usque
474 4375 539 4429 ad
568 4390 777 4445 paruam
808 4384 863 4429 ct
905 4376 1224 4446 supplicium
1272 4375 1629 4430 detineantur.
1666 4376 1862 4447 Singu—

278 4467 450 4521 lariter
472 4483 582 4521 sum
611 4483 723 4538 ego,
745 4467 904 4520 donec
933 4478 1202 4521 transeam.
1230 4467 1395 4533 Alius,
1420 4467 1590 4522 Simul
1609 4465 1860 4537 cgo'sum,

278 4557 435 4612 donec
451 4566 723 4610 transeam.
744 4557 909 4621 Alius,
934 4556 1001 4610 In
1018 4558 1253 4625 idipsum.
1280 4556 1390 4613 Hoc
1409 4567 1515 4628 est,
1531 4567 1860 4627 compactos,

276 4648 608 4717 coniunctus,
630 4662 735 4701 non
764 4646 1038 4717 dispersus
1066 4648 1190 4717 :ch
1220 4648 1510 4703 secundum
1538 4649 1860 4719 Septuagin-

276 4751 348 4807 ta,
368 4742 620 4797 liberatus
636 4756 665 4795 a
688 4741 860 4807 malis,
884 4756 1045 4811 purus
1070 4740 1367 4797 abillorum
1394 4742 1792 4812 congressione,
1807 4750 1861 4798 et

277 4840 544 4901 tamquam
580 4832 725 4887 solus
747 4832 991 4886 habitans
1022 4849 1035 4885 :
1064 4831 1205 4903 quod
1227 4832 1441 4902 quidem
1457 4841 1541 4888 est
1569 4832 1859 4888 maximum

274 4935 443 4990 genus
468 4922 699 4976 virtutis.
743 4922 860 4977 Non
893 4936 1000 4975 uno
1029 4932 1205 4977 autem
1251 4932 1341 4976 aut
1389 4922 1598 4978 duobus
1626 4924 1860 4979 tribusve

277 5012 465 5068 diebus
492 5013 595 5069 hoc
620 5010 779 5081 facit,
813 5015 906 5070 sed
938 5030 1034 5085 per
1064 5024 1226 5070 totam
1259 5018 1444 5071 vitam.
1478 5018 1589 5073 lloc
1632 5027 1715 5073 est
1742 5034 1859 5073 mu-

277 5116 387 5167 rus,
416 5103 516 5157 hoc
544 5105 991 5174 prepugnaculum
1012 5147 1027 5171 ,
1056 5103 1159 5161 hoc
1187 5108 1396 5162 virtutis
1425 5109 1812 5165 incrementum
1837 5151 1854 5177 ,

275 5194 445 5249 malos
460 5193 703 5293 .,Qgere,
732 5204 787 5251 et
828 5197 1106 5252 collectum
1136 5198 1276 5268 apud
1319 5213 1379 5254 se
1413 5202 1708 5256 consistere
1747 5211 1858 5259 toto

274 5288 395 5340 vitae
436 5288 690 5355 tempore,
741 5289 886 5343 etab
914 5288 979 5343 iis
1022 5291 1111 5359 qui
1150 5302 1529 5361 corrumpunt,
1555 5295 1856 5364 seiunctum

274 5374 534 5430 habitare.
565 5376 807 5432 Solitudo
856 5380 999 5433 enim
1049 5395 1153 5434 non
1204 5382 1329 5436 facit
1368 5398 1488 5439 esse
1537 5386 1733 5452 solum,
1762 5386 1856 5442 sed

273 5481 424 5523 mens
467 5483 586 5537 qum
626 5477 840 5524 tenetur
879 5485 1063 5527 amore
1109 5480 1163 5528 et
1207 5473 1384 5527 studio
1428 5474 1702 5543 sapientia:
1735 5494 1749 5531 :
1782 5477 1854 5533 ita

272 5555 429 5611 etiam
470 5558 559 5627 qui
588 5558 829 5615 habitant
857 5560 909 5615 in
940 5560 1127 5617 mediis
1158 5562 1375 5619 urbibus
1395 5605 1410 5631 ,
1441 5564 1568 5619 {oris
1590 5604 1607 5633 ,
1638 5576 1691 5621 et
1718 5577 1857 5624 stre-

318 5708 967 5793 tft.!*3ﬁl€ft§928£191u
991 5717 1240 5793 tantum.
1281 5722 1496 5793 εεοιιοῴ
1526 5724 1670 5785 iuxta
1704 5725 1847 5788 ειτη-

258 5772 1314 5855 méil'u‘;Ennianistam.Edition'sem
1342 5772 1582 5855 ρετιίηέι-

320 5831 390 5896 (ὁ)
424 5833 539 5884 Haec
564 5831 912 5901 interpretatio
948 5849 1023 5893 cst
1050 5843 1196 5906 juxta
1225 5831 1472 5909 Aquilam.

1368 425 1727 491 EXPOSI’I'IO
1764 423 1831 482 IN
1868 419 2191 481 PSkLMHM
2228 421 2407 480 ωειλ.

3480 414 3593 474 ω

1991 537 2210 607 pitihus,
2236 546 2487 609 poterunt
2502 551 2622 593 esse
2644 535 2942 608 singulares
2963 531 3225 598 homines,
3246 531 3371 591 dum
3392 546 3581 587 corru-

1992 641 2109 701 ptos
2137 641 2328 687 cattus,
2354 616 2675 702 fugiant,'et
2718 643 2777 685 se
2800 629 3067 698 iustorum
3107 624 3348 682 conciliis
3389 622 3585 694 adjun-

1988 731 2135 793 gant.
2165 722 2290 779 liceo
2339 731 2425 779 est
2479 723 2563 777 via
2609 736 2817 778 secura.
2873 720 2975 787 Qui
3020 734 3149 791 ergo
3203 725 3285 773 est
3339 716 3406 774 ad
3448 716 3585 775 alios

1988 813 2334 885 corrigendos
2362 813 2587 869 idoneus
2610 855 2628 880 ,
2658 828 2781 869 cum
2821 812 2887 868 iis
2918 820 3159 867 versetur
3186 809 3276 888 qui
3320 816 3447 866 sunt
3489 822 3582 861 suo

1987 905 2228 977 sceptori
2265 906 2605 971 medicinam,
2637 913 2691 960 et
2716 918 2812 960 eos
2838 902 3028 959 reddat
3058 900 3310 957 meliores
3336 915 3350 955 :
3381 898 3474 969 qui
3501 907 3584 954 est

1987 1008 2170 1055 autem
2210 998 2563 1066 imbecillior,
2611 997 2776 1068 fugiat
2812 996 3107 1067 improbos,
3132 1001 3197 1049 ut.
3232 992 3300 1047 ab
3344 990 3451 1046 illis
3486 989 3583 1045 da-

1989 1108 2172 1147 mnum
2213 1108 2320 1147 non
2342 1092 2585 1161 accipiat.
2615 1090 2687 1145 lla
2718 1100 2771 1146 et
2798 1097 3117 1160 prmsentem
3139 1087 3301 1144 vitam
3331 1093 3445 1140 tuto
3465 1093 3587 1154 aget

1986 1191 2041 1239 et
2083 1167 2315 1251 secure,
2344 1191 2401 1238 et
2441 1182 2581 1238 bona
2613 1181 2788 1236 futura
2814 1188 3173 1249 consequetur
3216 1193 3232 1231 :
3271 1192 3391 1249 qua:
3428 1174 3586 1229 detur

1987 1274 2142 1330 nobis
2166 1273 2415 1328 omnibus
2444 1272 2700 1343 consequi
2725 1313 2741 1338 ,
2770 1271 2935 1341 gratia
2964 1281 3019 1326 et
3051 1269 3332 1325 clementia
3372 1265 3586 1321 Domini

1987 1365 2157 1421 nostri
2183 1363 2312 1421 Jesu
2353 1363 2572 1429 Christi,
2604 1363 2691 1417 cui
2716 1362 2887 1432 gloria
2906 1372 2960 1417 et
2990 1359 3273 1431 imperium
3298 1401 3314 1426 ,
3343 1370 3489 1413 nunc
3534 1364 3589 1411 et

1985 1472 2219 1530 semper,
2246 1465 2303 1513 et
2323 1455 2379 1512 in
2405 1455 2600 1512 smeula
2619 1454 2964 1527 seculorum.
2986 1452 3179 1508 Amen.

2466 1565 2534 1622 IN
2571 1563 2898 1621 PSALMUM
2930 1562 3112 1620 CXLI.

1986 1682 2035 1737 l.
2091 1679 2223 1736 Voce
2266 1695 2377 1734 mea
2418 1678 2487 1732 ad
2528 1677 2802 1732 Dominum
2857 1674 3073 1731 διαπωυὶ
3096 1713 3114 1740 ,
3179 1688 3299 1728 uoca
3349 1687 3463 1725 mea
3514 1671 3583 1724 ad

2373 1769 2649 1825 Dominum
2698 1768 2997 1838 deprecatus
3047 1781 3180 1821 σωκ.

2055 1910 2108 1964 1.
2150 1908 2311 1964 Vides
2334 1905 2602 1978 quomodo
2626 1905 2822 1974 ubique
2871 1902 2973 1983 hoc
3006 1901 3153 1968 facit,
3194 1910 3251 1957 et
3280 1901 3405 1957 hinc
3429 1900 3577 1955 ducit

1983 2000 2284 2067 exordium,
2326 2008 2382 2055 et
2430 2000 2513 2055 bis
2553 1999 2640 2054 hic
2677 1997 2809 2053 dicit
2856 1995 2986 2053 Voce
3011 2005 3065 2051 et
3100 1995 3274 2050 Voce?
3322 1994 3436 2050 Hoc
3482 2008 3580 2049 au-

1985 2102 2092 2148 tem
2134 2106 2241 2146 non
2289 2092 2385 2147 abs
2430 2107 2491 2146 re
2544 2089 2691 2155 facit,
2737 2088 2833 2144 sed
2882 2097 2940 2143 ut
2976 2102 3072 2158 per
3114 2086 3259 2142 illam
3298 2086 3579 2156 repetitio-

1982 2199 2103 2240 nem
2146 2183 2263 2239 hacc
2301 2182 2409 2238 duo
2456 2196 2555 2237 nos
2598 2181 2808 2246 doceat,
2860 2188 2915 2237 et
2955 2194 3220 2235 summam
3267 2178 3429 2233 animi
3471 2178 3583 2232 ala-

1980 2276 2247 2341 critatem,
2270 2287 2325 2331 et
2349 2284 2607 2331 attentam
2638 2284 2870 2330 mentem
2904 2290 2917 2326 :
2943 2281 3206 2344 prretcrea.
3226 2281 3404 2327 autem
3426 2287 3580 2327 suam

1980 2382 2102 2423 esse
2151 2382 2358 2423 vocem.
2400 2366 2514 2421 Non
2560 2366 2705 2421 enim
2747 2378 2936 2419 omnes
2985 2378 3121 2420 voce
3170 2363 3582 2430 clamant,'nec

1979 2458 2047 2513 ad
2104 2458 2307 2527 Deum,
2364 2473 2462 2512 nec
2500 2471 2634 2513 voce
2675 2456 2911 2527 propria.
2959 2454 3189 2526 Oportet
3238 2464 3416 2509 autem
3467 2456 3582 2510 hmc

1980 2526 2549 2605 omnia'concurrere.
2598 2547 2700 2616 Qui
2742 2547 2941 2602 clamat
2992 2545 3248 2601 adversus
3294 2544 3577 2611 inimicos,

1979 2656 2087 2696 non
2122 2639 2232 2695 edit
2276 2655 2460 2696 vocem
2491 2637 2745 2703 hominis,
2793 2636 2886 2693 sed
2932 2636 3059 2693 ferte
3084 2645 3138 2692 et
3164 2635 3449 2707 serpentis.
3473 2634 3576 2703 Qui

1978 2740 2061 2788 est
2112 2732 2410 2803 negligens,
2443 2740 2500 2787 et
2539 2746 2645 2785 non
2690 2729 2837 2785 audit
2882 2744 3001 2801 qua:
3047 2729 3197 2794 dicit,
3248 2743 3353 2783 non
3384 2728 3583 2783 clamat

1978 2823 2045 2879 ad
2093 2825 2279 2889 Deum,
2312 2821 2409 2878 sed
2440 2821 2798 2892 nequidquam
2833 2835 2897 2876 ac
2946 2831 3148 2875 temere
3177 2819 3433 2891 loquitur.
3475 2818 3581 2887 Qui

1978 2926 2214 2973 mentem
2279 2933 2391 2973 non
2430 2919 2663 2985 excitat,
2721 2917 2822 2973 etsi
2861 2917 3016 2972 valde
3067 2915 3429 2983 vociferetnr,
3489 2914 3577 2971 hic

1978 3025 2164 3065 rursus
2213 3026 2319 3065 non
2365 3004 2581 3066 clamat.
2630 3011 2743 3066 Vox
2788 3011 2953 3076 enim,
3003 3018 3060 3065 ut
3097 3010 3207 3080 jam
3250 3024 3395 3079 sa‘pe
3439 3009 3573 3075 dixi,

1975 3115 2082 3157 non
2121 3101 2383 3170 signiﬁcat
2415 3102 2635 3171 spiritus
2662 3111 2868 3168 tonum,
2901 3100 2996 3157 scd
3024 3109 3254 3156 mentem
3282 3100 3571 3155 intensatn.

1974 3197 2045 3249 At
2082 3192 2172 3248 hic
2204 3210 2310 3248 non
2354 3194 2466 3260 sic;
2508 3194 2604 3249 sed
2645 3193 2760 3250 haec
2791 3194 2887 3248 tria
2933 3192 3091 3247 simul
3124 3187 3339 3261 colligit,
3385 3200 3572 3248 osten-

1975 3285 2053 3339 dit
2087 3300 2146 3339 se
2182 3296 2235 3340 et
2270 3299 2404 3339 voce
2449 3284 2705 3348 clamare,
2736 3293 2791 3339 et
2834 3283 2901 3338 ad
2949 3284 3138 3347 Deum,
3191 3291 3246 3338 et
3284 3297 3417 3338 voce
3442 3298 3572 3353 pro-

1977 3376 2129 3443 pria,
2164 3384 2233 3430 “et
2272 3373 2394 3429 ideo
2443 3374 2527 3429 bis
2572 3374 2722 3441 dicit,
2784 3372 2920 3428 Voce
2970 3390 3080 3428 mea
3136 3383 3189 3428 ct
3248 3372 3379 3427 Voce
3434 3389 3568 3428 mea.

1973 3464 2028 3518 2.
2060 3463 2284 3530 E/Tundo
2313 3465 2366 3518 in
2394 3474 2660 3536 conspectu
2688 3470 2797 3536 ejus
2836 3465 3116 3519 orationem
3168 3479 3351 3529 meam,
3392 3473 3438 3518 et
3480 3464 3571 3517 tri-

1976 3557 2280 3611 bulationem
2316 3574 2482 3611 meam
2528 3568 2644 3612 ante
2672 3559 2837 3625 ipsum
2876 3558 3201 3613 annuutiabo.
3235 3556 3425 3613 Vidisti
3453 3556 3567 3612 ani:-

1974 3661 2135 3702 mutn'
2162 3647 2387 3703 liberum
2432 3647 2501 3703 ab
2539 3649 2788 3704 omnibus
2834 3664 2953 3720 quae
2974 3649 3039 3705 ad
3072 3648 3208 3704 hanc
3249 3649 3411 3703 vitam
3444 3663 3567 3718 per-

1976 3739 2188 3795 tinenti
2252 3739 2436 3810 Neque
2469 3743 2617 3797 enim
2654 3740 2890 3813 confugit
2920 3742 2986 3797 ad
3017 3742 3296 3811 homines,
3352 3755 3452 3797 nec
3496 3742 3567 3796 ab

1972 3828 2052 3885 eis
2101 3828 2253 3898 petiit
2276 3831 2555 3896 auxilium,
2600 3832 2695 3888 sed
2743 3847 3031 3901 supernam
3079 3846 3259 3903 opem,
3310 3846 3429 3901 quae
3469 3848 3565 3887 ex-

1974 3922 2207 3994 pugnari
2256 3938 2363 3979 non
2410 3931 2619 3994 potest,
2670 3924 2895 3994 rogavit.
2944 3923 3145 3979 Deinde
3192 3924 3461 3978 intensum
3511 3930 3567 3978 et

1972 4013 2344 4072 vehementem
2373 4006 2537 4070 animi
2568 4014 2852 4082 fervorem,
2882 4030 3039 4085 quem
3071 4014 3213 4070 intus
3241 4006 3569 4065 habuitabs-

1974 4105 2247 4161 conditum
2279 4146 2294 4172 ,
2325 4105 2615 4163 ostendens
2641 4122 2735 4177 per
2781 4106 2919 4163 hanc
2945 4121 3128 4162 vocem
3150 4146 3167 4173 ,
3200 4104 3445 4174 Eﬂ'undo,
3475 4105 3561 4161 iu-

1970 4198 2104 4268 quit,
2132 4197 2344 4253 abunde
2368 4214 2430 4253 ac
2455 4199 2695 4269 copiose.

2042 4288 2340 4360 Aﬁlictionis
2384 4288 2650 4343 commoda
2690 4288 2812 4342 duo.
2842 4318 2912 4328 —
2939 4287 3074 4344 Hinc
3114 4290 3276 4345 etiam
3307 4287 3562 4345 discimus

1968 4380 2288 4437 ai‘ﬁictiones
2316 4397 2421 4437 non
2454 4397 2639 4453 parum
2665 4382 2911 4438 conferre
2932 4380 2999 4437 ad
3025 4382 3432 4454 philosophiam.
3465 4382 3560 4438 Hic

1967 4481 2051 4528 cst
2092 4473 2239 4527 enim
2269 4472 2473 4528 fructus
2500 4472 2802 4528 afﬁictionis
2831 4492 2846 4529 :
2880 4487 3038 4529 nemo
3078 4488 3207 4545 ergo
3258 4474 3427 4544 ipsam
3476 4475 3561 4529 lu-

1966 4564 2095 4633 giat.
2147 4563 2262 4618 Duo
2306 4564 2449 4618 enim
2483 4563 2640 4619 habet
2662 4564 2775 4619 haac
2798 4564 3081 4619 commoda
3108 4582 3121 4617 :
3152 4581 3314 4620 unum
3344 4565 3559 4635 quidem

1966 4654 2107 4725 quod
2138 4654 2328 4710 reddat
2354 4655 2702 4711 studiosiores
2729 4664 2781 4710 et
2804 4656 3117 4713 attentiores
3148 4671 3162 4709 :
3192 4656 3422 4712 alterum
3464 4674 3559 4713 au-

1966 4754 2098 4812 tem,
2130 4745 2272 4816 quod
2302 4761 2365 4801 ea
2396 4762 2607 4815 quoque
2632 4746 2775 4815 jusla
2802 4756 2885 4801 est
2912 4761 3104 4813 causa,
3156 4757 3213 4802 ut
3256 4748 3556 4805 audiamur.

1965 4836 2032 4891 Et
2059 4838 2179 4891 ideo
2209 4852 2315 4891 unn
2357 4836 2511 4899 dixit,
2561 4836 2825 4891 Justitiam
2854 4852 3052 4903 meam,
3096 4854 3217 4907 nec,
3270 4838 3381 4894 Mea
3414 4848 3560 4897 recte

1966 4929 2125 4996 facta,
2175 4929 2292 4995 sed,
2349 4928 2518 4984 Meam
2566 4930 2904 5000 amictianem,
2954 4945 3148 5001 nempe
3189 4931 3416 5002 quodea
3450 4949 3557 4988 non

1966 5035 2188 5090 parvum
2214 5020 2399 5074 aﬂ'crat
2426 5020 2502 5074 illi
2534 5020 3184 5089 patrocinium.Quocirca
3212 5021 3342 5079 dicit
3368 5022 3555 5091 Isaias,

1963 5114 2320 5168 Adltortamini
2344 5112 2441 5183 (a),
2489 5112 2652 5183 inquit
2696 5112 2857 5182 Deus,
2908 5114 3154 5185 populum
3189 5132 3378 5185 meum,
3399 5134 3558 5173 sacer-

1963 5205 2136 5270 dotes;
2181 5204 2446 5276 loquimini
2499 5204 2568 5258 ad
2609 5221 2695 5259 cor
2716 5203 3034 5272 Jerusalem,
3073 5207 3312 5277 quoniam
3340 5210 3560 5279 suscepit

1963 5297 2026 5351 de
2050 5314 2205 5351 manu
2226 5296 2433 5352 Domini
2465 5296 2691 5367 duplicia
2726 5308 2932 5367 peccata
2960 5315 3052 5353 sua
3098 5297 3252 5371 (Isai.
3280 5299 3373 5356 ιο.
3400 5302 3450 5356 Ι.
3473 5300 3555 5372 9-).

1965 5388 2027 5442 Et
2073 5388 2267 5443 Paulus
2295 5406 2308 5442 :
2340 5386 2549 5441 Tradite
2585 5387 2717 5441 hunc
2762 5387 3015 5443 hominem
3043 5400 3259 5457 satana,
3314 5392 3383 5445 ad
3427 5392 3559 5447 inte-

1960 5478 2115 5531 ritum
2156 5479 2344 5543 carnis,
2377 5487 2432 5532 ut
2456 5478 2662 5549 spiritus
2700 5479 2766 5533 sit
2795 5479 2966 5534 salvus
3016 5480 3095 5551 (1.
3129 5479 3251 5537 Cor.
3281 5482 3337 5539 δ.
3363 5482 3445 5553 5).
3490 5484 3561 5541 Et

2020 5654 2095 5718 (a)
2128 5662 2179 5706 tn
2194 5662 2374 5715 Graeco,
2398 5669 2651 5718 πιμλιιτι.
2678 5664 2807 5707 Hanc
2845 5671 3015 5708 vocem
3047 5667 3258 5712 Grecam
3290 5665 3558 5717 Gentisnus

1958 5716 2201 5782 ttervetus
2235 5719 2407 5782 vertit,
2448 5716 2790 5782 adhortamini.
2826 5719 3129 5773 Vertendum
3166 5736 3306 5782 sane,
3344 5716 3557 5777 cm

1958 5778 2656 5853 mini,secundumqlectionem
2678 5782 2976 5853 Hebraicam,
3015 5789 3170 5840 του.
3213 5778 3557 5853 Verumchry-

1962 5858 2201 5901 sostomus
2224 5852 2301 5900 hic
2316 5851 2597 5902 adhortandi
2614 5851 3017 5914 signiﬁcationem
3033 5859 3317 5918 respexisse
3339 5851 3555 5913 videtur.
