4222 6448
641 418 747 476 443

643 531 709 587 ad
734 528 1035 586 Corinthios
1059 525 1320 591 scribens,
1372 524 1583 578 dicebat
1632 539 1645 574 :
1686 510 1971 591 Propterea
1998 517 2142 571 multi
2169 517 2223 571 in

644 624 779 678 vobis
811 618 1001 688 inﬁrmi
1026 626 1143 671 sunt
1175 626 1221 669 et
1267 613 1525 681 imbecilli,
1575 622 1622 665 et
1669 612 1924 665 dormiunt
1958 608 2122 663 multi.
2168 606 2229 662 Si

638 715 774 765 enim
801 726 891 764 nos
920 710 1059 780 ipsos
1101 707 1513 777 dijudicaremus,
1564 719 1664 758 non
1680 702 2048 774 judicaremur.
2075 698 2230 753 ludi-

642 805 744 857 cati
797 810 966 854 autem
997 817 1028 852 a
1053 797 1272 852 Domino
1303 798 1627 866 castigantur,
1669 810 1732 849 ne
1755 810 1871 848 cum
1892 792 2080 845 mundo
2104 806 2228 844 con-

643 896 935 950 demnemur
961 893 1035 961 (i.
1067 890 1186 947 Cor.
1219 891 1305 945 Η.
1337 890 1445 946 30-
1466 888 1578 959 32).
1609 888 1778 943 Porro
1816 886 1968 942 diviti
2018 883 2229 939 dicebat

641 986 909 1043 Abraham
936 1002 948 1038 :
981 983 1231 1053 Recepisti
1259 984 1388 1036 bona
1425 992 1510 1034 tua
1552 982 1605 1034 in
1643 981 1743 1033 vita
1772 989 1879 1047 tua,
1913 987 1960 1033 et
1998 976 2228 1031 Lazarus

642 1075 778 1131 mala
805 1091 901 1129 sua
927 1090 946 1128 :
971 1084 1015 1128 et
1051 1089 1186 1127 nunc
1233 1074 1314 1125 Itic
1341 1072 1539 1140 quidem
1580 1070 1974 1125 consolationem
2020 1068 2224 1138 accipit,

642 1178 696 1221 tu
725 1183 840 1221 vero
872 1167 1112 1221 cruciaris
1163 1163 1309 1233 (Luc.
1343 1164 1426 1217 l6.
1459 1162 1570 1233 ‘25).
1612 1160 1727 1217 Jam
1754 1176 1878 1215 vero
1900 1158 2064 1213 David
2092 1173 2226 1228 quo-

642 1274 767 1331 que,
799 1274 922 1314 cum
968 1259 1017 1313 ei
1046 1256 1388 1311 malediceret
1407 1254 1606 1316 Semei,
1657 1252 1865 1307 dicebat
1894 1269 1906 1305 :
1940 1249 2067 1305 Sine
2112 1265 2227 1325 eum

644 1352 770 1406 mihi
808 1350 1135 1413 maledicere,
1174 1347 1413 1417 quoniam
1458 1343 1596 1399 Deus
1634 1344 1680 1397 ei
1730 1342 2024 1407 mandavit,
2054 1348 2109 1393 ut
2149 1340 2225 1392 ri-

643 1443 779 1499 deret
821 1458 982 1497 meant
1024 1440 1355 1495 humilitatem
1401 1438 1475 1507 (2.
1509 1436 1636 1509 Reg.
1689 1435 1775 1491 16.
1803 1437 1897 1491 11.
1932 1434 2044 1505 12).
2080 1434 2145 1488 Et
2172 1434 2223 1487 in

639 1534 929 1605 Scripturis
972 1533 1168 1603 ubique
1220 1531 1557 1594 invenimus,
1606 1542 1702 1583 eos
1753 1528 1841 1597 qui
1909 1526 2221 1581 aiﬂictiones

642 1625 820 1681 ferunt
862 1633 1017 1694 grato
1051 1630 1105 1678 et
1150 1622 1369 1693 patienti
1417 1622 1634 1686 animo,
1678 1634 1782 1673 non
1843 1616 2014 1673 Solum
2061 1616 2224 1671 multa

646 1725 861 1786 peccata
890 1713 1116 1780 diluere,
1146 1712 1241 1768 sed
1285 1712 1443 1767 etiam
1486 1726 1590 1765 non
1624 1724 1839 1779 parram
1888 1707 2044 1777 apud'
2058 1706 2224 1761 Deum

644 1804 913 1871 Ilduciam,
946 1813 998 1859 et
1022 1801 1270 1873 loquendi
1291 1801 1586 1856 libertatem
1615 1799 1877 1855 obtinere.
1920 1798 1974 1852 4.
2003 1796 2070 1850 In
2095 1796 2224 1864 deﬁ-

639 1896 818 1951 cientia
844 1910 907 1949 ea:
932 1911 1010 1949 me
1038 1898 1273 1963 spiritum
1302 1907 1484 1956 meum,
1526 1900 1574 1943 et
1611 1899 1665 1943 tu
1705 1888 1979 1959 cognovisti
2024 1886 2227 1941 semitas

640 2003 796 2043 meas.
846 1986 1070 2055 Quando
1096 1986 1184 2056 qui
1214 1993 1339 2041 sunt
1387 1984 1440 2039 in
1483 1984 1673 2053 primis
1718 1982 1891 2052 pusilli
1937 1990 1991 2035 et
2030 1980 2223 2050 ahjecti

641 2080 826 2146 animi,
867 2077 1171 2143 concidunt,
1203 2085 1257 2131 et
1282 2076 1435 2131 multi
1474 2076 1632 2131 etiam
1654 2072 1794 2129 mala
1812 2071 1973 2128 verba
1999 2074 2225 2141 loquun-

641 2182 725 2225 tur
767 2190 782 2225 :
829 2171 874 2226 is
926 2179 1050 2225 tunc
1104 2168 1333 2223 maxime
1369 2165 1788 2238 philosophatur,
1836 2174 1896 2219 ut
1934 2164 2023 2236 qui
2065 2161 2224 2218 studii

642 2261 946 2331 magistram
974 2259 1164 2314 habeat
1186 2257 1551 2313 afﬂictionem.

710 2348 1005 2425 Aﬁlictionis
1029 2351 1255 2419 effectus.
1286 2380 1358 2392 —-
1384 2349 1608 2419 Quando
1646 2363 1774 2420 ergo
1809 2348 2005 2405 videris
2038 2361 2227 2419 quem-

641 2444 779 2513 piam
822 2459 889 2497 ex
916 2441 1203 2497 afﬂictione
1232 2440 1629 2511 desperantem,
1657 2451 1745 2494 aut
1770 2439 1988 2495 verbum
2011 2437 2225 2507 aliquod

638 2535 893 2591 acerbum
921 2534 1328 2603 proloquentem
1372 2548 1385 2584 :
1434 2547 1500 2586 ne
1530 2531 1585 2585 in
1616 2544 1773 2585 causa
1804 2544 1926 2586 esse
1951 2516 2225 2584 existimes

639 2626 1001 2689 afﬂictionem,
1045 2623 1138 2679 sed
1170 2623 1421 2694 pusillum
1451 2622 1568 2691 ejus
1587 2620 1678 2691 qui
1704 2620 1937 2690 loquitur
1963 2618 2221 2673 animum.

642 2716 958 2771 Amictionis
983 2716 1126 2770 enim
1152 2722 1337 2769 natura
1374 2712 1512 2768 solet
1549 2710 1766 2767 efﬁcere
1806 2710 2094 2777 contraria,
2137 2719 2223 2763 at-

642 2809 971 2874 tentionem,
1017 2806 1181 2861 animi
1218 2804 1613 2869 eontritionem,
1658 2802 1914 2858 intentam
1962 2811 2220 2869 mentem,

640 2900 850 2972 pictatis
920 2900 1326 2953 incrementum.
1391 2896 1653 2965 Quocirca
1718 2894 1929 2950 dicebat
1977 2893 2220 2949 Paulus:

640 2992 851 3064 Amictio
894 2993 1187 3062 patientiant
1237 3000 1506 3061 operatur,
1560 2988 1803 3059 patientia
1874 2986 2222 3057 probatibnem

641 3087 817 3157 (Rom.
859 3086 910 3142 5.
944 3084 1023 3159 5).
1076 3084 1133 3140 Si
1182 3096 1357 3138 autem
1385 3082 1554 3138 Judaei
1585 3080 1766 3135 afﬂiCti
1797 3080 2220 3146 murmurabant,

641 3194 747 3233 non
792 3177 1119 3242 al'llictionis,
1168 3176 1261 3231 sed
1307 3175 1515 3229 illorum
1561 3173 1808 3228 amentia:
1856 3181 2010 3227 erant
2062 3173 2221 3226 verba

640 3269 1075 3325 niurmurationis
1123 3286 1137 3322 :
1167 3265 1591 3337 quandoquidem
1622 3265 1787 3319 sancti
1817 3279 1938 3319 cum
1976 3262 2222 3334 aﬂligun-

641 3374 748 3427 tur,
800 3360 1032 3415 evadunt
1071 3358 1354 3425 clariores,
1401 3366 1455 3413 et
1502 3358 1774 3427 sapientiae
1824 3356 2001 3411 studio
2050 3355 2219 3426 magis

640 3452 828 3509 dediti.
873 3452 1130 3519 Quocirca
1161 3451 1273 3521 ipse
1311 3462 1522 3519 quoque
1555 3447 1763 3503 diccbat
1793 3465 1807 3503 :
1834 3447 2031 3501 Bonum
2073 3448 2220 3514 mihi,

642 3546 875 3611 Domine,
914 3544 1050 3616 quod
1077 3543 1356 3597 humiliain
1382 3558 1478 3610 me,
1527 3553 1582 3596 ut
1606 3543 1800 3596 discam
1832 3543 2223 3613 justiﬁcationes

641 3636 947 3707 tuasll’sal.
981 3635 1103 3690 H8.
1135 3632 1245 3705 7i).
1285 3633 1355 3688 Et
1385 3633 1578 3688 Paulus
1606 3652 1618 3687 :
1653 3632 1719 3687 Et
1745 3645 1950 3704 propter
1976 3634 2222 3703 ingentem

642 3728 1039 3800 magnitudinem
1065 3726 1444 3793 reoelationum,
1485 3742 1549 3779 ne
1576 3727 1725 3780 nimis
1759 3727 2044 3791 extolleret,
2076 3726 2222 3779 datus

632 3829 714 3891 est
756 3820 877 3873 mihi
928 3819 1162 3873 stimulus
1201 3818 1369 3871 carnis
1403 3818 1609 3888 angelus
1647 3828 1858 3881 satante,
1904 3818 1990 3887 qui
2025 3832 2104 3869 nte
2138 3832 2221 3869 co.

642 3911 878 3980 lapltizet.
940 3906 1043 3963 Pro
1075 3924 1131 3963 eo
1172 3917 1244 3963 ter
1273 3907 1545 3961 Dominum
1585 3909 1778 3978 rogavi,
1827 3918 1873 3961 et
1900 3909 2029 3961 dixit
2054 3908 2176 3961 milii
2206 3923 2224 3960 :

645 4005 845 4075 Suﬂicit
874 4004 962 4055 tibi
1001 4003 1164 4069 gratia
1187 4018 1295 4055 mea
1328 4016 1347 4054 :
1375 4001 1531 4055 virtus
1559 4000 1690 4053 enim
1716 4016 1823 4053 mea
1850 4001 1902 4052 in
1932 4000 2225 4069 inﬁrmitate

647 4095 925 4165 perﬁcitur.
959 4091 1025 4145 Et
1065 4093 1176 4145 ideo
1203 4092 1322 4144 milii
1354 4092 1527 4159 placeo
1556 4091 1607 4143 in
1636 4089 2005 4159 afﬂictionibus,
2048 4091 2099 4143 in
2138 4092 2223 4143 in-

643 4184 979 4254 ﬁrmitatibus,
1029 4183 1083 4236 in
1133 4181 1611 4254 persequulionibus.
1661 4179 1878 4243 Quando
1904 4182 2035 4235 enim
2080 4181 2224 4249 inﬁr-

643 4292 771 4341 mor,
812 4285 926 4329 tunc
958 4284 1130 4342 potens
1158 4290 1267 4327 sum
1310 4273 1385 4342 ('2.
1423 4271 1539 4327 Cor.
1578 4272 1661 4326 19..
1693 4272 1871 4340 7-10).
1917 4272 2076 4326 Vides
2101 4286 2221 4326 eum

644 4368 811 4438 magis
834 4366 1054 4421 excitari
1086 4366 1137 4418 in
1164 4363 1467 4428 afﬂictione,
1522 4373 1575 4417 et
1602 4362 1666 4415 ad
1710 4364 1871 4416 Deum
1911 4362 2220 4431 confugere,

646 4471 701 4515 et
726 4461 774 4514 ei
804 4458 968 4512 multo
1008 4456 1376 4511 vehementius
1420 4456 1693 4509 adita-rere
1724 4456 1775 4507 in
1805 4455 1919 4523 ipso
1962 4454 2225 4523 profundo

646 4552 907 4606 malorum
959 4549 1101 4618 (hoc
1129 4548 1271 4601 enim
1302 4547 1401 4600 sibi
1436 4547 1549 4601 vult
1578 4546 1724 4611 illud,
1750 4544 1818 4599 In
1848 4547 2126 4614 deﬁciendo
2165 4562 2227 4601 ea:

645 4661 725 4698 me
764 4642 998 4713 spiritum
1038 4639 1265 4709 meum),
1310 4651 1365 4695 et
1406 4649 1529 4694 tunc
1553 4638 1939 4709 diligentiorem
1963 4648 2016 4693 et
2042 4639 2227 4693 melio-

645 4752 756 4790 rem
792 4732 975 4789 efﬁci?
1022 4731 1156 4786 illud
1200 4741 1401 4798 autem,
1463 4730 1530 4784 Et
1586 4740 1641 4783 tu
1695 4731 1968 4801 cognovisti
2025 4732 2227 4785 semitas

646 4842 800 4892 meas,
838 4826 975 4880 alius
1016 4826 1278 4895 interpres
1320 4824 1399 4895 (a)
1434 4824 1582 4889 dixit,
1621 4823 1696 4876 Tu
1732 4825 1864 4878 enim
1907 4825 2022 4878 scis.
2057 4822 2124 4877 In
2149 4824 2227 4877 uia

646 4921 780 4981 hac,
840 4932 939 4988 qua
997 4916 1332 4982 antbulabam,
1380 4916 1750 4970 absconderant
1806 4919 2039 4985 laqueum
2083 4916 2225 4969 mihi.

645 5011 699 5066 5.
749 4994 1139 5063 considerabam
1177 5009 1244 5061 ad
1282 5010 1575 5072 dexteram,
1635 5016 1679 5061 et
1729 5009 1954 5062 uidebam
1996 5024 2014 5062 :
2054 5019 2099 5061 et
2129 5026 2229 5062 non

647 5109 754 5154 erat
792 5099 877 5169 qui
905 5107 1217 5169 cognosceret
1257 5114 1354 5151 me.
1384 5099 1480 5152 ilic
1525 5099 1758 5165 ostendit
1786 5100 2051 5170 ingentem
2083 5102 2229 5154 cala-

652 5193 912 5253 mitatem,
940 5201 995 5245 ct
1028 5190 1165 5244 mala
1212 5190 1549 5259 ampliﬁcata,
1607 5189 1943 5260 hosﬁumquc
1990 5191 2224 5254 insidias,

649 5282 916 5352 quomodo
966 5285 1109 5350 prius
1142 5289 1502 5347 accesserunt,
1545 5280 1782 5334 volentes
1826 5295 1946 5335 eum
1997 5294 2231 5351 prosxer-

652 5389 820 5441 nere;
854 5373 1070 5443 etquod
1101 5381 1184 5427 est
1212 5372 1448 5426 omnium
1484 5372 1874 5440 gravissimum,
1929 5389 2031 5426 non
2074 5372 2232 5427 modo

651 5465 781 5520 nulli
829 5472 981 5519 erant
1024 5463 1154 5518 socii
1197 5471 1289 5516 aut
1329 5462 1620 5531 adjutores,
1662 5462 1757 5516 sed
1786 5478 1989 5516 neeum
2017 5464 2231 5534 quidem

651 5557 1070 5630 agnoscebant‘.

724 5648 781 5705 3.
821 5646 1139 5703 Calamitosis
1164 5646 1312 5719 pauci
1340 5646 1543 5700 adsunt.
1597 5674 1667 5684 —-
1714 5645 1826 5699 Hoc
1870 5654 1953 5700 est
2005 5647 2232 5702 maxima

722 5788 736 5815 ³
774 5791 917 5844 Unus,
944 5784 1028 5835 sed
1053 5794 1145 5831 non
1166 5786 1287 5837 erat,
1313 5779 1481 5843 inquit.
1508 5779 1591 5842 qui
1614 5793 1685 5830 me
1709 5792 1982 5841 agnosceret

720 5848 795 5908 (a)
830 5852 1075 5898 tnterores
1096 5845 1171 5895 hic
1189 5850 1487 5893 memoratus
1510 5850 1586 5892 est
1610 5845 1929 5906 symmasbus.

1346 412 1402 467 S.
1443 407 1719 465 JOANNIS
1754 402 2230 462 CHRYSOSTOMI
2272 402 2582 461 AliClllEP.
2624 403 3161 463 CONSTANTINOP.

3813 409 3925 464 iii

2335 515 2590 581 solitudo,
2638 530 2846 571 summa
2891 515 3166 572 derelictio
3219 534 3232 570 :
3285 523 3368 572 est
3412 517 3555 573 enim
3609 532 3931 588 paucorum,

2336 607 2526 665 adesse
2569 608 2623 664 in
2667 607 3079 675 calamitatibus,
3127 617 3182 664 et
3223 623 3379 678 opem
3410 609 3569 673 ferre,
3597 622 3653 664 et
3689 614 3935 666 maxime.

2321 693 2550 768 quando
2578 699 2908 754 calamitates
2951 699 3222 754 minantur
3257 699 3507 770 pericula.
3554 700 3657 755 Sed
3690 700 3787 755 hoc
3817 715 3924 755 ιιωι

2336 789 2498 844 modo
2528 805 2648 845 eum
2677 804 2782 845 non
2815 790 2973 855 laesit,
3022 790 3117 845 sed
3147 792 3308 845 etiam
3352 790 3501 846 valde
3542 792 3697 864 juvit,
3750 792 3820 846 ita
3867 805 3929 845 nt

2334 895 2455 935 eum
2506 882 2614 937 Deo
2658 879 2976 935 familiarem
3022 879 3230 936 fecerit.
3265 881 3329 935 Et
3370 892 3421 935 tu
3468 897 3615 951 ergo,
3648 896 3681 935 o
3709 881 3925 948 dilecte,

2334 973 2548 1043 quando
2586 972 2783 1028 videris
2811 973 2946 1027 mala
2972 988 3235 1039 crescere,
3269 988 3337 1027 ne
3376 974 3646 1041 concidas,
3680 990 3777 1029 nec
3801 974 3926 1027 sni-

2334 1078 2480 1118 mum
2523 1063 2761 1134 aisjieias,
2812 1064 2906 1119 sed
2944 1064 3024 1119 ‘sis
3070 1065 3289 1134 gnavior
3326 1075 3380 1120 et
3408 1065 3728 1134 vigilantior.
3766 1065 3928 1120 Deus

2337 1157 2480 1210 enim
2513 1155 2633 1210 ideo
2660 1157 2921 1225 permittit
2953 1172 3013 1210 ea
3043 1157 3194 1221 oriri,
3228 1169 3281 1210 ul
3308 1169 3451 1211 tuam
3483 1159 3715 1213 excutiat
3739 1173 3920 1212 socor-

2337 1244 2501 1309 diam,
2537 1255 2591 1299 ut
2620 1256 2670 1301 te
2694 1247 3075 1302 dormitantem
3104 1248 3323 1302 excitet.
3366 1247 3516 1303 Tunc
3544 1250 3683 1302 enim
3713 1250 3921 1304 exscin-

2336 1334 2533 1391 duntur
2575 1339 2752 1392 omnia
2797 1353 3213 1407 supervacanea,
3265 1348 3391 1393 tunc
3447 1341 3625 1394 omnia
3678 1354 3796 1411 quae
3851 1341 3923 1394 ad

2338 1426 2476 1481 hanc
2516 1438 2753 1482 nostram
2803 1430 2963 1483 vitam
3013 1432 3281 1499 pertinent
3321 1430 3623 1499 exspirant,
3682 1441 3807 1486 tunc
3868 1431 3922 1484 in

2338 1517 2581 1573 oratione
2626 1519 2799 1573 evadit
2836 1521 2953 1590 quis
2990 1521 3318 1591 diligentior,
3362 1530 3487 1575 tunc
3526 1520 3595 1575 ad
3620 1522 3920 1593 eleemosy-

2332 1622 2454 1662 nam
2503 1619 2557 1663 et
2607 1610 2675 1663 ad
2724 1612 2926 1665 ventris
2981 1610 3381 1682 despicientiam
3432 1615 3490 1666 lit
3530 1614 3792 1680 alacrior,
3867 1626 3922 1669 et

2331 1704 2747 1774 unumquodque
2770 1705 2933 1759 animi
2962 1706 3143 1760 vitium
3176 1707 3328 1760 facile
3356 1716 3654 1775 superatur,
3684 1705 3920 1776 fugatum

2332 1795 2401 1850 ab
2446 1795 2755 1851 afﬂictione.
2804 1797 2985 1867 Neque
3026 1799 3167 1854 enim
3198 1799 3266 1853 ab
3296 1798 3446 1853 initio
3477 1810 3533 1851 ut
3563 1813 3658 1853 nos
3687 1797 3919 1868 puniret,

2335 1885 2623 1955 impiieavit
2660 1902 2759 1941 nos
2797 1888 3067 1943 laboribus
3116 1896 3172 1943 et
3225 1888 3658 1957 a'gritudinibus,
3707 1890 3916 1943 etiamsi

2333 1977 2403 2031 ita
2456 1979 2827 2047 pronuntiarit,
2891 1988 2947 2033 ut
2992 1978 3236 2049 supplicii
3286 1980 3403 2034 loco
3448 1979 3688 2047 haberet,
3715 1981 3811 2035 sed
3861 1991 3921 2035 ut

2331 2084 2431 2124 nos
2454 2072 2761 2141 castigaret,
2790 2082 2845 2126 et
2873 2072 3123 2127 meliores
3153 2071 3423 2127 redderet.
3466 2071 3521 2126 Si
3543 2073 3683 2126 enim
3715 2088 3837 2127 cum
3868 2083 3921 2127 et

2330 2161 2484 2216 dolor
2510 2163 2803 2230 immineat,
2833 2174 2888 2219 et
2928 2145 3032 2218 vita
3061 2164 3129 2218 sit
3155 2163 3438 2228 laboriosa,
3471 2163 3606 2227 adeo
3637 2164 3917 2221 invalescit

2330 2251 2515 2306 vitium
2546 2270 2560 2307 :
2592 2253 2635 2307 si
2680 2254 2813 2307 nihil
2861 2264 3003 2309 esset
3046 2254 3259 2319 horum,
3288 2270 3393 2325 quo
3422 2254 3633 2309 tandem
3658 2269 3763 2309 non
3795 2270 3921 2325 pro-

2328 2342 2618 2398 cessisset?
2648 2342 2717 2397 Et
2739 2344 2863 2414 quid
2909 2345 3141 2411 miraris,
3184 2344 3229 2399 si
3280 2345 3348 2398 ita
3376 2345 3540 2399 estin
3569 2346 3771 2412 animo,
3800 2360 3921 2400 eum

2329 2432 2492 2500 etiam
2518 2435 2570 2487 in
2596 2436 2911 2505 corporibus
2936 2436 3005 2489 sit
3032 2436 3227 2490 bonum
3269 2433 3508 2503 afﬂictio,
3532 2446 3587 2492 et
3612 2451 3771 2507 supra
3801 2452 3919 2492 mo-

2329 2522 2455 2577 dum
2486 2523 2691 2579 deliciis
2734 2525 2979 2595 perfundi
3008 2540 3223 2581 carnem
3255 2526 3324 2580 sit
3353 2527 3504 2581 valde
3535 2528 3798 2582 noxium?
3853 2528 3920 2583 Et

2328 2615 2526 2685 alioqui
2565 2615 2689 2669 dum
2737 2617 2968 2687 undique
3004 2628 3272 2687 ponuntur
3303 2617 3527 2683 insidiae,
3576 2620 3628 2673 id
3672 2622 3921 2675 homines

2326 2707 2502 2762 reddit
2540 2716 2727 2764 cautos
2764 2719 2818 2764 et
2859 2710 3277 2780 circumspectos
3309 2728 3323 2764 :
3350 2721 3406 2766 et
3442 2712 3487 2767 si
3512 2712 3916 2781 attenderinms,

2327 2799 2461 2853 nihil
2515 2798 2695 2854 damni
2757 2802 3066 2869 accipimus.
3136 2801 3205 2855 Et
3260 2802 3380 2857 ideo
3434 2802 3564 2858 dicit
3611 2805 3916 2876 quiSpimn,

2325 2888 2555 2960 Agnosce
2604 2890 2739 2961 quod
2794 2893 2980 2965 transis
3024 2893 3076 2945 in
3119 2894 3283 2947 medio
3332 2894 3645 2965 laqueorum,
3678 2908 3724 2949 et
3762 2913 3919 2964 supra

2326 2982 2585 3035 civitatum
2627 2964 2811 3053 pinnas
2858 2983 3086 3037 ambulas
3156 2983 3340 3055 (Eccli.
3475 2987 3560 3041 15.
3591 2988 3643 3040 in
3671 2985 3871 3056 Grtcco)
3897 3031 3914 3056 ,

2326 3082 2382 3126 et
2428 3072 2514 3127 hic
2530 3113 2547 3139 ,
2619 3072 2684 3127 In
2752 3074 2853 3139 via,
2907 3089 3006 3141 qua
3043 3074 3387 3142 ambulabam,
3436 3076 3801 3130 absconderant
3841 3080 3918 3131 la-

2325 3180 2508 3232 queum
2553 3165 2695 3216 mihi.
2748 3163 2898 3231 Quod
2930 3164 2977 3219 si
3010 3166 3127 3234 quis
3151 3165 3265 3220 hzec
3291 3167 3449 3220 etiam
3479 3169 3767 3235 sumpserit
3790 3184 3918 3221 ana-

2324 3257 2533 3327 gogice,
2586 3256 2792 3312 videbit
2832 3256 2933 3311 hoc
2983 3258 3156 3327 ipsum
3196 3257 3474 3312 iacientem
3514 3259 3806 3327 diabolum,
3860 3270 3915 3315 et

2325 3364 2431 3403 non
2468 3351 2673 3419 procul,
2720 3349 2812 3403 sed
2855 3364 3020 3419 prope
3060 3349 3416 3403 occultantem
3460 3348 3699 3405 insidias.

2396 3437 2627 3505 Laqucos
2665 3440 2816 3493 etiam
2860 3439 2913 3492 in
2953 3440 3145 3493 uirtutis
3192 3440 3426 3493 exercitio
3474 3440 3629 3492 tendit
3659 3440 3912 3496 diabolus.

2324 3530 2680 3599 -—Quocirca
2729 3546 2920 3602 magna
2969 3532 3123 3586 nobis
3173 3532 3448 3602 vigilantia
3492 3549 3626 3602 opus
3661 3544 3762 3588 est.
3812 3534 3914 3590 0e-

2323 3622 2488 3677 cultat
2532 3622 2677 3677 enim
2722 3623 2990 3692 laqueum,
3040 3638 3232 3691 nempe
3269 3624 3322 3676 in
3351 3623 3691 3694 eleeniosyna
3723 3641 3911 3679 vanam

2323 3714 2573 3784 gloriam,
2619 3716 2671 3767 in
2719 3712 2924 3783 jejunio
2966 3715 3344 3784 arrogantiam,
3390 3730 3495 3769 non
3541 3717 3592 3770 in
3637 3716 3779 3783 aliis,
3819 3719 3912 3771 sed

2327 3806 2381 3859 in
2412 3806 2541 3875 ipsis
2584 3806 2705 3873 viis,
2748 3806 2801 3860 in
2851 3807 3041 3875 quibus
3088 3808 3446 3872 ambulamus,
3476 3807 3619 3878 quod
3644 3817 3727 3862 est
3759 3810 3913 3879 longe

2326 3899 2721 3969 gravissimum.
2770 3898 2933 3954 Periit
2986 3903 3109 3971 fuga
3158 3916 3190 3952 a
3235 3917 3333 3953 me.
3394 3901 3521 3955 Vide
3549 3914 3731 3955 rursus
3756 3902 3912 3956 aliam

2326 3991 2586 4045 malorum
2639 3992 3022 4045 accessionem.
3077 3991 3323 4045 Ostendit
3376 3993 3519 4047 enim
3582 4008 3686 4046 non
3739 3994 3911 4048 solum

2326 4095 2444 4137 esse
2492 4082 2544 4135 in
2592 4082 2691 4136 viis
2746 4082 2986 4151 laqueos,
3044 4096 3145 4135 nec
3196 4082 3364 4136 ullum
3417 4082 3578 4136 fuisse
3618 4084 3707 4152 qui
3755 4098 3911 4154 apem

2324 4174 2492 4229 ferret
2537 4188 2593 4229 et
2648 4186 3002 4244 agnosceret;
3058 4178 3150 4231 sed
3188 4192 3284 4230 nec
3313 4177 3454 4246 quod
3485 4177 3742 4247 reliquum
3788 4181 3909 4249 qui-

2326 4265 2445 4319 dem
2478 4275 2559 4320 est
2600 4265 2666 4320 ad
2690 4266 3015 4331 evasionem,
3067 4279 3125 4320 ut
3164 4267 3285 4337 fuga
3322 4267 3479 4322 saluti
3508 4285 3616 4322 sna:
3646 4274 3909 4337 consulat,

2327 4358 2379 4412 id
2424 4358 2525 4413 sibi
2558 4373 2677 4413 esse
2704 4369 3006 4428 promptum
3033 4369 3087 4415 et
3115 4360 3440 4429 expeditum.
3492 4362 3567 4415 ita
3616 4362 3667 4415 in
3722 4364 3911 4419 mediis

2328 4451 2483 4503 malis
2535 4450 2860 4519 interceptus
2913 4451 3100 4517 fuerat,
3134 4468 3232 4505 nec
3258 4450 3415 4521 effugi
3450 4463 3660 4523 poterat
3694 4455 3909 4509 calami-

2312 4550 2444 4605 ,tas:
2480 4550 2534 4594 et
2566 4549 2738 4594 tamen
2766 4557 2833 4594 ne
2859 4542 2935 4595 sic
2972 4543 3185 4611 quidem
3232 4543 3569 4612 desperabat.
3611 4544 3678 4597 Et
3708 4562 3807 4599 non
3840 4560 3913 4601 est

2328 4633 2413 4702 qui
2457 4633 2677 4702 requirat
2718 4633 2939 4685 animam
2988 4649 3198 4686 meant:
3239 4637 3339 4687 hoc
3373 4645 3475 4699 est,
3504 4634 3602 4702 Qui
3639 4636 3909 4704 defendat,

2328 4725 2417 4793 qui
2461 4732 2613 4793 ope'm
2669 4724 2821 4777 ferat.
2858 4723 2996 4789 Quid
3039 4724 3123 4779 hic
3171 4725 3338 4795 ergo?
3386 4724 3656 4796 Numquid
3694 4742 3813 4781 cum
3861 4731 3913 4783 in

2331 4827 2473 4871 tanta
2521 4825 2826 4870 versaretur
2875 4814 3070 4884 inopia,
3103 4824 3158 4870 et
3187 4824 3330 4870 tanta
3360 4827 3693 4887 premeretur
3730 4834 3912 4873 rerum

2331 4910 2660 4975 diilicultate,
2711 4908 3012 4979 desperavit
3069 4908 3333 4963 salutem?
3380 4908 3761 4981 Nequaquam;
3818 4913 3913 4967 sed

2331 5004 2394 5057 ad
2431 5004 2595 5058 Deum
2634 5003 2812 5057 statim
2842 5000 3097 5071 confugit,
3127 5009 3183 5056 et
3215 5001 3344 5056 dicit
3374 5019 3387 5054 :
3423 5003 3478 5057 6.
3501 5000 3729 5057 Clamavi
3758 5005 3826 5056 ad
3846 5014 3911 5067 te,

2332 5092 2569 5156 Domine,
2616 5093 2742 5155 dixi,
2788 5090 2868 5145 Tu
2908 5108 2957 5144 es
2993 5108 3105 5161 spes
3132 5108 3264 5157 mea,
3312 5092 3476 5161 portio
3522 5108 3631 5145 mea
3686 5094 3739 5145 in
3784 5102 3915 5147 terra

2334 5191 2621 5240 viventium.
2672 5183 2856 5237 Vidisti
2916 5184 3215 5238 cautionem
3264 5184 3426 5237 animi
3470 5192 3525 5237 et
3568 5176 3913 5253 vigilantiam.

2321 5278 2467 5334 .Mala
2498 5293 2619 5332 eum
2661 5276 2879 5332 minime
2930 5275 3246 5343 obruerunt,
3294 5275 3389 5331 sed
3440 5277 3607 5345 magis
3636 5287 3916 5331 erexerunt

2336 5382 2390 5426 et
2440 5371 2742 5425 extulerunt
2790 5387 2802 5423 :
2854 5378 2909 5424 et
2947 5385 3066 5425 cum
3109 5369 3160 5423 in
3208 5384 3415 5423 summa
3462 5378 3608 5424 esset
3653 5369 3825 5440 inopia
3868 5379 3918 5426 et

2338 5481 2513 5519 rerum
2537 5464 2771 5517 omnium
2804 5461 3131 5529 difficultate,
3160 5463 3374 5532 agnovit
3400 5477 3615 5516 manum
3646 5462 3914 5526 invictam,

2338 5564 2391 5610 et
2430 5556 2570 5608 vires
2605 5554 2994 5622 onmipotentes
3014 5594 3027 5617 ,
3058 5563 3113 5607 et
3142 5554 3196 5607 in
3226 5552 3386 5607 rebus
3411 5552 3679 5621 impeditis
3711 5552 3918 5607 facilem

2337 5647 2594 5702 evadendi
2630 5648 2907 5701 rationem.
2942 5644 3083 5711 Dixi,
3120 5642 3197 5698 Tu
3224 5661 3274 5698 es
3299 5662 3409 5714 spes
3440 5662 3570 5698 mea.
3602 5644 3919 5713 .lieproltata

2339 5748 2480 5804 sunt,
2515 5740 2703 5807 inquit,
2752 5737 2978 5791 humana
3026 5737 3226 5798 omnia,
3280 5746 3333 5790 et
3369 5746 3653 5804 tcntprsms
3682 5734 3817 5789 adeo
3846 5746 3923 5792 est

2342 5833 2487 5889 omni
2520 5832 2715 5888 ausilio
2741 5833 3002 5900 superior,
3029 5841 3079 5885 ut
3115 5826 3257 5884 nulla
3289 5846 3335 5883 ai
3355 5829 3584 5898 te'possit
3614 5828 3766 5881 vitari
3792 5843 3915 5881 nau-
