4222 6450
251 424 360 482 N3

258 535 406 604 τανᾷ
442 533 532 602 εἷς
575 537 828 607 ὄλεθρον
878 535 990 604 τῆς
1033 536 1265 605 σαρκὸς
1284 576 1301 601 ,
1350 537 1455 592 ἵνα
1499 537 1568 592 τὸ
1615 538 1856 608 πνεῦμα

255 620 447 689 σωθῇ.
476 621 585 674 Καὶ
611 621 916 690 Κορινθίοις
946 621 1300 683 ἐπιστέλλων,
1330 621 1486 690 ἔλεγε
1507 640 1519 653 ·
1547 624 1653 678 Διὰ
1679 623 1857 677 τοῦτο

259 705 332 759 ἐν
359 704 500 774 ὑμῖν
535 704 753 758 πολλοὶ
791 703 1090 770 ἀσθενεῖς,
1132 704 1231 756 καὶ
1257 703 1576 772 ἄρρωστοι,
1608 704 1707 758 καί
1737 722 1859 759 κοι-

257 788 484 858 “ﬁrme
521 789 737 842 ικανοί.
776 789 848 842 El
884 789 998 857 γὰρ
1025 788 1284 855 ἑαυτοὺς
1314 787 1708 859 διεκρίνομεν,
1744 791 1858 842 οὐκ

257 871 340 927 ἂν
375 872 744 941 ἐκρινόμεθα.
783 872 1134 942 Κρινόμενοι
1176 870 1246 924 δὲ
1289 869 1412 926 ὑπὸ
1445 873 1670 940 Κυρίου
1717 885 1854 925 παι-

255 945 575 1023 δευόμεθα,
615 955 716 1008 ἵνα
752 953 838 1024 μὴ
865 955 992 1010 σὺν
1026 952 1106 1020 τῷ
1139 955 1349 1023 κόσμῳ
1386 954 1855 1028 κᾳακριθῶμεν.

261 1039 375 1092 Καὶ
419 1037 496 1108 τῷ
545 1037 784 1110 πλουσίῳ
824 1041 852 1092 6
887 1037 1140 1110 Ἀϐραὰμ
1187 1037 1340 1107 ἔλεγε
1359 1054 1373 1069 ·
1425 1037 1745 1106 Ἁπέλαϐες
1787 1039 1860 1095 τά

255 1120 456 1190 ἀγαθά
485 1137 604 1176 σου
642 1122 713 1178 ἐν
740 1121 817 1190 τῆ
844 1121 958 1192 ζωῇ
995 1137 1134 1187 σου,
1163 1122 1264 1176 καί
1292 1120 1556 1190 Λάζαρος
1587 1123 1663 1178 τὰ
1701 1123 1862 1176 κακὰ

258 1203 472 1259 αὑτοῦ·
506 1205 604 1258 καὶ
638 1203 758 1259 νῦν
782 1204 902 1274 μὲν
949 1201 1130 1272 οὗτος
1175 1205 1640 1274 παρακαλεῖται,
1679 1204 1764 1259 σὺ
1792 1204 1862 1258 δὲ

263 1285 584 1342 ὀδυνᾶσαι.
611 1287 720 1341 Καὶ
739 1287 769 1338 ό
793 1287 957 1341 Δαυῒδ
984 1288 1042 1341 δὲ
1070 1290 1235 1359 ἡνίκα
1262 1288 1426 1342 αὐτὸν
1453 1289 1805 1360 κατηράσατο
1833 1301 1858 1329 ι

263 1372 293 1424 6
324 1370 540 1436 Σεμεεὶ,
567 1369 784 1438 ἔλεγεν·
806 1371 984 1439 Ἄρες
1015 1371 1204 1424 αὑτὸν
1235 1368 1615 1439 καταρᾶσθαι
1640 1388 1738 1440 με,
1768 1371 1860 1426 ὅτι

264 1453 480 1520 Κύριος
508 1452 669 1518 αὐτῷ
697 1453 1063 1520 ἐνετείλατο,
1091 1453 1253 1521 ὅπως
1276 1453 1356 1511 ἂν
1379 1453 1480 1522 ιδῃ
1513 1453 1642 1530 τὴν,
1659 1455 1862 1510 ταπει-

263 1537 458 1590 νωσίν
479 1554 620 1605 μου.
648 1537 760 1590 Καὶ
792 1535 1071 1608 πανταχοῦ
1117 1535 1226 1591 τῶν
1263 1537 1496 1609 Γραφῶν
1527 1539 1858 1610 εὑρήσομεν,

263 1619 347 1672 ὃτι
387 1621 438 1673 οἱ
470 1619 572 1683 τάς
613 1618 824 1689 θλίψεις
873 1618 1211 1690 εὐχαρίστως
1264 1620 1552 1692 φέροντες,
1598 1622 1660 1674 οὐ
1700 1622 1861 1692 μόνον

263 1700 439 1758 πολλά
465 1702 576 1755 τῶν
607 1703 1024 1774 ἁμαρτημάτων
1071 1702 1414 1767 διαλύονται,
1453 1701 1597 1758 ’ἀλλά
1653 1705 1752 1757 καὶ
1793 1704 1856 1757 οὐ

265 1785 474 1856 μικράν
508 1785 760 1839 ἐντεῦθεν
807 1785 1046 1840 κτῶνται
1083 1785 1222 1856 πρὸς
1263 1785 1356 1841 τὸν
1387 1786 1521 1840 Θεὸν
1570 1787 1669 1859 τὴν
1720 1790 1865 1860 παῤ-

263 1868 483 1938 ρησίαν.
503 1869 600 1922 Ἐν
625 1868 706 1934 τῷ
735 1868 1044 1923 ἐκλείπειν
1074 1869 1145 1934 ἐξ
1177 1869 1325 1939 ἐμοῦ
1355 1867 1424 1923 τό
1450 1870 1689 1940 πνεῦμά
1717 1889 1859 1940 μου,

263 1950 366 2006 καί
408 1951 492 2006 σὺ
529 1952 719 2022 ἔγνως
764 1954 872 2019 τὰς
915 1954 1155 2022 τρίϐους
1187 1970 1329 2022 μου.
1376 1954 1504 2007 Ὅτε
1541 1953 1778 2024 μάλιστα
1811 1957 1860 2008 οι

266 2034 596 2106 μικρόψυχοι
640 2034 750 2088 τῶν
793 2034 1098 2107 ἀνθρώπων
1143 2035 1535 2102 ἀναπίπτουσι,
1581 2037 1770 2091 πολλοὶ
1803 2037 1862 2092 δὲ

263 2117 362 2170 καὶ
394 2115 655 2187 δύσφημα
684 2118 712 2157 ι’
754 2119 978 2188 ῥήματα
1023 2118 1374 2188 φθέγγονται,
1406 2119 1530 2172 τότε
1561 2114 1713 2184 οὗτος
1758 2121 1862 2191 μά-

259 2199 423 2254 λιστα
468 2201 780 2271 φιλοσοφεῖ,
819 2201 1140 2258 διδάσκαλον
1169 2202 1312 2274 ἔχων
1355 2202 1453 2275 τῆς
1493 2203 1734 2274 σπουδῆς
1761 2203 1861 2276 τὴν

261 2281 466 2352 θλίψιν.
1634 2301 1640 2306 ·

338 2367 510 2419 Ὅταν
551 2359 647 2419 οὖν
675 2363 794 2435 ίδῃς
831 2363 956 2418 τινὰ
982 2365 1434 2434 ἀπογινώσκοντα
1462 2368 1574 2422 ἀπὸ
1603 2367 1860 2440 θλίψεως,

263 2447 296 2520 ἢ
339 2449 536 2519 πικρόν
565 2465 618 2501 τι
648 2449 801 2519 ῥῆμα
829 2447 1226 2520 φθεγγόμενον,
1261 2450 1338 2522 μὴ
1365 2451 1464 2523 τὴν
1497 2451 1679 2522 θλίψιν
1705 2453 1860 2526 [444]

262 2532 443 2588 αἰτίαν
491 2530 648 2602 ἡγοῦ,
682 2531 820 2585 ἀλλά
849 2531 948 2602 τὴν
1004 2532 1376 2604 μικροψυχίαν
1407 2533 1504 2588 τοῦ
1539 2536 1716 2590 ταῦτα
1760 2537 1861 2591 λα-

259 2613 480 2677 λοῦντος
507 2625 554 2668 ο.
591 2614 705 2685 Τῆς
737 2614 847 2685 γάρ
874 2614 1109 2684 θλίψεως
1137 2617 1170 2687 ή
1201 2616 1364 2685 φύσις
1391 2617 1461 2671 τά
1499 2620 1722 2674 ἐναντία
1762 2638 1862 2674 κα-

257 2696 620 2760 τασκευάζειν
667 2697 858 2761 εἴωθε,
896 2699 1192 2770 προσοχὴν,
1242 2699 1533 2771 συντριϐὴν
1581 2702 1857 2768 διανοίας,

258 2781 663 2852 συντεταμένην
698 2781 948 2853 γνώμην,
981 2782 1269 2847 εὐλαϐείας
1310 2784 1586 2842 ἐπίτασιν.
1628 2788 1722 2840 Διὸ
1767 2790 1862 2842 καὶ⁵

256 2865 288 2919 6
319 2864 532 2926 Παῦλος
565 2864 780 2932 ἔλεγεν·
824 2865 888 2920 Ἠ
935 2867 1144 2935 θλίψις
1192 2867 1518 2937 ὑπομονὴν
1567 2871 1860 2941 κατεργά-

257 2946 434 3013 ζεται,
468 2949 508 3017 ἠ
537 2947 606 3002 δὲ
640 2949 922 3018 ὑπομονὴ
961 2949 1239 3019 δοκιμήν.
1271 2949 1334 3004 Εί
1369 2951 1426 3005 δέ
1460 2953 1704 3008 Ἰουδαῖοι
1746 2954 1863 3010 θλι-

257 3029 479 3101 ϐόμενοι
508 3030 826 3100 ἐγόγγυζον,
868 3032 928 3084 οὐ
959 3031 1061 3102 τῆς
1099 3031 1352 3102 θλίψεως,
1396 3034 1532 3090 ἀλλά
1564 3036 1664 3105 τῆς
1713 3037 1861 3091 ἐκεί-

256 3130 369 3168 νων
406 3112 590 3176 ἀνοίας
627 3109 696 3185 ἦν
738 3113 808 3167 τά
836 3107 932 3167 τοῦ
977 3115 1295 3185 γογγυσμοῦ
1340 3118 1594 3189 ῥήματαο
1637 3121 1763 3174 ἐπεὶ
1809 3122 1860 3174 οί

258 3195 408 3264 ἆγιοι
457 3195 795 3267 θλιϐόμενοι,
852 3195 1225 3269 λαμπρότεροι
1281 3201 1378 3252 καὶ
1431 3201 1861 3274 φιλοσοφώτεροι

256 3279 517 3348 ἐγίνοντο.
547 3279 639 3333 Διὸ
681 3279 777 3334 καὶ
804 3279 992 3348 ἔλεγεν
1034 3281 1198 3346 αὐτὸς
1227 3277 1410 3348 οὗτος·
1458 3285 1698 3354 Ἀγαθὸν
1731 3306 1858 3358 μοι,

259 3364 464 3432 Κύριε.
508 3363 597 3418 ὅτι
645 3363 1060 3431 ἐταπείνωσάς
1101 3383 1199 3433 με,
1245 3365 1408 3434 ὅπως
1459 3367 1538 3422 ἂν
1575 3368 1746 3438 μάθω
1789 3375 1862 3428 τὰ

257 3445 622 3516 δικαιώματά
661 3462 799 3500 σου.
837 3447 949 3501 Καὶ
969 3449 998 3500 6
1031 3447 1270 3510 Παῦλος⁸
1303 3449 1410 3503 Καὶ
1445 3450 1520 3519 τῇ
1551 3454 1859 3524 ὑπερϐολῇ

259 3529 383 3584 τῶν
417 3531 890 3610 ἀποκαλύψεων,
929 3530 1029 3584 ἵνα
1066 3531 1154 3600 μὴ
1203 3533 1628 3605 ὑπεραίρωμαι,
1680 3537 1859 3610 ἐδόθη

254 3631 358 3685 μοι
399 3616 647 3682 σκόλοψ
695 3612 771 3681 τῇ
821 3603 1005 3682 σαρκὶ
1054 3613 1312 3683 ἅγγελος
1368 3603 1587 3683 Σατᾶν,
1637 3621 1740 3674 ἵνα
1784 3603 1857 3692 με

259 3695 576 3768 κολαφίζῃ.
615 3694 784 3766 ’Υπὲρ
813 3697 1032 3750 τούτου
1061 3698 1192 3765 τρίς
1217 3696 1328 3750 τὸν
1353 3701 1575 3768 Κύριον
1601 3705 1860 3774 παρεκά-

279 3783 445 3842 ίεσα,
498 3779 596 3832 καί
631 3778 838 3847 εἴρηκέ
863 3795 992 3848 μοι·
1035 3778 1224 3847 Ἀρκεῖ
1259 3797 1363 3834 σοι
1405 3781 1578 3852 χάρις
1613 3804 1754 3855 μου.
1800 3789 1863 3846 'H

258 3861 374 3932 γὰρ
421 3863 681 3932 δύναμις
720 3879 842 3931 μου
894 3862 966 3915 ἐν
1009 3863 1296 3931 ἀσθενείᾳ
1346 3866 1711 3923 τελειοῦταιο
1764 3870 1859 3926 διὸ

256 3945 488 4000 εὐδοκῶ
518 3945 590 3999 ἐν
623 3947 934 4014 θλίψεσιν,
963 3945 1029 3998 ἐν
1065 3946 1427 4014 ἀσθενείαις,
1464 3951 1536 4003 ἐν
1557 3949 1854 4023 διωγμοῖς.

261 4031 394 4083 Ὅτε
437 4030 550 4100 γὰρ
591 4027 860 4096 ἀσθενῶ,
901 4030 1036 4082 τότε
1082 4029 1345 4097 δυνατός
1376 4036 1514 4102 ειμι.
1553 4035 1721 4108 Ὁρᾷς
1763 4043 1858 4094 καὶ

257 4110 448 4166 τοῦτον
490 4112 549 4165 ἐν
591 4114 658 4183 τῇ
687 4110 864 4182 θλίψει
903 4112 1102 4182 μᾶλλον
1131 4111 1553 4186 διεγειρόμενον,
1593 4121 1688 4175 καὶ
1722 4123 1859 4194 πρὸς

255 4195 352 4249 τὸν
397 4195 530 4248 Θεὸν
576 4194 1025 4264 καταφεύγοντα,
1069 4197 1166 4250 καὶ
1203 4198 1466 4264 μειζόνως
1497 4203 1858 4276 ἀντεχόμενον

258 4277 423 4360 αὐτοῦ
467 4277 609 4348 μετά
653 4277 856 4346 πολλῆς
898 4277 999 4348 τῆς
1015 4278 1426 4360 ρφοδρότητος,
1476 4283 1571 4336 καὶ
1617 4287 1676 4338 ὲν
1709 4288 1863 4360 αὐτῷ

259 4359 339 4432 τῷ
377 4360 614 4438 πυθμένι
653 4362 764 4417 τῶν
805 4364 991 4417 κακῶν
1015 4354 1211 4436 ’(τοῦτο
1257 4365 1366 4436 γάρ
1419 4368 1591 4431 ἐστιν,
1638 4369 1734 4424 Ἐν
1778 4354 1859 4438 τῶ

255 4444 566 4499 ἐκλείπειν
591 4447 661 4511 ἐξ
690 4447 837 4515 ἐμοῦ
869 4449 933 4502 τὸ
968 4446 1212 4515 πνεῦμά
1250 4448 1420 4518 μου),
1467 4451 1562 4504 καὶ
1592 4452 1713 4506 τότε
1753 4457 1858 4526 μά-

258 4529 418 4582 λιστα
467 4530 886 4601 σπουδαιότερον
938 4530 1260 4600 γινόμενον;
1311 4531 1385 4584 Τὸ
1427 4532 1504 4596 δὲ,
1540 4536 1626 4589 Σὺ
1667 4538 1858 4608 ἔγνως

257 4613 368 4692 τζις
397 4612 639 4680 τρίϐους
669 4630 814 4682 μου,
853 4613 1042 4685 ἔτερος
1072 4615 1417 4692 ἐρμηνευτὴς
1447 4611 1590 4680 εἶπε,
1621 4619 1706 4674 Σὺ
1743 4624 1859 4692 γὰρ

260 4690 450 4761 οἶδας.
505 4695 604 4748 Ἐν
645 4695 765 4761 ὀδῷ
801 4697 1012 4764 ταύτῃ,
1058 4690 1099 4767 ᾔ
1137 4696 1534 4767 ἐπορευόμην,
1575 4690 1858 4773 ἔκρυψαν

260 4778 483 4848 παγίδα
505 4796 629 4848 μοι.
657 4780 1001 4833 Κατενόουν
1023 4781 1111 4845 είς
1144 4778 1218 4833 τὰ
1256 4778 1446 4846 δεξιὰ,
1488 4783 1589 4837 καί
1613 4785 1858 4842 ἐπέϐλε-

263 4875 411 4945 πον·
441 4862 542 4916 καί
569 4864 682 4945 οὐκ
715 4859 796 4933 ἦν
819 4853 853 4916 ὅ
881 4861 1294 4931 ἐπιγινώσκων
1315 4880 1413 4934 με.
1461 4865 1727 4923 Ἐνταῦθα
1758 4873 1858 4945 τὴν

263 4943 512 4998 ἐπίτασιν
538 4944 639 5015 τῆς
669 4945 959 5014 συμφορᾶς
999 4946 1096 4998 καὶ
1139 4945 1208 5000 τά
1248 4945 1398 5000 δεινά
1439 4947 1715 5019 αὐξόμενα
1745 4943 1856 5008 δεί-

264 5041 440 5108 κνυσι,
470 5027 568 5082 καὶ
599 5026 710 5080 τῶν
749 5027 1026 5098 πολεμίων
1055 5027 1156 5092 τὰς
1185 5029 1504 5094 ἐπιϐουλάς,
1545 5032 1663 5098 πῶς
1695 5054 1858 5108 προσ.

262 5107 430 5181 ᾐεσαν
477 5112 572 5164 καὶ
607 5111 891 5183 ἐγγυτέρω
937 5111 1200 5179 ἐγίνοντο,
1247 5112 1562 5184 βουλόμενοι
1618 5107 1856 5176 ὑποσκε-

265 5192 407 5246 λίσαι
425 5209 439 5223 ·
471 5194 567 5248 καὶ
595 5193 657 5246 τὸ
679 5193 744 5263 δὴ
774 5192 1174 5266 χαλεπώτερον,
1198 5195 1365 5249 ὅτιού
1399 5197 1560 5266 μόνον
1588 5202 1690 5255 οὐκ
1715 5199 1856 5273 ἦσαν

263 5275 593 5396 αὐτῷάτινες.
639 5276 825 5349 βοηθοὶ
851 5278 887 5350 ἢ
933 5276 1237 5351 σύμμαχοι,
1280 5279 1396 5334 ἀλλ’
1424 5283 1566 5337 οὐδέ
1593 5286 1862 5358 ἐπεγίνω-

266 5375 392 5413 σκον
413 5375 462 5414 ¹¹ο

333 5439 399 5510 β’.
418 5441 592 5496 Τοῦτο
618 5444 652 5514 ἡ
695 5442 942 5508 ἐπίτασις
965 5441 1068 5513 τῆς
1100 5443 1360 5515 ἐρημίας,
1391 5449 1424 5518 ή
1459 5449 1734 5527 ὑπερϐολὴ
1758 5458 1856 5529 τῆς

325 5554 468 5623 :Am
493 5559 753 5618 κατηρᾶτο·
796 5568 910 5618 qua
943 5563 1112 5623 ξιιξεω
1159 5554 1239 5606 hic
1277 5560 1565 5612 referuntur
1608 5570 1759 5621 verba
1791 5586 1854 5623 ex

264 5613 308 5667 ιι
330 5614 453 5679 Reg.
481 5629 581 5677 ινι,
605 5613 700 5666 lion
734 5613 907 5681 par'um
941 5614 1183 5668 diu‘erunt.
1204 5633 1231 5668 a
1257 5627 1397 5673 textu
1421 5613 1626 5678 Biblico;

325 5674 355 5716 δ
378 5675 475 5726 ΑΙίί
498 5678 726 5726 avum.
1591 5681 1606 5700 °

326 5684 355 5716 ο
378 5684 475 5726 Alii
498 5684 726 5750 δυσχερῆ.

326 5741 349 5768 ¹⁹
376 5738 513 5788 Unus
533 5756 799 5797 ποιουν-τος.

321 5799 353 5870 ξε
381 5805 519 5870 υῃιισ
539 5802 644 5850 ἀλλ’
664 5802 874 5870 ρύδξὴν,
898 5806 1056 5867 φησί-ι,
1077 5804 1102 5851 6
1121 5803 1447 5867 ἐπιγιγιένο·κων
1469 5825 1541 5870 με.
1571 5809 1679 5863 Mox
1704 5814 1854 5867 Savil.

269 5859 406 5912 ττῦςο
424 5859 638 5921 ἐπίτασις
659 5859 868 5926 ἐρημίας.

1376 424 1748 487 εχιιοειτιο
1783 427 1851 485 IN
1889 407 2226 486 ΡεΑιιιυιὶ
2261 426 2442 484 cm;

3465 423 3564 482 ΗΛ
3581 473 3597 480 -

1963 538 2402 610 ἀλλοτριώσεως⁸
2441 536 2638 604 ὀλίγων
2705 538 2815 610 γάρ
2872 539 2989 591 ἐστι
3035 534 3096 588 τὸ
3145 532 3204 588 ἐν
3255 526 3567 606 συμφοραῗς

1962 625 2219 695 παρεῖναι
2251 622 2346 676 καὶ
2375 619 2615 692 βοηθεῖν,
2643 621 2740 674 καὶ
2775 619 3018 690 μάλιστα
3046 620 3175 673 ὅταν
3200 617 3566 691 αι’συμφοραῖ

1962 705 2239 770 κινδύνους
2287 703 2606 758 ἀπειλῶσιν.
2650 703 2814 756 Ἀλλά
2858 701 3020 755 τοῦτο
3068 702 3132 754 οὐ
3185 702 3348 772 μόνον
3402 703 3568 758 αὐτὸν

1960 791 2061 844 οὐκ
2087 789 2341 858 ἔϐλαψεν,
2382 787 2517 841 ἀλλά
2557 787 2650 840 καὶ
2683 787 2949 858 μειζόνως
2991 784 3267 856 ὠφέλησε,
3303 785 3441 856 πρὸς
3472 799 3567 839 τον

1961 873 2095 926 Θεὸν
2128 870 2291 925 αὐτὸν
2315 871 2622 925 οίκειῶσαν.
2649 870 2760 923 Καὶ
2790 869 2854 922 σὺ
2884 868 3085 932 τοίνυν,
3115 869 3398 939 ἀγαπητέ,
3436 870 3567 923 ὅταν

1965 955 2082 1029 ἴδῃς
2112 955 2388 1026 αὐξόμενα
2435 953 2504 1007 τὰ
2553 953 2725 1016 δεινὰ,
2762 951 2838 1024 μὴ
2885 950 3198 1022 ἀναπέσῃς,
3245 952 3389 1005 ἀλλά
3426 955 3566 1022 νῆφε

1966 1037 2248 1110 μειζόνως.
2295 1035 2396 1090 Διά
2431 1036 2541 1106 γὰρ
2583 1035 2745 1090 τοῦτο
2787 1035 3016 1106 ἀφίησιν
3061 1037 3090 1088 6
3127 1035 3261 1099 Θεὸς
3311 1035 3567 1108 αἴρεσθαι

1962 1121 2126 1186 αὐτά,
2155 1121 2244 1174 ἵνα
2280 1136 2375 1172 σου
2407 1118 2506 1190 τὴν
2560 1119 2833 1191 ρᾳθυμίαν
2867 1118 3190 1191 ἀποτινάξῃ,
3233 1118 3320 1171 ἵνα
3359 1134 3421 1171 σε
3461 1119 3568 1188 ἀφ-

1964 1205 2166 1278 υπνίσῃ
2187 1204 2543 1260 καθεύδοντα.
2574 1203 2711 1256 Τότε
2733 1203 2842 1274 γὰρ
2862 1215 2886 1243 ο
2909 1203 3087 1258 πάντα
3117 1203 3186 1256 τά
3201 1203 3433 1274 περιττά
3464 1220 3566 1256 πε-

1964 1288 2308 1363 ρικόπτεται,
2337 1286 2462 1341 τότε
2497 1285 2678 1339 πάντα
2713 1288 3020 1356 ἐκφυσᾶται
3051 1286 3120 1339 τὰ
3151 1285 3410 1356 βιωτικὰ,
3443 1286 3567 1340 τότε

1962 1372 2023 1424 ἐν
2057 1374 2333 1442 προσευχῇ
2365 1369 2784 1441 σπουδαιότερος
2814 1369 3044 1438 γίνεται,
3087 1370 3228 1440 πρὸς
3262 1369 3567 1440 ἐλεημοσύο

1962 1473 2062 1527 νην
2119 1453 2565 1526 προθυμότερος,
2619 1454 2757 1525 πρὸς
2802 1454 3105 1526 ὑπεροψίαν
3145 1454 3418 1523 γαστρὸς,
3471 1453 3567 1507 καὶ

1962 1538 2194 1591 ἕκαστον
2249 1535 2421 1602 πάθος
2483 1536 2960 1604 εὐκαταγώνιστον
3015 1535 3262 1606 γίνεται,
3310 1536 3416 1589 ὐπὸ
3467 1535 3567 1607 τῆς

1964 1621 2196 1691 θλίψεως
2241 1620 2701 1691 φυγαδευόμενον.
2742 1619 2896 1673 Ἐπεὶ
2938 1620 3035 1672 καὶ
3068 1618 3224 1689 παρά
3256 1619 3356 1691 τὴν
3387 1619 3567 1694 ἀρχὴν

1963 1705 2085 1776 οὐχὶ
2145 1705 2374 1760 κολάσαι
2438 1703 2786 1775 βουλόμενος,
2837 1702 3036 1765 λύπαις
3095 1705 3244 1774 ἡμᾶς
3307 1704 3567 1775 συνέδησε

1964 1789 2058 1842 καὶ
2097 1787 2308 1855 πόνοις,
2346 1787 2395 1840 εἰ
2430 1788 2524 1841 καὶ
2551 1789 2610 1840 ἐν
2639 1787 2794 1854 τάξει
2828 1786 3103 1851 κολάσεως
3143 1786 3244 1858 τὴν
3286 1787 3567 1856 ἀπόφασιν

1962 1869 2204 1924 τέθεικεν
2245 1869 2292 1937 ί,
2325 1869 2462 1924 ἀλλά
2505 1870 2839 1941 σωφρονίσαι
2886 1871 2982 1923 καὶ
3029 1869 3272 1940 βελτίους
3321 1871 3564 1942 ἐργάσα-

1965 1951 2108 2007 σθαι.
2147 1955 2211 2008 Et
2257 1953 2368 2026 γάρ
2408 1954 2504 2007 καὶ
2538 1952 2716 2023 λύπης
2759 1952 3142 2024 ἐπικειμένης,
3175 1953 3270 2006 καὶ
3298 1953 3394 2006 τοῦ
3446 1952 3565 2024 βίου

1963 2037 2260 2109 ἐπιμόχθου
2311 2037 2497 2102 ὄντος,
2548 2037 2790 2106 τοσαύτη
2828 2039 3022 2106 κρατεῖ
3065 2036 3264 2090 κακίαι
3299 2038 3349 2090 εί
3398 2038 3567 2108 μηδὲν

1962 2120 2166 2174 τούτων
2190 2116 2281 2191 ἦν,
2309 2119 2413 2172 ποῦ
2441 2120 2541 2173 οὐκ
2565 2117 2717 2192 [445]
2740 2118 2806 2174 ἂν
2831 2120 2990 2190 ἐξέϐη
3021 2120 3091 2174 τά
3125 2121 3225 2191 τῆς
3259 2119 3564 2192 πονηρίαςς

1963 2202 2076 2259 Καὶ
2110 2203 2165 2257 τί
2210 2203 2513 2274 θαυμάζεις
2535 2243 2551 2268 ,
2595 2205 2646 2256 εἰ
2680 2203 2774 2256 ἐπὶ
2807 2202 2909 2272 τῆς
2948 2193 3152 2273 ψυχῆς,
3198 2202 3336 2256 ὅπου
3370 2217 3436 2271 γε
3470 2203 3566 2256 καὶ

1963 2289 2023 2342 ἐν
2067 2288 2182 2350 τοῖς
2215 2285 2464 2356 σώμασιν
2511 2286 2714 2355 ἀγαθὸν
2748 2287 2783 2356 ἡ
2822 2285 3034 2356 θλίψις;
3085 2286 3196 2340 Καὶ
3237 2285 3349 2357 γάρ
3381 2285 3444 2340 τὸ
3485 2287 3565 2350 είς

1963 2371 2141 2442 ἄκραν
2171 2369 2468 2424 εὐπάθειαν
2513 2367 2812 2438 ἐξάγεσθαι
2860 2369 2962 2429 τὴν
3011 2369 3193 2440 σάρκα
3228 2369 3562 2434 ἐπιϐλαϐές·

1963 2453 2139 2518 άλλως
2185 2470 2250 2506 τε
2277 2454 2370 2508 καὶ
2398 2453 2460 2507 τὸ
2489 2452 2822 2523 πολλαχόθεν
2861 2451 3157 2516 ἐπιϐουλὰς
3189 2452 3566 2522 συνίστασθαι,

1963 2538 2157 2609 νήφειν
2191 2539 2366 2591 ποιεί·
2407 2535 2514 2590 κᾶν
2547 2535 2932 2606 προσέχωμεν,
2981 2535 3137 2590 οὐδὲν
3189 2536 3565 2608 βλαπτόμεθα.

1963 2625 2055 2678 Διὸ
2083 2627 2176 2678 καί
2205 2623 2288 2689 τίς
2311 2640 2508 2695 φησιν·
2540 2623 2853 2692 Ἐπίγνωθι
2879 2624 2970 2677 ὅτι
3001 2624 3072 2678 ἐν
3097 2624 3270 2694 μέσῳ
3298 2625 3569 2696 παγίδων

1961 2707 2309 2774 διαϐαίνεις,
2346 2707 2448 2761 καί
2472 2706 2571 2760 ἐπὶ
2601 2705 2918 2771 ἐπάλξεων
2936 2708 3174 2761 πόλεων
3187 2708 3562 2777 περιπατεῒςο

1963 2793 2058 2844 καὶ
2094 2784 2248 2854 οὗτος
2269 2832 2285 2858 ,
2331 2790 2428 2842 Ἔν
2469 2789 2608 2857 ὀδῷ,
2645 2784 2684 2862 ᾗ
2715 2791 3113 2861 ἐπορευόμην,
3143 2791 3424 2861 ἔκρυψαν
3454 2808 3566 2850 πα⁹

1960 2874 2100 2944 γίδα
2123 2892 2247 2944 μοι.
2291 2874 2354 2927 Et
2397 2872 2454 2926 δέ
2485 2891 2568 2937 τις
2603 2875 2697 2928 καὶ
2750 2872 2894 2928 κατά
2926 2873 3223 2946 ἀναγωγὴν
3256 2875 3432 2929 ταῦτα
3469 2877 3564 2929 ἐκ·

1963 2957 2138 3021 λάϐοι,
2167 2957 2358 3026 δψεται
2389 2957 2482 3010 τὸν
2511 2956 2757 3012 διάϐολον
2780 2957 2912 3012 αὐτὸ
2942 2957 3227 3023 ποιοῦντα,
3254 2958 3314 3011 οὐ
3347 2958 3566 3030 πόρρω-

1963 3042 2077 3107 θεν,
2100 3041 2238 3096 ἀλλά
2267 3040 2497 3112 πλησίον
2525 3040 2841 3111 κρύπτοντα
2869 3041 2966 3104 τάς
2993 3040 3311 3105 ἐπιϐουλάς.

2033 3125 2124 3178 Διὸ
2154 3126 2248 3178 καὶ
2278 3123 2482 3195 πολλῆς
2511 3126 2643 3194 ἡμῖν
2669 3124 2751 3178 δεῖ
2777 3125 2879 3196 τῆς
2906 3125 3144 3195 νήψεως.
3177 3127 3221 3178 Κ
3232 3125 3430 3196 ρύπτει
3457 3125 3566 3199 γάρ

1963 3208 2187 3279 παγίδα,
2227 3211 2284 3262 ἐν
2323 3207 2667 3280 ἐλεημοσύνη
2710 3209 2809 3280 τὴν
2852 3207 3182 3273 κενοδοξίαν,
3227 3211 3288 3262 ὲν
3336 3211 3568 3282 νηστείᾳ

1960 3293 2061 3365 τὴν
2086 3292 2426 3357 ἀλαζονείαν,
2452 3293 2553 3346 οὐκ
2579 3296 2636 3344 ἐν
2666 3293 2897 3362 ἑτέροις,
2929 3293 3066 3346 ἀλλά
3089 3295 3146 3346 ἐν
3181 3293 3373 3357 αὐταῖς
3399 3296 3423 3334 δ
3444 3297 3567 3359 ταῖς

1960 3381 2129 3444 ὁδοῖς,
2172 3375 2262 3444 αἷς
2313 3379 2624 3450 βαδίζομεν,
2667 3380 2806 3450 ὅπερ
2853 3381 2971 3433 ἐστὶ
3009 3380 3105 3433 καὶ
3154 3379 3564 3452 χαλεπώτερον.

1974 3463 2261 3518 Ἆπιίαετο
2291 3464 2455 3534 φυγὴ
2480 3462 2582 3517 ἀπ’
2601 3463 2769 3532 ἐμοῦ.
2802 3465 2945 3534 Ὅρα
2973 3463 3137 3517 πάλιν
3176 3464 3372 3535 ἑτέραν
3402 3482 3566 3535 προσ-

1961 3547 2138 3619 θήκην
2164 3547 2274 3601 τῶν
2301 3546 2510 3600 δεινῶν.
2538 3547 2792 3599 Δείκνυσι
2820 3547 2931 3619 γάρ
2961 3548 3022 3599 οὐ
3057 3548 3217 3618 μόνον
3247 3548 3331 3600 ὄτι
3361 3551 3418 3601 ἐν
3440 3552 3564 3615 ταῖς

1959 3635 2098 3699 όδοίς
2137 3638 2192 3689 αί
2239 3635 2497 3704 παγίδες,
2548 3633 2656 3687 οὐδ’
2679 3635 2762 3687 ὅτι
2795 3634 2972 3698 οὐδεὶς
3003 3629 3072 3705 ἦν
3101 3638 3130 3688 6
3162 3633 3398 3707 βοηθῶν,
3439 3637 3565 3692 οὐδὲ

1960 3724 1990 3775 6
2026 3720 2441 3790 ἐπιγινώσκωνο
2473 3718 2588 3772 ἀλλ’
2623 3720 2707 3772 ὅτι
2736 3720 2859 3774 οὐδὲ
2899 3719 2962 3772 τὸ
2990 3719 3314 3790 λειπόμενον
3360 3723 3510 3792 αὐτῷ
3532 3723 3562 3764 h

1960 3806 2099 3875 πρὸς
2125 3802 2467 3874 ἀπαλλαγὴν,
2513 3803 2576 3854 τὸ
2602 3805 2747 3874 φυγῇ
2779 3801 2878 3873 τὴν
2904 3803 3178 3875 σωτηρίαν
3207 3804 3560 3876 πορίσασθαι,

1964 3888 2146 3960 ῥᾴδιον
2179 3888 2275 3940 καὶ
2318 3885 2541 3938 εὔκολον
2581 3880 2670 3956 ἦν.
2701 3885 2888 3950 Οὕτως
2934 3888 2992 3940 ἐν
3025 3887 3213 3957 μέσοις
3253 3888 3562 3959 ἀπείληπτο

1957 3981 2071 4042 τοῖς
2105 3979 2318 4041 κακοῖς,
2351 3977 2448 4030 καὶ
2485 3977 2544 4029 ἐν
2583 3975 2812 4047 ἀφύκτῳ
2851 3978 3108 4049 συμφορᾷ
3134 3973 3226 4048 ἦν,
3263 3977 3379 4030 ἀλλ’
3407 3979 3559 4049 ὅμως

1961 4067 2056 4121 καὶ
2087 4066 2262 4131 οὕτως
2289 4068 2389 4121 οὐκ
2434 4067 2804 4136 ἀπεγίνωσκε,
2837 4067 3092 4137 Καζούκ
3122 4068 3296 4122 ἐστιν
3323 4073 3357 4123 ό
3392 4068 3562 4139 ἐκζη-

1958 4154 2079 4208 τῶν
2111 4153 2227 4222 τὴν
2261 4152 2476 4224 ψυχήν
2517 4172 2661 4226 μου,
2691 4155 2996 4220 τουτέστιν,
3022 4157 3050 4207 6
3081 4156 3330 4228 ἀμύνων,
3360 4159 3388 4209 ό
3430 4157 3560 4232 βοηο

1961 4243 2091 4297 θῶν.
2129 4242 2196 4295 Τί
2241 4238 2336 4296 οὖν
2385 4242 2580 4310 αὐτός;
2626 4239 2736 4313 ἆρα
2777 4245 2793 4283 ί
2839 4246 2896 4296 ἐν
2939 4244 3181 4317 τοσαύτῃ
3225 4248 3431 4320 ἀπορίᾳ
3465 4250 3560 4303 καὶ

1959 4329 2248 4402 ἀμηχανίᾳ
2270 4329 2346 4383 ῶν
2373 4331 2600 4399 ἀπέγνω
2626 4330 2726 4402 τὴν
2754 4331 3063 4408 σωτηρίαν;
3096 4331 3394 4405 Οὐδαμῶςο
3421 4335 3561 4392 ἀλλά

1960 4419 2097 4490 πρὸς
2130 4418 2222 4472 τὸν
2254 4416 2388 4471 Θεὸν
2417 4419 2754 4488 καταφεύγει
2791 4419 3015 4486 εὐθέως,
3055 4420 3152 4474 καὶ
3181 4420 3358 4488 λέγει’
3406 4423 3560 4478 Ἑκέ-

1957 4507 2154 4576 κραξα
2197 4505 2349 4574 πρὸς
2379 4504 2476 4571 σὲ,
2520 4506 2721 4574 Κύριε,
2767 4501 2930 4572 εἶπα,
2971 4506 3055 4561 Σὺ
3098 4503 3156 4562 εί
3193 4508 3371 4576 ἐλπίς
3409 4527 3559 4580 μου,

1952 4595 2127 4667 μερίς
2165 4591 2325 4673 ,ιιουὶ
2365 4593 2436 4647 ἐν
2484 4591 2561 4662 γῆ
2599 4590 2850 4653 ἅλιντων.
2900 4594 3068 4664 Ὁρᾷς
3126 4595 3290 4666 νῆψιν
3339 4597 3560 4669 ψυχῆς;

1959 4685 2075 4740 Οὐκ
2107 4680 2404 4735 ἐϐάπτισεν
2452 4680 2617 4733 αὐτὸν
2649 4680 2718 4734 τὰ
2761 4680 2934 4745 δεινὰ,
2971 4681 3112 4735 ἀλλὰ
3157 4683 3360 4754 μᾶλλον
3392 4686 3560 4740 ἐπτέ-

1961 4787 2128 4842 ρωσε,
2153 4768 2250 4823 καὶ
2270 4769 2330 4821 ἐν
2356 4768 2594 4836 ἀπόροις
2609 4767 2705 4833 ὢν,
2733 4767 2876 4838 ἔγνω
2902 4769 3003 4840 τὴν
3029 4769 3242 4842 ἄμαχον
3271 4775 3432 4842 χεῖρα
3463 4775 3560 4828 καὶ

1957 4855 2057 4927 τὴν
2097 4855 2360 4928 παναλκῆ
2389 4854 2643 4926 δύναμιν,
2692 4857 2788 4909 καὶ
2829 4856 2931 4928 τὴν
2961 4857 3021 4911 ἐν
3053 4859 3361 4928 ἀμηχάνοις
3398 4861 3559 4914 εὐκο-

1958 4943 2100 4999 λίαν.
2131 4944 2308 5010 Ετπα,
2339 4943 2423 5002 σὺ
2446 4939 2510 4998 εἷ
2530 4943 2710 5010 ἐλπίς
2728 4961 2874 5014 μου.
2915 4944 2999 4999 Τά
3027 4945 3370 5018 ἀνθρώπινα,
3397 4950 3554 5019 φησὶ,

1959 5032 2139 5087 πάντα
2163 5031 2510 5103 ἐλήλεγκται,
2553 5032 2648 5085 καὶ
2673 5033 2703 5085 6
2735 5031 2946 5104 χειμὼν
2983 5035 3188 5106 μείζων
3235 5038 3560 5108 συμμαχίας

1959 5120 2133 5184 οὓτως
2168 5120 2410 5192 ἀπάσης,
2436 5118 2514 5184 ὡς
2541 5118 2769 5190 οὐδεμιᾷ
2799 5121 2966 5194 τέχνῃ
2993 5115 3107 5177 οἷόν
3136 5139 3195 5176 τε
3228 5119 3366 5177 εἷναι
3399 5141 3559 5198 περι-

1959 5208 2212 5278 γενέσθαι
2244 5207 2340 5262 τοῦ
2382 5207 2662 5276 ναυαγίου.
2701 5207 2840 5262 Ἀλλ’
2868 5210 3018 5280 ὅμως
3049 5213 3100 5264 εί
3133 5213 3229 5265 καὶ
3263 5213 3416 5284 παρὰ
3457 5216 3558 5268 dv-

1960 5297 2201 5369 θρώποις
2237 5295 2413 5350 ταῦτα
2451 5296 2832 5363 ἀπέγνωσται,
2879 5298 2975 5351 καὶ
3008 5298 3211 5364 πάντες
3241 5301 3557 5371 ἀπηγορεύ-

1963 5402 2158 5454 σαμεν,
2201 5383 2338 5438 ἀλλά
2372 5384 2455 5437 σοί
2497 5383 2678 5438 πάντα
2720 5384 2912 5455 ῥᾴδια·
2944 5385 3069 5440 ὅθεν
3102 5389 3198 5440 καὶ
3243 5388 3557 5454 ἐλπίζοντες

2027 5523 2052 5587 ς
2077 5511 2227 5587 ξεινίι.
2251 5524 2348 5587 om.

2029 5573 2047 5610 ί
2081 5573 2207 5636 Tres
2231 5586 2348 5622 mss.
2369 5573 2607 5636 ἐξήγαγεν.

2025 5636 2052 5675 ι
2079 5635 2252 5700 μοι-οὶ.
2267 5637 2356 5683 καὶ
2389 5635 2438 5700 ἐν
2461 5635 2638 5698 ἑτέροις
2656 5636 2798 5697 ἀλλα,
2834 5638 2916 5687 καὶ
2935 5638 2984 5687 ἐν
3006 5638 3188 5700 αὐταῖς,
3208 5640 3371 5690 minus
3395 5646 3552 5692 recte.

1962 5696 2061 5758 N63
2080 5697 2231 5746 Savil.
2258 5697 2529 5758 squimur.

2022 5757 2051 5797 Ιι
2079 5759 2213 5808 Unus
2234 5754 2400 5806 αὐτοῦ.

2029 5820 2045 5884 ξ
2070 5822 2153 5869 Sic
2177 5821 2358 5884 Sen/IL;
2383 5820 2474 5884 ἆρα
2495 5820 2697 5884 d_ccslin
2725 5820 2892 5875 Morel.

2032 5881 2048 5935 ἰ
2077 5882 2224 5932 Savil.
2240 5881 2370 5946 μερίς
2395 5881 2486 5945 μου
2499 5882 2558 5932 εἰ.
