4154 6434
219 402 335 462 445

204 602 353 674 apud
402 602 673 672 homines,
721 619 1015 676 omnesque
1058 604 1255 661 defessi
1282 614 1352 662 et
1380 608 1539 666 malis
1576 611 1819 668 exhausti

200 692 403 760 sinus,
437 694 529 749 tibi
562 702 740 751 tamen
766 695 946 750 omnia
978 702 1105 750 sunt
1130 696 1300 751 facilia
1329 712 1345 751 :
1376 696 1522 757 unde
1557 701 1720 757 etiam
1765 702 1819 757 in

199 795 259 841 te
287 793 576 855 sperantes
602 785 824 842 minime
849 786 1259 855 languescimus.
1290 785 1472 844 Portio
1518 807 1632 846 mea
1673 807 1726 846 es
1764 792 1819 847 in

196 883 342 929 terra
366 874 661 929 uisentium.
711 876 823 930 lloc
844 885 945 939 est,
990 877 1123 932 Sors
1161 891 1303 945 mea,
1336 879 1615 936 thesaurus
1644 896 1817 951 meus,

196 963 411 1019 divitia
436 978 596 1031 mem,
627 965 807 1019 omnia
839 964 953 1034 ipse
988 981 1071 1024 es.
1097 964 1162 1023 In
1194 978 1331 1024 terra
1352 970 1641 1028 viventium.
1687 972 1818 1029 Ter-

193 1066 317 1108 ram
346 1053 647 1109 viventium
674 1053 762 1109 hic
791 1067 948 1113 vocat
976 1060 1200 1129 patriam
1230 1073 1403 1114 suam.
1439 1059 1813 1131 Captivitatem

192 1141 346 1198 etaim
403 1143 784 1214 Babylonicum
823 1147 1025 1203 inferos
1066 1157 1123 1205 et
1171 1157 1403 1205 mortem
1449 1165 1594 1222 saepe
1636 1161 1811 1210 vocat.

194 1232 415 1296 Deinde
439 1236 567 1311 quia
606 1255 730 1296 cum
754 1242 806 1295 in
833 1242 1007 1296 aliena
1035 1250 1179 1299 esset
1203 1241 1448 1314 regione,
1492 1244 1682 1301 solitus
1705 1261 1813 1302 non

192 1332 567 1403 peragebatur
594 1334 793 1401 cultus,
823 1335 931 1390 illic
956 1344 1135 1390 autem
1162 1335 1341 1390 omnia
1370 1350 1520 1391 sacra
1549 1345 1602 1393 et
1622 1352 1813 1395 omnes

193 1423 573 1492 implebantur
608 1425 931 1480 ceremonize
961 1442 976 1479 :
1002 1435 1286 1496 propterea
1312 1426 1462 1491 dicit,
1497 1426 1675 1484 Portio
1700 1447 1815 1485 mea

191 1530 247 1569 es
273 1515 331 1569 in
360 1524 503 1571 terra
533 1517 820 1572 uisentium.
851 1517 1077 1589 Semper
1114 1518 1220 1574 mei
1247 1534 1430 1575 curam
1459 1522 1694 1592 gessisti,
1729 1523 1813 1579 in-

190 1604 336 1675 quit,
390 1614 449 1663 et
472 1621 559 1663 me
586 1607 679 1663 tibi
707 1606 1025 1664 familiarem
1049 1608 1217 1665 feciSti
1241 1609 1298 1666 in
1330 1618 1470 1665 terra
1492 1612 1808 1682 viventium,

191 1703 250 1751 ct
279 1712 479 1768 lingua
507 1697 638 1753 mihi
666 1708 840 1754 tecum
869 1700 1172 1757 intercessit
1197 1701 1524 1773 coniunctio.

268 1786 504 1845 Peccats
544 1807 823 1862 nunquam
852 1792 1003 1864 digne
1026 1791 1166 1849 Deus
1194 1796 1378 1866 punit;
1403 1797 1652 1865 confessio
1680 1815 1807 1871 gra-

194 1878 389 1933 tiarum
412 1880 567 1935 actio.
593 1909 670 1922 —
692 1882 749 1936 7.
778 1880 997 1938 Intende
1038 1883 1109 1937 ad
1147 1883 1551 1956 deprecationem
1602 1904 1766 1944 nteant
1787 1931 1805 1959 ,

191 1970 321 2036 quia
371 1970 673 2027 [inutilium
719 1987 833 2027 sum
874 1973 1046 2029 nimis.
1069 1972 1233 2030 Vides
1256 1976 1528 2047 quomodo
1554 1978 1705 2051 quod
1725 1995 1808 2034 su-

192 2061 388 2131 pet-ius
410 2061 569 2128 dixit,
618 2063 722 2119 hoc
744 2065 904 2121 etiam
926 2065 1078 2135 ponit
1106 2064 1194 2123 hic
1222 2081 1327 2137 pro
1352 2068 1434 2123 sui
1463 2068 1802 2138 defensione,

194 2152 345 2222 quod
372 2151 690 2209 humiliatus
710 2154 800 2222 sit,
826 2155 1065 2227 inquam,
1095 2157 1240 2227 quod
1267 2166 1607 2229 peccatorum
1644 2176 1804 2232 supra

192 2244 424 2299 modum
475 2260 665 2315 poenas
706 2245 931 2302 dederit.
961 2247 1075 2303 lioc
1103 2259 1307 2316 autem,
1348 2248 1543 2317 Nimis,
1572 2266 1679 2307 non
1722 2262 1805 2309 est

190 2351 386 2393 eorum
424 2354 545 2405 qua:
584 2338 717 2392 iacta
766 2347 891 2393 sunt
926 2339 1393 2409 reprehensionis,
1420 2342 1515 2398 sed
1556 2342 1675 2413 ejus
1712 2346 1803 2414 qui

191 2427 401 2497 patitur
425 2428 628 2482 doloris
661 2437 717 2482 et
746 2427 1093 2485 inﬁrmitatis.
1123 2430 1179 2485 Si
1210 2432 1375 2496 enim,
1406 2432 1532 2502 quid
1585 2445 1801 2504 peccata

202 2526 543 2579 mereantur.
575 2519 899 2589 respexeris,
930 2530 1139 2576 nonest
1159 2522 1323 2577 nimia
1354 2521 1655 2580 bumiliatio
1678 2543 1693 2581 :
1720 2526 1803 2581 sin

188 2618 380 2663 autem
439 2607 560 2679 ejus
606 2610 697 2680 qui
747 2608 851 2665 fert
897 2610 1358 2680 imbecillitatem,
1419 2614 1582 2670 nimia
1622 2625 1705 2671 est
1747 2625 1804 2673 et

191 2714 360 2769 supra
414 2700 655 2756 Modum.
698 2702 839 2758 Deus
881 2696 1028 2759 enim
1074 2720 1364 2776 numquam
1396 2721 1584 2776 pinnas
1636 2708 1804 2764 sumit

188 2799 431 2862 quantas
458 2802 737 2848 merentur
786 2805 1026 2864 peccata.
1056 2794 1209 2862 Quod
1240 2797 1284 2852 si
1316 2798 1381 2853 iis
1407 2798 1496 2869 qui
1530 2801 1802 2869 patiuntur

189 2880 411 2937 videtur
457 2897 583 2939 esse
634 2883 1029 2952 intolerabilis,
1086 2886 1140 2941 id
1188 2902 1295 2941 non
1333 2902 1400 2943 ex
1453 2904 1639 2945 eorum
1677 2906 1800 2961 qua:

192 2977 333 3029 nunt
360 2984 555 3030 natura
578 2976 953 3046 proﬁciscitur,
982 2976 1076 3033 sed
1106 2992 1175 3033 ex
1209 2978 1571 3036 imbecillitate
1608 2995 1798 3037 eorum

190 3066 286 3135 qui
314 3066 407 3120 illa
433 3067 721 3124 sustinent.
755 3066 935 3122 Libera
962 3085 1041 3123 me
1067 3086 1100 3124 a
1129 3071 1535 3141 persequentibus
1560 3090 1657 3141 me,
1679 3076 1800 3144 quia

194 3157 608 3227 confer-talium
630 3175 782 3228 super
800 3176 899 3214 nte.
922 3160 1061 3216 Ecce
1074 3176 1264 3217 rursus
1286 3163 1388 3218 alia
1405 3178 1585 3231 causa,
1604 3180 1800 3236 nempe

192 3249 417 3319 injustze
444 3264 656 3318 eorum,
674 3252 762 3322 qui
791 3253 938 3307 illum
966 3255 1241 3310 incessunt
1270 3295 1285 3322 ,
1318 3255 1546 3322 insidias,
1575 3265 1630 3313 et
1653 3258 1798 3329 quod

191 3339 309 3410 ipse
340 3340 412 3395 sit
441 3339 599 3396 valde
620 3341 941 3399 imbecillus.
968 3345 1021 3399 8.
1046 3342 1193 3399 Educ
1226 3346 1290 3400 de
1322 3348 1550 3402 custodia
1572 3350 1798 3405 animam

189 3446 359 3485 man
400 3474 417 3497 ,
455 3430 527 3484 ed
559 3433 903 3501 conﬁtendum
954 3436 1145 3491 nomini
1195 3445 1300 3491 tuo.
1350 3436 1605 3495 Conﬂteri
1639 3482 1657 3509 ,
1709 3442 1798 3498 hic

198 3523 421 3593 ponitur
461 3537 563 3595 pro
606 3539 672 3579 eo
709 3526 853 3596 quod
885 3535 969 3582 est
1009 3529 1209 3599 gratias
1248 3544 1429 3601 agere.
1451 3531 1567 3589 Hoc
1594 3542 1677 3591 est
1702 3550 1801 3590 au-

193 3621 302 3667 tern
331 3654 349 3679 ,
374 3613 521 3683 quod
548 3613 714 3670 dicit:
746 3615 941 3674 Libera
967 3634 1055 3674 me
1078 3633 1109 3673 a
1130 3620 1306 3676 malis.
1354 3621 1462 3678 Per
1499 3624 1795 3681 custodiam

191 3703 358 3770 enim,
393 3718 490 3759 seu
532 3718 804 3762 carcerem
836 3749 852 3775 ,
883 3707 1149 3779 significat
1174 3725 1411 3768 smnutas
1439 3714 1793 3772 calamitates.

262 3795 321 3850 3.
360 3795 443 3851 Ad
464 3798 808 3867 conﬁtendum
831 3802 1025 3856 nomini
1045 3810 1155 3858 tuo.
1190 3803 1305 3860 Hoc
1330 3821 1546 3877 quoque
1570 3816 1655 3864 est
1681 3824 1791 3864 non

192 3900 415 3955 parvum
444 3928 460 3953 ,
491 3898 550 3943 ut
569 3890 659 3960 qui
681 3890 843 3947 rebus
866 3901 1086 3949 utuntur
1111 3896 1368 3952 secundis
1394 3938 1409 3962 ,
1440 3909 1790 3971 acceptorum

192 3974 574 4034 beneficiorum
600 3981 819 4039 minime
844 3984 1245 4042 obliviscantur.
1272 3988 1421 4043 Multi
1447 3991 1591 4047 enim
1615 3994 1793 4049 homi-

191 4080 290 4123 nes
326 4067 383 4124 in
429 4069 809 4128 afﬂictionibus
854 4075 1069 4145 quidem
1118 4086 1243 4134 sunt
1282 4079 1655 4151 diligentiores
1690 4094 1705 4152 ;’
1737 4090 1790 4142 in

193 4161 356 4217 rebus
376 4172 558 4218 autem
591 4167 865 4236 prosperis
888 4209 903 4236 ,
931 4170 1044 4225 otio
1068 4172 1411 4230 socordiores
1443 4194 1457 4230 :
1488 4176 1576 4231 alii
1606 4194 1791 4237 rursus

195 4253 246 4307 in
274 4254 454 4323 quiete
474 4266 527 4309 et
552 4256 712 4311 rebus
732 4258 981 4315 secundis
1007 4272 1126 4316 sunt
1158 4264 1510 4335 negligentes,
1536 4276 1591 4324 ct
1622 4270 1676 4325 in
1706 4287 1792 4327 re-

194 4345 293 4400 bus
318 4346 558 4402 adversis
585 4348 655 4404 de
682 4364 742 4406 se
763 4350 1071 4422 desperant,
1103 4363 1158 4410 et
1180 4355 1315 4411 tium
1338 4358 1659 4429 supiniores.
1682 4361 1791 4417 Sed

195 4436 282 4491 hic
318 4436 370 4493 in
417 4445 641 4509 utraque
686 4439 877 4495 horum
919 4451 1217 4513 temporum
1260 4446 1559 4511 diﬂ‘erentia
1609 4463 1790 4508 manet

193 4542 408 4599 semper
452 4530 698 4587 eamdem
740 4533 1045 4590 cautionem
1089 4536 1391 4605 adhibens;
1424 4556 1599 4611 neque
1644 4546 1788 4599 enim

193 4619 429 4687 afﬂictio,
459 4632 519 4677 ut
544 4623 589 4677 is
612 4624 793 4680 animo
817 4626 1161 4695 concideret,
1190 4629 1372 4686 eﬂ’ecit
1398 4675 1413 4700 ,
1442 4634 1537 4689 sed
1565 4635 1631 4691 ad
1658 4652 1785 4691 ora-

196 4714 390 4770 tionem
439 4716 617 4785 potius
658 4724 714 4772 et
758 4719 1200 4789 supplicationem
1242 4738 1365 4785 eum
1384 4726 1645 4782 adducit:
1688 4744 1792 4785 nec

194 4821 367 4861 rerum
396 4821 770 4876 prosperarum
792 4824 1080 4867 successus
1113 4820 1169 4869 et
1194 4815 1360 4869 otium
1386 4831 1509 4873 eum
1536 4821 1787 4890 supinum

197 4897 441 4963 reddidit,
472 4898 567 4954 sed
593 4909 718 4956 tunc
736 4901 1138 4971 etiamvparatus
1167 4916 1248 4961 cst
1273 4907 1340 4961 ad
1368 4911 1659 4979 gratiarum
1690 4928 1785 4968 ac-

199 4991 412 5045 tionem.
446 4990 533 5045 He
556 4994 919 5062 exspectabant
937 4996 1071 5067 justi
1096 5037 1111 5063 ,
1157 4998 1318 5053 donec
1355 5002 1605 5057 retribuas
1640 5006 1787 5060 milii.

198 5079 359 5142 Alius,
386 5079 714 5136 Coronubunt
732 5084 901 5153 justi,
930 5088 1138 5156 quando
1160 5105 1239 5143 me
1266 5089 1508 5163 beneficio
1531 5092 1784 5161 olfeceris.

180 5171 325 5239 'Quid
353 5171 455 5227 hoc
492 5174 624 5228 est?
668 5174 780 5230 iloc
817 5192 1031 5248 quoque
1052 5179 1212 5248 justis
1243 5181 1505 5251 proderit.
1539 5184 1617 5240 illi
1644 5187 1787 5243 enim

194 5264 512 5333 gaudebunt,
544 5264 723 5321 laetitia
755 5267 1058 5325 afﬁcientur
1084 5311 1101 5337 ,
1132 5273 1476 5329 exsultabunt
1506 5316 1522 5341 ,
1551 5292 1671 5332 eum
1701 5295 1788 5335 me

202 5354 416 5411 viderint
445 5356 728 5415 liberatum
758 5376 789 5415 a
816 5362 988 5417 malis.
1023 5363 1183 5420 Tales
1223 5366 1369 5421 enim
1414 5380 1538 5424 sunt
1569 5380 1787 5427 sancto-
1846 5420 1859 5423 ,

200 5461 307 5498 runt
333 5448 566 5503 animas:
598 5465 787 5506 eorum
816 5467 936 5508 cum
964 5454 1159 5523 quibus
1196 5458 1338 5513 male
1372 5460 1549 5531 agitur
1573 5502 1587 5527 ,
1618 5462 1785 5519 mise-

199 5545 393 5601 rentur;
418 5552 518 5593 nec
540 5539 605 5594 iis
625 5539 1076 5613 invidentquibus
1100 5560 1187 5601 res
1206 5548 1457 5605 secunda:
1482 5554 1783 5621 evenerint,

199 5627 287 5683 sed
312 5630 545 5699 gaudent
567 5640 623 5687 et
649 5633 896 5689 latantur
922 5677 937 5701 ,
989 5646 1044 5692 et
1091 5635 1157 5692 iis
1196 5640 1285 5709 qui
1318 5640 1578 5697 beneficio
1607 5643 1787 5702 allecti

198 5730 316 5774 sunt
336 5720 692 5790 gratulantur.
720 5725 873 5791 Quod
894 5727 1056 5781 etiam
1082 5728 1243 5797 jussit
1273 5729 1493 5799 Paulus,
1522 5731 1783 5805 Gaudere,

200 5810 455 5883 inquiens,
472 5828 592 5869 cum
612 5816 963 5891 gaudentibus,
994 5828 1039 5874 et
1065 5821 1187 5890 ﬂere
1213 5838 1326 5877 cum
1353 5824 1779 5899 ﬂentibus(Rom.

1350 400 1712 464 EXPOSITIO
1752 406 1816 462 IN
1846 406 2171 469 PSALMUM
2204 411 2413 477 CXL".

209 514 485 585 fragium;
516 521 571 572 et
597 524 777 573 tamen
813 515 1021 571 etiamsi
1050 513 1165 571 lucc
1194 516 1372 572 omnia
1398 516 1685 587 desperata
1715 521 1824 577 sint

1937 524 2024 580 η.
2058 528 2168 597 l5).
2194 527 2311 587 Non
2337 541 2420 588 est
2448 541 2627 590 autem
2652 533 2771 593 lucc
2799 551 2960 610 parva
2987 541 3179 598 virtus.
3211 541 3361 621 Multi
3385 547 3533 603 enim

1924 616 2229 685 jacentibus
2252 621 2544 681 laetabundi
2565 627 2844 697 insultant,
2871 638 2927 686 et
2954 646 3015 688 se
3038 616 3367 705 erigentibus
3392 638 3536 695 invi-

1926 706 2090 775 dent,
2119 726 2186 767 ex
2212 712 2532 773 crudelitate
2554 726 2610 774 et
2633 733 2842 776 summa
2868 722 3257 782 inhumanitate
3278 737 3533 800 utrasque

1928 798 2027 856 bas
2056 802 2486 871 perturbationes
2510 809 2675 865 animi
2708 813 3000 882 parientes.
3028 817 3097 871 At
3122 832 3230 873 non
3257 819 3335 875 sic
3358 798 3527 890 justi,

1924 889 2021 946 sed
2051 891 2120 947 ab
2147 894 2249 950 hoc
2273 906 2501 969 utroque
2527 901 2657 957 vitio
2684 902 2917 971 liberati,
2940 920 3063 961 cum
3090 906 3200 962 sint
3221 889 3534 967 miscricoro

1924 981 2024 1039 des
2053 994 2106 1040 et
2141 985 2440 1045 clementes
2468 1032 2485 1060 ,
2513 990 2612 1047 has
2648 993 2876 1052 virtutes
2915 999 3213 1067 possident.
3260 1001 3530 1070 Quemad-

1923 1073 2141 1162 modum
2173 1092 2303 1149 ergo
2328 1080 2433 1136 illis
2457 1096 2525 1137 ex
2550 1084 2872 1142 crudelitate
2896 1095 3119 1161 utraque
3146 1093 3422 1162 eveniunt,
3454 1096 3524 1152 ita

1923 1162 2007 1219 his
2029 1158 2246 1235 propter
2266 1168 2658 1230 humanitatem
2682 1185 2735 1231 et
2760 1158 3099 1235 clementiam
3125 1223 3141 1246 ,
3173 1184 3317 1254 quod
3342 1158 3525 1243 eteo-

1922 1268 2041 1308 rum
2089 1256 2180 1326 qui
2230 1256 2415 1315 dolent
2441 1264 2965 1338 commisereantur,
2996 1269 3134 1328 etiis
3165 1288 3290 1332 cum
3331 1277 3526 1348 quibus

1917 1344 2057 1402 bene
2076 1350 2251 1419 agitur
2273 1353 2627 1412 collmtentur.

1990 1437 2289 1510 Aﬁtictionis
2314 1444 2587 1503 tolerantia
2618 1451 3086 1514 Meritorum—Cur
3112 1469 3294 1517 autem
3325 1462 3463 1522 dixit
3493 1508 3510 1532 ,

1918 1524 2099 1622 Donec
2144 1532 2399 1591 retribuas
2437 1537 2563 1593 mihi
2590 1539 2619 1594 .’
2644 1541 2802 1600 Alio!
2844 1546 3059 1617 quidem
3089 1550 3222 1608 dicit
3250 1594 3269 1622 ,
3301 1524 3523 1622 Quando

1916 1619 2044 1674 mihi
2054 1619 2359 1693 bene/acetis
2374 1628 2477 1699 (a).
2498 1630 2603 1687 Alii
2628 1648 2777 1703 vero,
2803 1636 3024 1710 Quando
3038 1619 3281 1701 retribues
3300 1619 3524 1705 circnm-

1914 1710 2170 1767 neraben's
2196 1731 2293 1771 me.
2336 1719 2498 1791 Atqui
2524 1724 2774 1793 superius
2799 1722 2933 1784 dixit
2961 1730 3309 1793 sfﬂictionem
3336 1747 3393 1795 et
3420 1740 3523 1798 hu-

1914 1802 2269 1862 miliationem
2302 1848 2318 1876 ,
2352 1825 2460 1867 non
2509 1816 2770 1885 praclara
2810 1819 3045 1880 facinora
3070 1866 3087 1894 ,
3124 1842 3226 1886 nec
3263 1844 3330 1887 ex
3370 1842 3520 1891 recte

1913 1891 2067 1994 factis
2107 1896 2376 1956 fiduciam.
2424 1902 2592 1975 Cujus
2630 1920 2812 1966 autem
2855 1913 2935 1969 rei
2977 1891 3283 1975 mercedem
3335 1924 3519 1994 petit?

1913 1982 2020 2041 Pro
2044 1986 2238 2045 diebus
2265 1994 2671 2055 bnmiliationis.
2700 1999 2818 2057 Non
2846 2011 2931 2060 est
2958 2008 3101 2062 enim
3125 1982 3379 2081 pusillum
3411 2014 3514 2073 hoc

1911 2085 2059 2161 recte
2088 2079 2305 2151 factum,
2331 2084 2474 2141 ferre
2498 2087 2844 2149 afﬂictioncm
2874 2109 2996 2151 cum
3021 2079 3313 2169 gratiarum
3341 2108 3513 2161 actio-

1912 2181 2000 2233 ne,
2025 2176 2080 2223 et
2101 2169 2221 2227 ideo
2250 2183 2406 2230 vocat
2426 2179 2856 2251 retributionem,
2881 2200 3000 2241 eam
3021 2229 3036 2255 ,
3069 2182 3300 2259 quasilla
3329 2197 3514 2266 sequi-

1913 2263 2017 2323 tur,
2037 2261 2359 2319 mercedem.
2384 2265 2462 2321 Ne
2483 2283 2584 2324 nos
2604 2285 2733 2342 ergo
2749 2287 3010 2344 angamur
3033 2278 3086 2332 in
3112 2261 3512 2357 afﬂictionibus,

1909 2349 2005 2405 sed
2034 2367 2253 2409 oremus
2283 2373 2352 2413 ne
2391 2360 2653 2420 intremus
2676 2365 2729 2420 in
2754 2370 3108 2427 tcutationem
3136 2390 3151 2429 :
3185 2392 3307 2447 quae
3330 2388 3513 2440 autem

1908 2446 2191 2502 evenerint
2217 2450 2568 2521 excipiamus.
2604 2456 2678 2512 Ita
2704 2461 2851 2515 enim
2881 2473 2934 2518 et
2959 2476 3174 2534 peccata
3205 2446 3386 2528 nostra
3417 2473 3513 2533 de.

1911 2538 2200 2605 ponimus:
2230 2551 2286 2597 et
2317 2544 2363 2599 si
2386 2561 2490 2614 qua
2522 2559 2606 2604 est
2635 2549 2688 2605 in
2721 2554 2880 2613 nobis
2894 2556 3128 2626 justitia,
3166 2577 3289 2619 eam
3318 2566 3514 2633 clario-

1906 2639 2023 2681 rem
2052 2629 2346 2689 reddimus.
2380 2633 2436 2690 ld
2460 2648 2640 2695 autem
2666 2641 2769 2697 Job
2783 2647 3041 2714 ostendit,
3070 2652 3160 2719 qui
3191 2663 3318 2711 tunc
3340 2660 3516 2730 magis

1905 2718 2120 2777 claruit.
2152 2721 2266 2781 Hoc
2292 2724 2492 2784 bonum
2523 2741 2606 2787 est
2630 2734 2792 2790 etiam
2817 2738 2869 2792 in
2894 2718 3244 2811 corporibus:
3268 2747 3372 2805 hoc
3402 2718 3510 2808 non

1906 2810 2083 2869 solum
2107 2816 2264 2871 estin
2289 2818 2632 2891 hominibus,
2666 2826 2762 2882 sed
2796 2829 2958 2885 etiam
2989 2810 3042 2886 in
3071 2832 3245 2891 brutis
3272 2856 3285 2893 :
3320 2856 3427 2897 non
3453 2843 3509 2899 in

1907 2902 2079 2961 brutis
2109 2910 2283 2965 solum
2312 2953 2328 2977 ,
2358 2914 2453 2970 sed
2484 2918 2646 2973 etiam
2673 2919 2725 2974 in
2759 2920 2976 2990 plantis.
3006 2925 3076 2981 Et
3100 2926 3223 2984 ideo
3250 2946 3319 2986 ne
3342 2933 3395 2989 in
3426 2935 3511 2991 vi.

1908 2994 2048 3052 tibus
2085 3000 2301 3069 quidem
2336 3008 2651 3073 permittunt
2679 3013 2928 3082 agricolae
2956 3031 3138 3074 comas
3160 3020 3320 3077 nimis
3351 3023 3511 3082 luxu-

1906 3086 2068 3157 riare,
2099 3105 2199 3147 nec
2225 3092 2277 3147 in
2300 3094 2421 3151 aliis
2448 3099 2864 3167 arboribus,sed
2893 3121 2963 3161 nc
2991 3109 3214 3166 nimium
3241 3126 3509 3186 crescant,

1906 3176 2042 3236 falce
2076 3184 2396 3253 prohibent,
2424 3203 2616 3247 omnes
2640 3208 2824 3251 earum
2864 3198 3006 3255 vires
3044 3200 3096 3255 in
3128 3204 3339 3263 radices
3374 3223 3508 3264 con-

1903 3284 2200 3346 vcrtentes,
2231 3292 2301 3334 ne
2326 3294 2407 3336 ea:
2446 3281 2501 3337 in
2533 3282 2678 3341 foliis
2708 3301 3041 3361 consumptae
3083 3293 3291 3353 fructus
3316 3299 3510 3358 inanes

1902 3374 1957 3421 et
1993 3364 2214 3425 inutiles
2236 3371 2555 3441 producant.
2587 3376 2741 3445 Quod
2772 3382 2989 3451 quidem
3018 3389 3200 3443 evenit
3244 3391 3408 3446 etiam
3454 3394 3507 3449 in

1903 3457 2231 3517 hominibus.
2272 3462 2464 3521 Studio
2502 3468 2647 3523 enim
2688 3471 2741 3525 in
2785 3487 2848 3527 ea
2892 3490 3011 3546 quac
3062 3488 3186 3533 tunt
3235 3483 3507 3553 superﬂua

1900 3561 2254 3623 consumpto,
2278 3554 2600 3614 imbecillior
2638 3561 2696 3616 fit
2720 3564 2933 3620 animus
2962 3567 3028 3623 ad
3061 3568 3340 3628 ferendum
3364 3576 3507 3634 fruo-

1901 3647 2015 3696 tnm
2048 3644 2259 3714 pietatis
2287 3656 2555 3706 maturum
2582 3662 2636 3707 et
2666 3655 2981 3723 perfectum.
3010 3659 3123 3715 ilco
3146 3665 3311 3719 etiam
3336 3666 3508 3725 videri

1901 3744 2076 3804 potest
2104 3736 2157 3791 in
2184 3739 2361 3808 aquis:
2390 3740 2522 3807 Quae
2542 3744 2686 3799 enim
2709 3748 2957 3803 consistit
2986 3759 3042 3805 et
3061 3766 3170 3807 non
3199 3764 3344 3811 meat
3373 3798 3387 3821 ,
3420 3768 3506 3814 est

1866 3857 1881 3884 λ
1899 3824 2057 3880 noxia
2081 3845 2096 3882 :
2123 3828 2219 3884 sed
2251 3846 2370 3900 qua:
2398 3843 2678 3901 movetur,
2702 3838 3035 3911 exhauritur,
3072 3852 3127 3897 et
3148 3830 3244 3913 per
3272 3848 3429 3905 tubos
3450 3857 3510 3906 et

1897 3931 2051 3989 aqua:
2080 3918 2273 3977 ductus
2304 3926 2685 3981 transmittitur
2707 3970 2723 3995 ,
2752 3944 2861 3985 non
2890 3931 3065 3988 solum
3097 3946 3181 3992 est
3224 3937 3461 3996 salubris
3483 3982 3501 4007 ,

1898 4011 1995 4067 sed
2023 4023 2078 4067 et
2106 4014 2225 4069 visa
2254 4056 2271 4082 ,
2305 4027 2361 4071 et
2387 4026 2531 4073 tactu
2564 4061 2579 4085 ,
2613 4029 2669 4075 et
2695 4029 2822 4091 potu
2850 4033 2939 4078 est
2972 4024 3323 4095 jucundior'.
3343 4031 3506 4103 Saepe

1897 4106 2059 4160 etiam
2100 4106 2232 4162 vicit
2257 4117 2500 4165 naturam
2540 4111 2781 4169 afﬂictio.
2826 4115 2982 4185 Quod
3023 4119 3167 4175 enim
3215 4120 3500 4180 ﬂaccidutn

1895 4204 2003 4267 est,
2026 4207 2082 4254 et
2108 4199 2362 4256 deorsum
2393 4203 2584 4272 fertur,
2613 4206 2659 4261 si
2690 4219 2984 4276 prematur,
3008 4224 3224 4268 sursum
3253 4215 3501 4285 erigitur.

1897 4288 2050 4357 Quod
2075 4292 2236 4346 etiam
2267 4293 2463 4349 accidit
2488 4294 2540 4350 in
2574 4294 2900 4355 hominibus.
2932 4301 3033 4369 Qui
3065 4303 3208 4359 enim
3243 4304 3398 4363 facile
3427 4304 3507 4365 [ἐ-

1898 4390 2023 4436 runt
2051 4381 2373 4441 afﬂictioncs
2399 4428 2413 4450 ,
2444 4388 2745 4445 redduntur
2765 4394 3094 4451 excelsiores
3112 4439 3128 4463 ,
3153 4398 3365 4455 etiamsi
3396 4403 3509 4458 sint

1896 4474 2052 4529 valde
2075 4474 2270 4544 abjecti
2302 4518 2317 4542 ,
2368 4480 2567 4534 terreni
2598 4522 2615 4548 ,
2656 4492 2710 4536 et
2737 4481 2969 4541 humiles
2994 4505 3009 4542 :
3039 4495 3096 4543 et
3118 4504 3183 4545 ex
3216 4490 3281 4546 iis
3310 4507 3504 4565 magna

1896 4566 2182 4623 commoda
2225 4569 2522 4641 accipiunt.
2576 4573 2700 4628 llzcc
2738 4590 2867 4646 ergo
2908 4592 3031 4632 cum
3069 4581 3301 4638 sciamus
3333 4626 3349 4653 ,
3381 4600 3506 4641 cum

1894 4658 2187 4725 gratiarum
2213 4661 2429 4739 actione
2450 4660 2686 4719 feramus
2716 4666 2854 4721 mala
2885 4710 2900 4733 ,
2936 4685 3057 4739 qua:
3086 4672 3140 4727 in
3168 4689 3270 4731 nos
3302 4676 3501 4733 immit-

1898 4754 2084 4803 tuntur
2110 4789 2125 4813 ,
2168 4758 2226 4804 ut
2246 4733 2299 4807 et
2333 4750 2425 4806 illa
2452 4751 2609 4809 nobis
2636 4753 2764 4810 ﬂant
2792 4733 3057 4826 faciliora,
3081 4772 3137 4816 et
3161 4764 3300 4820 bona
3324 4764 3505 4824 futura

1896 4853 2294 4911 consequamur
2322 4859 2337 4896 :
2365 4859 2486 4914 quae
2533 4845 2693 4901 detur
2732 4850 2888 4904 nobis
2913 4852 3165 4909 omnibus
3192 4860 3450 4930 consequi
3485 4904 3503 4929 ,

1894 4932 2067 5002 gratia
2115 4942 2170 4989 et
2217 4934 2506 4992 clementia
2549 4938 2760 4994 Domini
2791 4943 2959 4997 nostri
2990 4942 3119 4999 Jesu
3139 4946 3341 5005 Christi
3366 4991 3381 5017 ,
3415 4952 3503 5007 cui

1894 5024 2063 5094 gloria
2092 5035 2148 5080 et
2168 5027 2485 5097 imperium,
2518 5045 2662 5086 nunc
2676 5042 2729 5086 et
2745 5046 2983 5104 semper,
2999 5044 3053 5091 et
3090 5036 3144 5093 in
3173 5042 3368 5097 secula
3394 5059 3504 5098 sa:-

1895 5116 2161 5171 cuiorum.
2197 5121 2393 5174 Amen.

2358 5233 2425 5289 1N
2464 5234 2794 5293 PSALMUM
2832 5238 3037 5296 CXLII.

2183 5328 2208 5380 1
2222 5366 2235 5379 .
2258 5324 2494 5396 Domine,
2520 5330 2709 5385 nandi
2731 5333 3011 5390 orationem
3035 5352 3217 5392 meant.

1968 5417 2017 5471 i.
2063 5416 2160 5472 Est
2201 5418 2417 5489 quidem
2461 5436 2732 5493 προσευχὴ,
2774 5435 2830 5481 et
2877 5430 3115 5497 precatio
3154 5446 3275 5502 quae
3303 5433 3364 5491 ﬂt
3408 5452 3502 5507 per

1960 5529 1976 5598 ξ
2004 5524 2121 5587 Alii,
2147 5541 2286 5602 (“nos
2306 5526 2357 5577 in
2375 5535 2531 5602 textu
2562 5537 2769 5602 secutus
2795 5538 2875 5583 est
2904 5534 3080 5602 Savil.,
3115 5534 3299 5586 habent
3325 5551 3337 5579 :
3368 5539 3493 5598 Qui:

1895 5586 2024 5665 enim
2343 5594 2395 5665 et
2430 5588 2589 5665 otiosa
2628 5599 2718 5665 est,
2761 5586 3129 5665 corrumpitur;
3167 5610 3287 5665 qua:
3325 5586 3489 5665 autem

1898 5653 2564 5723 ιιςιίηιρονιαμιιήἠιριιειιυζζ
2601 5653 2974 5719 circumfertur,
2991 5653 3239 5709 salubrior
3261 5667 3334 5711 est
3360 5662 3487 5723 risu,

1898 5716 1944 5763 et
1964 5716 2121 5777 tactu,
2146 5720 2190 5763 et
2208 5719 2324 5777 potu
2351 5716 2638 5777 jucundior.

1962 5773 2035 5833 (α)
2083 5773 2755 5849 licentem-interpretatio
2803 5786 2879 5832 est
2932 5783 3075 5845 juxta
3116 5786 3488 5849 Symmachum,

1900 5834 2055 5885 altera
2077 5837 2218 5897 juxta
2244 5834 2489 5901 Aquilam.
