4222 6442
683 394 787 451 “7

674 505 841 560 verba
860 547 877 571 ,
906 514 965 560 et
995 512 1077 557 cst
1103 501 1263 557 etiam
1293 501 1610 571 promissum
1638 512 1733 553 seu
1764 506 1961 552 votum.
1995 494 2258 563 Quocirca

682 592 871 651 suadet
907 595 1067 650 etiam
1106 593 1319 664 quidam
1349 593 1562 663 sapiens
1584 633 1600 657 ,
1628 590 1813 645 dicens
1834 630 1848 653 ,
1896 588 1979 643 Ne
2004 588 2259 642 iteraveris

680 686 883 739 verbum
916 685 969 738 in
998 685 1223 739 oratione
1248 698 1333 737 tua
1356 681 1544 754 (Eccli.
1573 682 1625 736 7.
1651 680 1755 751 15).
1785 680 1903 736 Non
1926 690 2101 735 autem
2132 678 2257 732 bor-

680 785 822 833 tatur
846 786 899 831 et
925 775 1111 830 suadet
1139 783 1196 829 ut
1218 788 1322 830 non
1350 773 1536 829 eadem
1564 773 1644 829 bis
1664 774 1923 835 dicamus,
1946 787 2068 827 cum
2093 770 2256 825 Deum

684 880 929 938 rogamus
954 876 1008 921 et
1034 879 1347 936 precamur;
1373 866 1547 919 absit:
1570 863 1821 934 jubemur
1844 863 1984 917 enim
2010 876 2257 931 perseve-

684 972 801 1011 rare
841 958 893 1011 in
936 957 1297 1019 orationibus;
1341 956 1434 1010 scd
1464 971 1531 1009 ne
1558 954 1867 1010 differamus
1902 953 2114 1024 quando
2151 953 2259 1006 Deo

683 1045 878 1116 aliquid
918 1045 1179 1101 fuerimus
1208 1045 1427 1116 polliciti
1454 1086 1468 1109 ,
1497 1053 1552 1099 et
1577 1043 1627 1098 id
1655 1044 1861 1098 solvere
1892 1056 2258 1112 properemus.

682 1135 748 1191 Et
778 1136 895 1191 ideo
922 1136 1051 1190 dicit
1072 1135 1196 1191 alibi
1227 1152 1240 1188 :
1271 1134 1355 1190 Ne
1378 1133 1587 1200 differas
1612 1134 1819 1188 reddere
1851 1143 2015 1186 votum
2048 1130 2254 1203 (Eccle.

687 1228 740 1284 5.
767 1229 843 1299 ὅ).
873 1228 1125 1283 Futurum
1155 1227 1295 1282 enim
1317 1235 1401 1280 est
1429 1226 1709 1280 incertum.
1742 1224 1833 1281 Vel
1856 1225 1995 1279 enim
2021 1224 2256 1289 morbus,

683 1318 764 1371 vel
794 1333 912 1388 qua:
938 1326 1134 1389 praeter
1160 1316 1468 1386 Opinionem
1499 1315 1745 1371 accidunt
1781 1315 1988 1384 negetia
2012 1355 2028 1380 ,
2075 1314 2259 1382 prohi-

686 1408 913 1463 buerint.
943 1408 1092 1475 Quod
1119 1408 1161 1462 si
1188 1407 1330 1461 enim
1354 1421 1499 1461 mors
1519 1406 1805 1460 adveniens
1826 1415 1876 1459 te
1898 1405 2257 1473 interrupcrit,

680 1515 784 1553 non
830 1500 1040 1553 dabitur
1086 1499 1178 1553 tibi
1224 1499 1395 1552 venia.
1437 1497 1739 1552 Orationem
1783 1507 1961 1551 autem
2006 1496 2093 1550 hic
2134 1494 2262 1549 dicit

681 1590 1054 1658 precationem.
1068 1596 1122 1642 et
1143 1587 1610 1663 supplicationem;
1634 1594 1689 1639 ct
1715 1585 1835 1640 ideo
1861 1584 2132 1654 subjunxit
2158 1586 2260 1639 hoc

681 1682 849 1750 ipsum
875 1680 1177 1750 significans
1193 1721 1208 1744 ,
1231 1678 1447 1731 Auribus
1468 1677 1666 1747 percipe
1689 1674 2074 1730 obsecrationem
2099 1690 2261 1728 meam

681 1774 734 1825 in
770 1772 971 1825 veritate
1004 1778 1111 1822 tua.
1144 1769 1324 1833 Alius,
1351 1766 1418 1821 In
1448 1768 1549 1835 ﬁde
1573 1777 1680 1820 tua.
1712 1768 1891 1831 Alius,
1923 1764 1990 1819 In
2026 1766 2263 1834 ﬁrmitate

680 1875 767 1919 tua
799 1863 892 1936 (a).
939 1863 1051 1917 Hoc
1077 1870 1161 1917 est
1184 1903 1200 1927 ,
1226 1863 1416 1916 Annue
1456 1860 1694 1929 petitioni
1719 1900 1736 1925 ,
1766 1868 1820 1915 et
1846 1858 1929 1913 lac
1956 1866 2012 1912 ut
2038 1871 2101 1913 ea
2125 1855 2258 1912 eil'e-

674 1965 820 2019 ctum
846 1960 1225 2021 consequatur,
1254 1960 1341 2004 tua
1370 1951 1591 2005 veritate
1615 1950 1936 2004 confirmans
1958 1965 1971 2000 :
1997 1956 2145 2003 utere
2171 1954 2260 2002 tua

683 2043 917 2118 potentia
959 2044 1025 2098 ad
1063 2058 1126 2098 ea
1172 2041 1435 2112 implenda
1460 2082 1476 2107 ,
1507 2056 1626 2111 quae
1668 2050 1809 2111 peto.
1849 2040 1955 2095 Sed
1986 2039 2259 2094 videamus

680 2136 975 2209 cujusmodi
1002 2136 1069 2190 sit
1094 2134 1395 2205 postulatio.
1425 2131 1578 2204 Apud
1605 2132 1866 2199 homines,
1900 2130 2111 2200 quando
2139 2130 2259 2199 quis

678 2232 832 2287 oll'ert
860 2216 1294 2300 supplicationem
1314 2267 1330 2294 ,
1364 2226 1466 2280 hoc
1499 2225 1957 2293 considerant,qui
1993 2238 2111 2279 eam
2138 2237 2260 2277 sua-

676 2323 880 2392 cipiunt
907 2322 947 2385 ί,
978 2328 1032 2375 et
1056 2321 1102 2373 si
1126 2320 1265 2387 justa
1296 2318 1365 2372 sit
1390 2333 1453 2373 ac
1478 2318 1730 2388 legitima,
1759 2315 1994 2369 auditur.

747 2412 1059 2468 Conscientia
1094 2410 1257 2479 judea:
1298 2410 1542 2473 interior;
1580 2408 1830 2462 auxilium
1857 2407 1955 2461 Dei
1993 2407 2046 2460 in
2081 2408 2257 2477 quibus

674 2492 820 2558 rebus
847 2500 1187 2570 qttwrendunt.
1216 2528 1288 2541 ——
1312 2499 1417 2553 Sed
1456 2499 1595 2567 apud
1635 2498 1877 2552 homines
1919 2498 2129 2567 quidem
2159 2513 2257 2567 pro

680 2594 970 2649 honoribus
994 2633 1009 2657 ,
1036 2590 1375 2660 dignitatibus
1401 2629 1417 2655 ,
1448 2599 1503 2643 et
1541 2589 1779 2659 pecuniis
1806 2587 1863 2641 lit
1900 2588 2214 2657 supplicatio
2236 2627 2254 2655 ,

675 2698 819 2752 stepe
846 2683 1004 2737 etiam
1035 2690 1087 2734 ut
1113 2679 1453 2750 prohibeatur
1481 2679 1669 2747 injuria
1706 2697 1719 2733 :
1745 2678 1830 2732 alii
1857 2688 2032 2732 autem
2064 2694 2125 2733 ea
2158 2694 2253 2747 pe-

679 2782 793 2828 tunt
822 2788 939 2842 qua:
965 2778 1089 2825 sunt
1116 2770 1335 2836 majora,
1371 2783 1525 2837 quam
1557 2778 1612 2823 ut
1639 2768 1753 2823 lieri
1785 2769 1987 2838 possint
2012 2784 2039 2822 a
2060 2769 2257 2838 judicic

678 2862 777 2917 bus
806 2879 819 2914 :
846 2877 943 2917 nos
967 2870 1144 2915 autem
1170 2859 1531 2928 supplicamus
1558 2873 1653 2927 pro
1686 2868 2022 2928 peccatorum
2050 2860 2256 2915 condo-

678 2955 892 3010 natione
916 2996 929 3018 ,
958 2962 1012 3008 et
1040 2963 1162 3006 tunc
1185 2952 1425 3006 venimus
1445 2952 1511 3005 ad
1537 2951 1972 3021 supplicationem
1997 2994 2013 3017 ,
2042 2952 2255 3022 quando

678 3045 914 3099 internus
956 3043 1119 3113 judex
1165 3058 1268 3096 non
1313 3041 1616 3108 remiserit,
1667 3043 1993 3097 conscientia
2039 3044 2253 3112 inquam

678 3146 859 3191 nostra
884 3177 898 3202 ,
927 3150 1044 3205 qua:
1075 3148 1170 3188 nos
1199 3140 1349 3203 urget
1373 3148 1434 3187 ac
1465 3140 1637 3187 vexat.
1684 3132 1865 3203 Neque
1889 3134 2029 3188 enim
2058 3135 2110 3187 in
2139 3134 2253 3203 ejus

675 3237 937 3300 potestate
965 3228 1122 3282 situm
1156 3234 1237 3280 est
1274 3225 1564 3280 remittere.
1602 3224 1668 3277 Et
1710 3223 2155 3293 quemadmodum
2186 3226 2251 3279 ad

678 3321 1051 3391 Imperatorem
1072 3331 1227 3371 nemo
1250 3331 1344 3385 pro
1365 3325 1513 3369 veste
1536 3311 1756 3369 discissa
1780 3354 1794 3379 ,
1826 3330 1923 3369 nec
1949 3330 2043 3384 pro
2067 3314 2251 3370 decem

675 3411 849 3466 obolis
886 3410 1079 3479 ereptis
1119 3407 1278 3461 audet
1317 3405 1612 3460 accedere:
1644 3406 1712 3458 ita
1753 3406 1909 3459 etiam
1951 3414 2006 3459 tu
2033 3446 2049 3471 ,
2097 3415 2254 3475 atque

675 3503 811 3558 adeo
842 3503 994 3571 longe
1031 3500 1255 3569 amplius
1278 3540 1293 3563 ,
1321 3513 1450 3553 cave
1490 3512 1557 3552 ne
1596 3497 1663 3551 ad
1706 3498 1867 3552 Deum
1899 3499 2120 3554 accedas
2159 3514 2254 3568 pro

676 3595 835 3652 rebus
865 3593 1049 3647 vilibus
1079 3601 1131 3647 et
1160 3590 1309 3644 nihili
1348 3608 1360 3643 :
1394 3598 1449 3642 ut
1474 3588 1618 3643 verbi
1646 3590 1833 3657 gratia,
1861 3590 1905 3644 si
1936 3592 2053 3660 quis
2084 3591 2135 3644 in
2164 3606 2254 3659 pe-

674 3684 830 3739 cunia
863 3682 955 3736 tibi
982 3680 1165 3737 fecerit
1190 3679 1454 3749 injuriam,
1478 3688 1567 3731 aut
1590 3680 1631 3732 si
1654 3679 1770 3747 quis
1791 3678 2027 3734 all‘ecerit
2053 3689 2103 3735 te
2126 3696 2254 3735 con-

676 3774 890 3830 tumelia
917 3791 930 3827 :
955 3773 1047 3828 sed
1069 3774 1120 3827 in
1145 3772 1209 3827 iis
1238 3772 1289 3825 in
1313 3772 1502 3840 quibus
1523 3770 1763 3825 diabolus
1788 3779 1837 3826 te
1858 3771 2046 3841 injuria
2068 3772 2249 3839 allicit,

656 3875 785 3920 tum
811 3879 1040 3932 superno
1068 3862 1297 3916 maxime
1320 3861 1516 3915 auxilio
1546 3875 1677 3928 Opus
1708 3868 1807 3913 est.
1858 3863 1926 3914 At
1953 3876 2055 3914 non
2086 3861 2251 3916 babes

673 3958 761 4024 qui
793 3957 864 4010 tui
889 3970 1071 4009 curam
1096 3960 1273 4023 gerat,
1306 3962 1359 4006 et
1391 3963 1531 4005 tuam
1562 3950 1999 4019 supplicationem
2026 3952 2253 4010 olferat?

672 4048 804 4101 tium
834 4046 945 4099 Rex
975 4045 1244 4117 procedit,
1274 4058 1395 4097 eum
1423 4043 1692 4111 alloquere
1713 4083 1725 4105 ,
1757 4051 1811 4095 et
1838 4057 2017 4111 qurere
2044 4051 2252 4113 tempus

672 4149 1045 4210 opportunum.
1081 4136 1302 4204 Quando
1330 4150 1457 4205 ergo
1496 4135 1731 4204 procedit
1759 4134 1905 4189 Rex?
1950 4135 2172 4205 Semper
2197 4148 2251 4191 et

676 4236 949 4297 perpetuo.
994 4225 1215 4292 Quando
1259 4232 1342 4279 est
1388 4234 1564 4278 autem
1609 4236 1815 4292 tempus
1856 4227 2249 4293 opportunum?

674 4317 895 4385 Quando
926 4326 979 4369 tu
1010 4318 1266 4377 volueris,
1299 4315 1508 4383 quando
1532 4356 1546 4379 ,
1578 4324 1635 4368 ut
1658 4314 1849 4383 dignus
1878 4316 1951 4369 sis
1975 4357 1989 4381 ,
2024 4317 2250 4385 teipsum

678 4405 1075 4479 prmparaveris.
1105 4404 1430 4457 Jubebantur
1450 4403 1659 4472 quidem
1686 4402 1854 4456 Judtei
1882 4404 1933 4457 itt
1959 4405 2098 4458 valle
2125 4406 2252 4459 sub-

675 4502 884 4563 sistere,
913 4513 1033 4552 cum
1058 4498 1169 4551 Deo
1190 4504 1527 4564 apparerent.
1555 4504 1609 4549 et
1632 4495 1781 4549 albas
1806 4505 1981 4549 vestes
2007 4496 2248 4563 induere,

674 4604 869 4649 etcum
894 4605 1054 4644 uxore
1081 4603 1192 4641 rem
1223 4601 1324 4640 non
1346 4586 1542 4640 habere
1564 4586 1759 4654 (Exod.
1787 4586 1870 4641 i9.
1899 4587 1983 4641 l2.
2012 4588 2095 4642 ιι.
2122 4586 2209 4659 l5)
2235 4606 2249 4643 :

680 4694 735 4737 tu
762 4693 936 4737 autem
966 4681 1195 4733 animam
1225 4678 1450 4732 emunda
1479 4691 1575 4747 pro
1605 4677 1872 4742 vestibus,
1899 4686 1955 4731 et
1983 4693 2101 4732 cum
2136 4695 2253 4732 mo-

678 4774 952 4830 deratione
978 4814 991 4834 ,
1024 4769 1426 4825 mansuetudine
1448 4809 1464 4833 ,
1494 4777 1549 4823 et
1575 4779 1781 4822 summa
1809 4769 1985 4836 quiete
2013 4770 2207 4824 accede
2235 4811 2255 4837 ,

676 4875 733 4920 et
769 4864 835 4919 ad
856 4863 1053 4931 Regem
1081 4860 1416 4931 proﬁciscere
1439 4898 1456 4926 ,
1485 4859 1529 4913 si
1558 4859 1637 4911 vis
1662 4872 1788 4913 vere
1812 4857 1953 4927 quod
1983 4858 2119 4927 petis
2150 4858 2254 4913 im-

679 4965 912 5028 petrare.
940 4953 1051 5007 Non
1081 4959 1198 5021 eget
1222 4950 1400 5004 multis
1423 4949 1718 5018 sumptibus
1744 4950 2096 5019 peregrinatio
2124 4968 2137 5003 :
2166 4965 2254 5004 ac-

680 5047 798 5113 cipe
816 5044 1065 5098 virtutem
1087 5039 1353 5094 viaticum.
1378 5038 1443 5093 Et
1460 5038 1669 5093 ubinam
1687 5039 1793 5108 agit
1814 5037 1899 5092 hic
1920 5039 2065 5093 Rex?
2083 5040 2256 5109 Prope

678 5152 777 5193 eos
800 5137 887 5204 qui
915 5133 1077 5189 corde
1101 5141 1223 5187 sunt
1249 5131 1498 5186 contrito.
1528 5130 1618 5183 Illa
1647 5130 1727 5183 via
1756 5130 2055 5198 ingredere.
2086 5130 2255 5201 Prope

680 5237 754 5283 est
794 5225 1041 5283 Dominus
1087 5221 1313 5276 omnibus
1348 5222 1432 5291 qui
1476 5221 1642 5290 ipsum
1684 5220 1917 5273 invocant
1955 5222 2008 5273 in
2052 5222 2256 5277 veritate

684 5319 701 5383 ί
732 5317 869 5372 Psal.
904 5314 1025 5370 ιιι.
1058 5313 1185 5382 l8).
1214 5311 1323 5368 lllic
1348 5325 1469 5366 eum
1496 5311 1731 5365 invenies
1757 5351 1773 5376 ,
1812 5309 1919 5365 illic
1943 5311 2251 5380 alloqueris.

688 5407 785 5464 Est
816 5420 979 5477 prope
1006 5419 1099 5460 eos
1120 5444 1137 5471 ,
1164 5403 1253 5474 qui
1283 5416 1471 5473 panem
1505 5399 1755 5472 frangunt
1782 5401 2134 5456 esurientibus
2158 5443 2173 5468 ,
2200 5411 2257 5458 et

746 5556 764 5589 ⁸
799 5563 920 5605 nos
936 5550 1403 5614 uss.,comiderant.
1420 5548 1511 5614 qui
1530 5551 1732 5614 oﬂ‘erwtt
1754 5562 1771 5599 :
1795 5550 1841 5614 id
1864 5550 1993 5613 quod
2008 5551 2255 5614 diversum

682 5618 877 5667 omnino
909 5611 1107 5666 sensum
1146 5613 1309 5673 efﬁcit,
1346 5611 1656 5662 sed‘alter‘am
1692 5611 1973 5671 lectionem,
1997 5613 2082 5674 qui
2102 5625 2255 5663 suaet-

684 5678 834 5742 piunt.
859 5682 1081 5742 asserunt
1105 5688 1164 5726 ea
1185 5679 1600 5742 quiesequuntur.

685 5734 697 5848 ἐ
749 5743 821 5848 (ita)
841 5740 979 5848 fringi-
1010 5734 1347 5800 interpretatio
1370 5734 1445 5786 est
1466 5736 1603 5799 juxta
1646 5734 1989 5797 Symmachum,
2016 5739 2252 5795 posterior

703 5812 763 5848 ux
873 5812 904 5848 (ι
975 5811 1068 5848 am.

677 5804 818 5859 juxta
841 5804 1068 5864 Aquilam.

1389 386 1447 443 S.
1484 382 1762 442 JOANNIS
1799 379 2272 440 CHRYSOSTOMI
2311 378 2625 438 ARCHIEP.
2667 380 3199 440 CONSTAN‘I‘INOP.

3848 385 3950 441 ΗΒ

2368 506 2589 565 erogaut
2623 495 3038 567 eleemosynam.
3082 496 3137 552 Si
3181 497 3280 551 hac
3326 497 3403 550 via
3436 496 3667 562 veneris,
3710 498 3950 554 invenies

2364 604 2485 643 cum
2518 598 2777 657 paratum,
2809 572 3135 643 abnuentem
3163 596 3267 643 tute
3297 588 3556 656 petitioni.
3586 586 3657 643 Te
3687 593 3826 643 enim
3854 591 3951 644 ad—

2366 680 2463 733 Itttc
2490 681 2722 750 loquente
2760 680 2925 733 dicant
2948 721 2963 746 ,
3006 677 3141 734 Ecce
3175 680 3355 734 adsum
3389 679 3409 751 (
3434 678 3561 735 lsai.
3592 680 3679 736 58.
3710 680 3822 748 9):
3849 697 3949 736 nec

2364 786 2498 841 opus
2526 774 2631 827 erit
2667 772 3021 826 intercessore
3046 813 3061 838 ,
3102 772 3196 827 sed
3239 787 3335 843 per
3361 780 3413 826 te
3446 772 3617 841 ipsum
3643 773 3783 843 quod
3811 774 3948 843 petis

2364 863 2688 932 assequeris.
2726 860 2935 916 Exaudi
2976 879 3055 917 me
3083 862 3136 916 in
3176 872 3263 915 tua
3281 864 3503 933 justitia.
3533 863 3670 930 Quid
3712 864 3842 919 facis
3866 906 3883 930 ,
3909 880 3948 919 ο

2366 954 2564 1007 homo?
2607 953 2743 1008 Infra
2783 952 3025 1008 dicturus
3048 968 3108 1008 es
3130 993 3147 1020 ,
3177 952 3260 1008 Ne
3284 955 3438 1009 intres
3464 955 3518 1008 in
3550 955 3803 1023 judicium
3830 972 3948 1009 cum

2362 1061 2504 1098 seruo
2531 1055 2636 1110 tuo,
2664 1046 2783 1116 quia
2804 1061 2904 1098 non
2924 1044 3288 1115 justiﬁcabitur
3309 1046 3362 1099 in
3386 1054 3652 1116 conspectu
3678 1055 3762 1100 tuo
3784 1048 3949 1101 omnis

2364 1134 2602 1205 vivens(v.
2632 1134 2688 1203 2)
2720 1152 2734 1188 :
2761 1145 2815 1189 et
2840 1134 2926 1189 hic
2951 1149 3107 1206 rogas
3129 1143 3185 1190 ut
3204 1136 3342 1189 sicut
3363 1136 3567 1205 justum
3586 1144 3667 1191 est
3689 1137 3947 1193 exaudia-

2363 1224 2478 1279 ris?
2501 1224 2637 1291 Quid
2662 1233 2747 1280 est
2773 1239 2905 1295 ergo
2927 1226 3066 1296 quod
3098 1226 3327 1281 dicitur?

2434 1314 2645 1371 Justitia
2673 1314 2768 1369 Dei
2792 1315 3088 1383 clerneutia;
3112 1317 3289 1372 diluvii
3318 1317 3513 1387 punitio
3538 1333 3687 1389 quam
3709 1306 3848 1374 levis.
3875 1348 3945 1360 —

2361 1402 2625 1459 Justitiam
2652 1404 2741 1460 hic
2760 1405 2889 1459 dicit
2911 1400 3271 1472 clementiam,
3302 1417 3357 1463 et
3375 1408 3430 1464 in
3454 1409 3635 1464 multis
3653 1409 3946 1480 Scriptum

2364 1494 2494 1549 locis
2522 1495 2686 1550 videri
2720 1504 2895 1565 potest
2920 1497 3088 1568 accipi
3110 1499 3372 1567 justitiam
3401 1514 3499 1568 pro
3522 1499 3829 1567 clementia,
3865 1501 3946 1556 id—

2364 1600 2466 1654 que
2501 1585 2623 1655 jure
2652 1586 2890 1655 profecto
2924 1605 2939 1643 :
2970 1588 3112 1658 apud
3158 1589 3401 1645 homines
3426 1591 3569 1645 enim
3600 1591 3800 1660 justitia
3832 1594 3944 1661 prl-

2364 1684 2516 1729 vatur
2544 1676 2909 1732 misericordia
2935 1696 2948 1732 :
2974 1678 3113 1749 apud
3148 1679 3312 1734 Deum
3338 1689 3517 1734 autem
3545 1695 3647 1736 non
3678 1682 3824 1745 item.
3848 1681 3947 1739 sed

2360 1767 2581 1837 justitia:
2605 1782 2814 1837 quoque
2838 1768 3176 1841 admixta‘est
3204 1770 3585 1837 misericordia,
3608 1784 3659 1827 et
3690 1782 3830 1827 tanta
3850 1816 3864 1836 ,
3888 1783 3947 1827 ut

2366 1859 2476 1929 ipsa
2499 1859 2657 1914 etiam
2678 1860 2881 1929 justitia
2907 1870 3124 1915 vocetur
3142 1861 3442 1917 clementia.
3471 1860 3758 1918 Considera
3790 1866 3949 1933 igitur

2363 1961 2557 2021 quanta
2601 1955 2653 2005 in
2680 1952 2878 2006 diluvio
2915 1951 3078 2008 fuerit
3102 1953 3464 2009 misericordia
3488 1996 3504 2021 ,
3535 1965 3731 2025 quanta
3763 1971 3948 2009 rursus

2356 2041 2579 2112 justitia.
2604 2043 2713 2096 Etsi
2732 2043 2872 2097 enim
2897 2058 3084 2113 pmnas
3102 2043 3365 2100 dederunt
3383 2046 3472 2115 qui
3490 2054 3611 2101 tunc
3632 2048 3943 2116 peccabant,

2363 2146 2469 2186 non
2501 2143 2677 2188 tamen
2706 2132 2968 2188 dederunt
2995 2150 3126 2204 quas
3154 2145 3477 2191 meruerant.
3524 2135 3600 2191 Ne
3636 2137 3765 2191 mihi
3803 2141 3945 2193 enim

2362 2225 2558 2280 molem
2586 2240 2841 2294 aquarum
2872 2227 3193 2296 respexeris,
3224 2243 3396 2297 neque
3419 2227 3624 2283 dierum
3655 2229 3947 2284 multitudi-

2361 2331 2482 2371 nem
2506 2355 2522 2382 ,
2555 2316 2746 2385 quibus
2775 2315 2872 2371 fuit
2910 2316 3092 2371 diluvii
3142 2316 3471 2387 naufragium
3497 2359 3512 2382 ,
3546 2333 3718 2394 neque
3760 2320 3943 2374 orbem

2362 2415 2518 2461 terra:
2558 2406 2647 2475 qui
2686 2414 2811 2460 tunc
2848 2415 2965 2461 erat
3001 2407 3245 2477 abyssus.
3296 2408 3433 2476 Quid
3473 2408 3576 2463 hoc
3608 2409 3748 2463 enim
3783 2410 3947 2463 refert

2360 2510 2543 2551 eorum
2570 2497 2658 2567 qui
2686 2498 2996 2566 perierunt?
3025 2498 3149 2552 Haec
3172 2499 3313 2553 enim
3343 2509 3561 2567 possunt
3586 2499 3799 2567 quidem
3828 2516 3947 2571 gra-

2359 2604 2477 2644 vem
2526 2591 2770 2645 timorem
2812 2591 3050 2645 incutere
3080 2609 3096 2645 :
3129 2591 3191 2644 iis
3221 2600 3397 2646 autem
3439 2593 3527 2662 qui
3556 2593 3749 2647 mortui
3781 2601 3942 2661 sunt,

2361 2682 2563 2736 nullum
2591 2683 2909 2758 supplicipm
2936 2683 3182 2738 all'erunt.
3214 2683 3492 2751 Quomodo
3519 2684 3658 2738 enim
3689 2685 3943 2754 puniren-

2360 2782 2447 2827 tur
2488 2774 2578 2844 qui
2617 2789 2734 2844 qua:
2763 2774 2894 2827 ﬁunt
2920 2790 3025 2827 non
3057 2774 3332 2828 sentiunt?
3358 2790 3583 2845 quorum
3610 2776 3769 2830 etiam
3798 2774 3942 2829 brevi

2362 2864 2619 2934 temporis
2644 2873 2916 2919 momento
2944 2863 3038 2917 fuit
3066 2864 3331 2931 interitus,
3363 2865 3682 2935 brevemque
3709 2876 3761 2920 et
3792 2865 3943 2920 levis-

2360 2954 2550 3010 simam
2582 2965 2807 3009 mortem
2839 2956 2979 3023 passi
3011 2964 3134 3009 sunt
3154 2996 3168 3017 .
3198 2963 3254 3010 et
3290 2957 3410 3025 igne
3441 2966 3495 3010 et
3518 2971 3648 3011 ense
3677 2966 3730 3011 et
3755 2957 3945 3025 laqueo

2359 3054 2414 3100 et
2453 3045 2731 3099 tormentis
2769 3044 3061 3100 faciliorem
3091 3086 3107 3111 ,
3144 3054 3197 3099 et
3238 3046 3389 3115 longe
3421 3046 3594 3100 minus
3622 3048 3939 3101 molestam?

2358 3134 2532 3203 Quare
2560 3134 2792 3203 speciem
2831 3136 3007 3204 potius
3049 3135 3330 3204 supplicii,
3362 3152 3518 3206 quam
3558 3138 3941 3207 experientiam

2359 3226 2623 3282 habebant
2660 3243 2777 3297 quae
2815 3226 3029 3282 fiebant.
3062 3227 3163 3293 Qui
3194 3227 3373 3297 itaque
3409 3237 3519 3282 toto
3549 3228 3669 3282 vita:
3702 3239 3939 3297 tempore

2357 3317 2423 3371 ad
2452 3327 2747 3373 extremam
2786 3334 2952 3388 usque
2990 3326 3320 3373 senectutem
3362 3319 3481 3373 talia
3522 3320 3936 3386 commiserant,

2359 3408 2676 3462 brevissimo
2717 3410 2971 3478 temporis
3010 3420 3280 3463 momento
3320 3425 3504 3478 poenas
3549 3410 3808 3465 dederunt
3836 3454 3849 3476 ,
3894 3413 3938 3466 si

2357 3500 2569 3570 quidem
2600 3508 2801 3554 natum
2828 3499 3061 3555 debitum
3089 3500 3382 3555 vocandum
3413 3502 3483 3555 sit
3512 3502 3848 3570 supplicium.

2426 3592 2479 3646 2.
2550 3591 2776 3656 Vidisti,
2817 3600 3010 3659 quanta
3045 3592 3113 3646 sit
3149 3592 3471 3647 clementia?
3513 3590 3605 3646 Vis
3631 3593 3791 3646 etiam
3820 3607 3937 3647 eam

2356 3685 2569 3740 aliunde
2596 3684 2776 3739 videre
2791 3685 2945 3738 ?-non
2971 3685 3111 3739 enim
3139 3686 3317 3739 statim
3349 3684 3545 3750 intulit,
3576 3685 3669 3739 sed
3694 3693 3749 3739 et
3772 3686 3937 3741 scmcl

2357 3785 2411 3830 et
2450 3776 2533 3829 bis
2570 3784 2625 3829 et
2660 3789 2802 3843 saepe
2841 3790 2958 3829 eam
2997 3774 3259 3845 praedixit.
3307 3775 3407 3829 Per
3450 3790 3626 3828 arcam
3670 3776 3809 3829 enim
3845 3791 3938 3831 eos

2357 3868 2657 3936 alloquutus
2680 3876 2763 3922 est
2788 3883 2799 3919 :
2824 3867 2901 3921 illi
2928 3881 3057 3921 vero
3082 3882 3149 3921 ne
3177 3867 3253 3922 sic
3278 3866 3492 3935 quidem
3513 3876 3808 3934 cessarunt,
3836 3868 3937 3923 ctsi

2357 3972 2462 4011 non
2492 3972 2625 4027 opus
2653 3966 2768 4012 erat
2830 3972 2888 4012 ut
2912 3959 3016 4013 ulla
3039 3957 3367 4012 denuntiatio
3396 3960 3547 4012 licret
3582 3960 3934 4027 improbitati.

2356 4048 2459 4103 Sed
2487 4064 2658 4118 neque
2679 4064 2773 4104 eos
2794 4060 2983 4103 natura
3004 4048 3203 4115 docuit,
3228 4049 3319 4103 sed
3346 4057 3611 4118 tamquam
3642 4050 3803 4118 porci,
3831 4052 3936 4103 imo

2355 4157 2482 4197 vero
2506 4142 2777 4210 quibusvis
2803 4143 2977 4210 porcis
3025 4141 3387 4204 obsceniores,
3410 4157 3529 4195 cum
3557 4153 3609 4195 et
3632 4136 3690 4196 'se
3716 4142 3852 4195 iut.-r
3875 4158 3935 4198 se

2355 4241 2782 4299 corrumperent,
2804 4240 2859 4285 et
2885 4241 3088 4285 natura:
3108 4231 3253 4301 leges
3273 4231 3503 4287 funditus
3527 4231 3901 4289 convellisseut
3917 4276 3932 4299 ,

2358 4339 2457 4377 nec
2504 4323 2597 4376 ulli
2628 4322 2860 4377 suasioni
2885 4362 2901 4388 ,
2938 4322 3097 4377 ullive
3123 4323 3345 4377 consilio
3374 4325 3707 4391 paruissent,
3743 4340 3842 4380 nec
3868 4340 3936 4381 ex

2352 4415 2479 4483 justi
2507 4415 2777 4469 vicinitate
2802 4414 2944 4468 aliud
2969 4414 3231 4469 commodi
3261 4416 3556 4483 cepissent,
3587 4416 3730 4469 brevi
3762 4416 3935 4470 solum

2358 4506 2613 4573 temporis
2655 4514 2927 4561 momento
2966 4520 3151 4575 pmnas
3192 4505 3493 4599 dederulit,
3540 4507 3617 4560 vel
3659 4508 3829 4576 potius
3869 4508 3937 4561 ab

2358 4596 2572 4650 interitu
2602 4594 2772 4664 erepti
2797 4637 2812 4662 ,
2842 4606 2897 4650 et
2924 4610 2954 4649 a
2980 4609 3135 4665 paena
3164 4594 3539 4650 liberati'sunt.
3572 4597 3644 4649 Ea
3676 4598 3816 4650 enim
3860 4599 3935 4649 fa-

2356 4700 2477 4741 cere
2500 4686 2666 4741 multo
2685 4694 2767 4740 est
2788 4687 3017 4756 gravius,
3039 4701 3196 4757 quam
3218 4685 3365 4740 brevi
3392 4688 3644 4755 temporis
3665 4696 3936 4742 momento

2359 4776 2619 4845 intercipi.
2652 4774 2885 4830 Hoccine
2908 4784 2991 4831 est
3014 4790 3163 4847 ergo,
3186 4776 3271 4831 die
3296 4776 3450 4844 mihi,
3472 4777 3818 4846 supplicium,
3842 4793 3935 4832 eos

2357 4869 2445 4938 qui
2474 4868 2615 4923 vitiis
2643 4879 2795 4924 erant
2822 4869 3095 4938 corrupti,
3123 4878 3176 4923 et
3200 4869 3456 4923 scelerate
3478 4885 3540 4924 ac
3570 4870 3769 4925 nefarie
3799 4871 3935 4924 inter

2358 4973 2416 5012 se
2444 4960 2921 5029 conjungehantur,
2951 4967 3005 5012 et
3032 4959 3165 5012 alter
3192 4959 3416 5013 alterum
3445 4959 3706 5014 dedecore
3734 4960 3935 5015 afﬁcie-

2358 5047 2481 5103 bant
2501 5059 2553 5103 et
2576 5047 2962 5115 adiciebantur,
2985 5047 3053 5101 ab
3077 5048 3333 5117 ejusmodi
3361 5048 3521 5103 exitio
3548 5050 3809 5105 liberare?
3838 5032 3947 5103 Ita;

2360 5154 2447 5204 ne,
2471 5138 2733 5193 medicum
2760 5137 2972 5207 quidem
2998 5140 3086 5206 qui
3111 5136 3349 5193 membra
3373 5139 3577 5207 putrida
3607 5150 3808 5193 resecat
3831 5153 3935 5193 nou

2358 5230 2593 5284 dicemus
2636 5228 2821 5298 punire
2856 5240 3085 5296 corpus,
3123 5227 3218 5283 sed
3253 5238 3519 5297 tamquam
3563 5228 3846 5298 benignum
3884 5239 3941 5284 et

2355 5318 2644 5372 humanum
2669 5314 3022 5369 adtnittetnus
3048 5333 3059 5367 :
3086 5314 3179 5368 Dei
3200 5324 3377 5367 autem
3401 5315 3719 5382 sapientiam
3750 5325 3804 5368 et
3832 5315 3941 5368 cle-

2355 5409 2607 5464 mentiam
2636 5421 2744 5461 non
2774 5408 2944 5461 multo
2973 5406 3142 5476 magis
3170 5405 3575 5468 admirabitnur,
3605 5405 3693 5473 qui
3721 5420 3849 5459 suos
3878 5421 3939 5459 ea

2357 5504 2562 5557 ratione
2608 5503 2833 5572 castigat
2862 5500 2921 5553 ‘2
2974 5500 3114 5555 Eum
3159 5500 3374 5568 quidem
3426 5508 3684 5570 perpetuo
3729 5509 3942 5567 oportet

2356 5594 2631 5658 admirari,
2664 5603 2719 5649 et
2746 5593 2913 5662 gloria
2959 5593 3334 5649 atﬁt-erezsed
3379 5593 3490 5647 hoe
3521 5593 3741 5648 nomine
3790 5606 3942 5646 num.

2356 5701 2512 5755 quam
2533 5684 2861 5739 desistamus
2883 5685 3000 5751 ejus
3021 5694 3236 5754 stupere
3261 5682 3677 5753 providentiam,
3697 5696 3797 5737 nec
3819 5697 3942 5737 euut

2419 5800 2433 5830 ι
2473 5796 2557 5847 Hae
2583 5810 2745 5857 voces,
2769 5794 2850 5859 qui
2873 5808 2982 5848 suos
3006 5808 3063 5847 ea
3084 5794 3265 5848 ratione
3283 5796 3502 5857 castam,
3530 5796 3774 5848 desumit!
3797 5795 3938 5848 Savil.
