4222 6440
298 382 398 438 μυ
1362 367 1721 427 EXPOSITIO
1760 367 1821 424 IN
1862 366 1885 422 ῐ

1994 367 2187 426 ιδιυδι
2228 369 2433 427 CXLII.

294 505 569 549 cessemus
594 504 656 545 ea
682 488 749 544 de
778 501 937 542 causa
963 482 1184 539 laudare
1209 526 1225 551 ,
1256 482 1397 554 quod
1440 483 1657 538 brevem
1687 482 1886 537 sectio-

297 597 418 636 nem
451 581 751 635 adhibuerit
773 619 785 639 ,
815 591 1036 645 serpens
1064 576 1258 630 malum
1288 573 1604 638 reseiderit,
1633 581 1688 625 et
1712 570 1851 626 medi
1862 601 1883 612 -

294 672 473 727 cinam
499 685 617 740 qua:
642 667 843 722 nullum
869 667 1109 719 dolorem
1147 663 1360 718 afferret
1389 660 1701 715 admoverit.
1730 659 1807 715 Ne
1833 667 1888 714 te

296 778 430 836 ergo
459 763 561 816 hoc
588 760 890 825 conturbet,
918 758 1059 828 quod
1087 770 1276 812 omnes
1303 765 1521 824 repente
1545 764 1600 808 et
1621 769 1726 807 uno
1747 762 1885 809 tem-

295 870 427 928 pore
446 852 618 907 obruti
641 852 764 905 sint.
790 848 925 918 Quid
947 850 1091 904 enim
1112 846 1277 902 refert
1296 861 1362 899 an
1385 844 1482 912 sic,
1501 860 1567 899 an
1592 844 1883 913 paulatim?

296 944 421 1011 quid
451 957 573 997 eum
601 940 687 1010 qui
719 939 949 995 excessit
969 939 1118 1007 juvat
1146 936 1286 1007 quod
1316 950 1414 1005 per
1435 948 1495 989 se
1519 942 1572 989 et
1598 934 1761 997 solus,
1793 944 1885 988 aut

299 1034 443 1088 lmdit
484 1032 622 1103 quod
654 1045 775 1085 cum
814 1029 1062 1084 omnibus
1102 1024 1433 1081 excesserit?
1484 1023 1687 1077 Exaudi
1728 1040 1805 1076 me
1834 1024 1886 1077 in

299 1136 387 1180 tua
402 1124 623 1195 justitia,
649 1120 751 1175 hoc
769 1131 870 1185 est,
902 1117 952 1173 in
977 1117 1300 1187 benignitate
1324 1125 1378 1171 et
1406 1114 1705 1169 clementia.
1733 1112 1885 1180 Quod

298 1218 453 1272 enim
472 1214 523 1269 td
548 1211 829 1283 signiﬁcet,
854 1210 1123 1279 subiunxit
1146 1225 1160 1261 :
1186 1206 1253 1261 Et
1272 1223 1373 1260 non
1393 1207 1548 1259 intres
1568 1204 1619 1257 iu
1632 1204 1885 1273 judicium

298 1323 413 1362 cum
436 1321 577 1360 serra
602 1315 711 1359 tuo.
737 1303 850 1357 Hoc
868 1303 1029 1356 etiam
1058 1299 1184 1369 petit
1204 1298 1305 1353 Joh
1327 1298 1413 1367 qui
1440 1304 1555 1351 erat
1588 1294 1676 1349 Vir
1692 1296 1885 1365 justus,

300 1406 347 1450 et
390 1412 543 1450 verax
563 1437 578 1461 ,
624 1404 670 1448 et
711 1394 963 1448 abstinens
990 1390 1051 1444 ab
1081 1390 1219 1445 omni
1246 1406 1301 1443 re
1339 1390 1476 1441 mala
1517 1386 1677 1459 (Job.
1710 1388 1759 1441 1.
1790 1387 1812 1439 1
1846 1388 1887 1457 ),

298 1490 485 1546 dicens
513 1506 527 1542 :
563 1488 769 1541 Utinam
798 1494 923 1539 esset
950 1485 1036 1554 qui
1066 1484 1368 1537 discerneret
1403 1489 1447 1533 et
1490 1488 1721 1550 argueret
1759 1479 1889 1531 inter

299 1593 565 1650 utrumque
589 1578 607 1651 (
630 1578 765 1632 Ibid.
796 1577 851 1633 9.
882 1577 1018 1648 33);
1057 1590 1178 1629 cum
1211 1574 1351 1628 Deus
1388 1579 1566 1627 autem
1594 1571 1838 1640 apparuit
1868 1587 1884 1626 :

300 1670 512 1727 Manum
548 1685 805 1741 apponam
842 1668 917 1722 ori
948 1680 1068 1719 meo
1094 1663 1273 1737 (Ibid.
1306 1662 1395 1718 39.
1423 1662 1493 1718 3i
1513 1665 1567 1732 )z
1598 1662 1722 1716 licet
1749 1661 1888 1716 Deus

299 1768 615 1833 provocaret
638 1769 691 1815 et
713 1757 914 1813 diceret
944 1774 958 1809 :
990 1754 1135 1821 Non,
1162 1754 1253 1809 sed
1289 1753 1494 1823 accinge
1520 1762 1775 1822 tamquam
1812 1752 1889 1805 uir

298 1852 495 1907 lunibos
524 1860 636 1905 tuos
665 1848 824 1920 (Ibid.
847 1848 936 1903 40.
958 1847 1042 1918 2).
1067 1846 1177 1901 Hoc
1199 1846 1360 1901 etiam
1380 1842 1580 1899 Iudaeis
1599 1842 1889 1913 exprobrat

299 1942 510 1997 dicens:
527 1940 676 2006 Quod
694 1941 985 1992 invenerunt
1002 1936 1326 2008 patresvestri
1336 1934 1388 1988 in
1406 1950 1483 1987 me
1497 1934 1751 1999 delictum,
1767 1933 1887 2003 quia

299 2032 550 2104 principes
589 2031 735 2086 uestri
780 2031 832 2083 in
873 2045 952 2083 me
987 2045 1054 2083 se.
1081 2027 1251 2096 inique
1277 2034 1534 2098 gesserunt
1563 2022 1697 2093 (Jer.
1716 2023 1771 2077 2.
1792 2025 1886 2094 5)?

369 2122 709 2195 Confessionis
735 2131 1057 2192 peccatorum
1079 2120 1295 2188 fructus.
1314 2145 1383 2156 --
1400 2115 1513 2171 Hoc
1536 2124 1714 2170 autem
1737 2114 1883 2183 facit,

298 2229 405 2269 non
435 2213 616 2267 volens
639 2212 937 2282 graviorem
966 2212 1015 2264 in
1046 2222 1139 2264 eos
1160 2206 1384 2263 reddere
1413 2206 1756 2273 sententiam,
1786 2206 1883 2262 sed

306 2306 492 2361 volens
517 2318 584 2359 eo
611 2302 875 2359 adducere
897 2344 913 2368 ,
943 2311 999 2355 ut
1027 2316 1120 2356 sua
1150 2306 1363 2371 peccata
1390 2298 1649 2354 sentirent
1671 2338 1687 2364 ,
1715 2313 1885 2369 eaque

298 2398 713 2461 conﬁterentur,
741 2402 795 2449 et
822 2402 947 2447 tunc
972 2392 1051 2446 eis
1076 2391 1228 2446 daret
1254 2390 1461 2444 veniam
1478 2428 1494 2454 ,
1528 2398 1587 2443 ut
1613 2389 1691 2444 sic
1716 2386 1884 2444 bene-

297 2488 405 2543 ﬁcii
433 2494 651 2542 nossent
670 2483 1106 2556 magnitudinem.
1136 2483 1201 2537 Et
1220 2482 1340 2536 ideo
1361 2480 1490 2537 dicit
1515 2498 1529 2536 :
1558 2480 1650 2534 Dic
1670 2490 1725 2534 tu
1746 2482 1887 2550 prior

296 2576 585 2649 iniquitates
611 2586 722 2630 tuas
741 2617 757 2642 ,
787 2590 893 2630 non
925 2584 981 2628 ut
1008 2571 1412 2637 condemneris,
1440 2571 1536 2628 sed
1558 2614 1573 2636 ,
1605 2570 1671 2627 Ut
1686 2571 1885 2643 justiﬁ-

297 2671 429 2725 eeris
458 2669 477 2739 (
502 2666 629 2723 Isai.
658 2669 744 2725 15.
776 2668 911 2736 26).
948 2667 1021 2721 Ea
1050 2666 1119 2722 de
1145 2681 1303 2722 causa
1333 2680 1431 2721 nec
1460 2666 1691 2734 ipse,cas
1715 2664 1883 2730 dicit,

297 2763 394 2818 sed
426 2762 571 2817 illum
595 2761 663 2816 ad
698 2774 791 2816 eas
817 2758 1070 2815 dicendas
1107 2766 1402 2828 comparat.
1449 2757 1504 2812 Si
1549 2758 1692 2812 enim
1722 2758 1889 2814 vellet

298 2854 489 2926 punire
512 2894 528 2921 ,
571 2854 686 2923 ipse
713 2867 835 2907 eum
871 2857 1178 2906 accusasset
1203 2867 1219 2903 :
1248 2864 1388 2904 nunc
1416 2860 1606 2904 autem
1629 2849 1882 2919 quoniam

300 2946 415 3001 vult
443 2944 681 3000 misereri
708 2985 723 3009 ,
756 2942 893 2999 cedit
923 2941 972 2997 ei
1002 2942 1091 3013 qui
1118 2941 1390 3011 peccavit,
1421 2948 1475 2995 ut
1518 2941 1632 3011 ipse
1668 2941 1802 3010 grati
1832 2948 1887 2995 et

302 3039 556 3094 memoris
576 3037 737 3092 animi
763 3050 1016 3092 coronam
1037 3036 1147 3090 acei
1155 3034 1281 3105 piat,
1306 3042 1361 3089 et
1380 3049 1473 3103 per
1492 3034 1884 3089 confessionem

302 3129 718 3187 misericordiam
739 3127 986 3183 attrahat.
1014 3126 1151 3193 Quid
1180 3135 1355 3197 potest
1380 3141 1500 3181 cum
1530 3127 1628 3182 hac
1652 3125 1885 3182 conferri

304 3220 626 3276 clementia?
656 3217 815 3273 Nihil.
846 3217 960 3283 Dic,
983 3216 1171 3286 inquit,
1195 3225 1248 3271 et
1269 3215 1397 3270 nihil
1413 3231 1601 3286 qumro
1621 3216 1883 3286 amplius;

307 3312 581 3375 conﬁtere,
606 3318 660 3365 et
680 3309 809 3363 mihi
829 3309 1024 3363 sufﬁcit
1044 3324 1058 3372 ;
1077 3307 1180 3372 dic,
1204 3315 1256 3361 et
1280 3320 1497 3376 prorsus
1512 3304 1772 3361 abstineo.
1808 3304 1889 3359 Ne

300 3402 457 3458 intres
480 3402 533 3455 in
547 3400 803 3471 judicium
828 3415 943 3453 cum
966 3412 1107 3453 seruo
1129 3408 1235 3451 tuo.
1266 3397 1411 3451 Multi
1438 3407 1563 3451 sunt
1587 3398 1675 3466 qui
1705 3398 1755 3452 in
1784 3398 1887 3454 hoc

304 3509 364 3551 se
390 3502 535 3549 recte
558 3501 773 3563 gerunt,
797 3507 861 3546 ex
891 3506 958 3547 eo
982 3489 1123 3561 quod
1154 3489 1222 3545 sit
1248 3489 1386 3545 Dens
1406 3488 1754 3558 iudicaturus.
1782 3490 1885 3556 Qui

300 3586 442 3642 enim
469 3585 556 3656 pio
580 3593 703 3640 sunt
728 3592 783 3639 et
807 3593 956 3654 grato
991 3583 1171 3637 animo
1191 3624 1206 3648 ,
1241 3582 1342 3636 hoc
1371 3592 1495 3636 ante
1524 3590 1722 3635 norunt
1750 3601 1763 3635 :
1794 3584 1884 3652 qui

302 3692 478 3739 secus,
505 3692 568 3731 ex
595 3691 660 3730 eo
690 3675 830 3744 quod
859 3673 1129 3744 propheta:
1155 3673 1338 3727 dicunt
1362 3672 1594 3738 assidue,
1622 3672 1886 3727 Judicium

303 3767 521 3822 Domino
542 3766 609 3820 ad
629 3765 872 3836 populum
889 3782 1056 3829 suum,
1078 3772 1124 3817 et
1142 3780 1257 3817 cum
1278 3761 1449 3817 Israel
1469 3762 1673 3817 disseret
1696 3761 1773 3836 (Μ
1781 3763 1883 3821 icit.

300 3859 355 3915 6.
380 3856 456 3931 2)
488 3878 501 3912 :
529 3866 583 3913 et
624 3872 806 3912 rursus
831 3898 848 3924 ,
876 3856 1058 3910 Audite
1080 3896 1097 3923 ,
1128 3855 1281 3909 ualles
1305 3863 1351 3908 et
1380 3853 1713 3924 fundamenta
1742 3864 1888 3911 terra:

301 3950 491 4021 (Ibid.)
516 3968 529 4004 :
552 3958 627 4016 et,
650 3950 801 4015 Audi,
829 3950 1028 4016 mlum,
1046 3957 1092 4002 et
1114 3946 1318 4002 auribus
1342 3947 1558 4017 percipe,
1581 3958 1715 4001 terra
1732 3947 1885 4019 (lsai.

302 4042 354 4097 1.
381 4044 403 4098 1
431 4041 470 4111 ).
503 4040 581 4095 Ex
611 4054 676 4095 eo
700 4055 828 4109 ergo
847 4041 987 4109 quod
1018 4039 1131 4107 ipse
1158 4036 1375 4092 assidue
1398 4036 1605 4091 dicatur
1624 4036 1884 4107 judicare,

300 4134 461 4190 etiam
487 4135 573 4203 qui
604 4132 761 4202 paulo
786 4132 959 4186 minus
985 4145 1175 4187 sensus
1201 4129 1469 4205 habebant
1492 4144 1552 4185 se
1578 4130 1629 4183 in
1652 4145 1717 4185 eo
1741 4140 1888 4188 recte

298 4224 572 4295 gerebant.
608 4223 815 4278 Etenim
842 4222 1089 4277 dicebant
1114 4222 1352 4276 nonnulli
1381 4220 1552 4275 Judaei
1583 4240 1597 4274 :
1627 4221 1798 4287 Quare
1812 4224 1889 4291 je-

291 4316 660 4389 juuavimus,et
679 4330 779 4367 non
805 4314 1042 4383 aspexisti
1068 4310 1216 4382 (Isai.
1244 4312 1331 4368 58.
1355 4311 1452 4382 3)?
1478 4318 1554 4376 et,
1576 4310 1889 4382 Quicumque

298 4406 425 4477 facit
450 4405 667 4469 malum,
700 4405 882 4458 bonum
906 4420 1075 4457 coram
1106 4403 1320 4459 Domino
1345 4403 1364 4476 (
1388 4402 1615 4458 ΜαιαοΙι-
1641 4403 1697 4459 2ο
1733 4406 1797 4459 Π
1820 4406 1876 4475 );

298 4506 357 4554 et
377 4536 394 4563 ,
426 4495 777 4565 ﬁdiﬁeantur
805 4497 889 4566 qui
915 4496 1106 4566 faciunt
1130 4495 1323 4551 scelera
1345 4537 1361 4562 ,
1392 4505 1438 4550 et
1463 4496 1632 4568 beatos
1658 4498 1888 4553 ducimus

258 4584 263 4589 ’
298 4578 494 4642 alienos
520 4586 696 4659 (Ibid.
729 4586 782 4641 3.
812 4588 877 4643 15
903 4586 956 4659 );
990 4596 1043 4642 et
1065 4628 1081 4654 ,
1114 4586 1235 4641 Non
1280 4596 1351 4641 est
1392 4597 1531 4642 recta
1566 4589 1647 4642 eia
1680 4587 1887 4644 Domini

302 4680 323 4751 (
351 4679 535 4736 Emit.
562 4680 651 4735 33.
687 4680 810 4747 l7).
842 4678 1008 4735 Porro
1034 4679 1220 4733 beatus
1246 4694 1457 4748 quoque
1481 4678 1582 4734 Job
1605 4688 1884 4750 postquam

298 4770 356 4827 in
389 4771 531 4825 illam
576 4770 920 4825 tentationem
957 4768 1181 4836 incidit,
1209 4784 1315 4823 non
1355 4784 1420 4824 eo
1448 4769 1629 4824 animo
1654 4812 1669 4836 ,
1700 4786 1801 4826 nec
1822 4786 1885 4827 ea

298 4862 435 4918 dixit
479 4876 597 4931 qua:
624 4860 793 4916 Judzei
827 4880 840 4915 :
880 4858 1054 4923 absit;
1100 4858 1235 4914 dixit
1274 4868 1447 4913 tamen
1478 4878 1490 4913 :
1525 4859 1730 4914 Utinam
1762 4872 1886 4917 esset

296 4954 615 5014 intercessor,
638 4960 686 5006 et
706 4953 788 5021 qui
816 4951 1111 5005 discerneret
1130 4961 1180 5005 et
1201 4960 1431 5020 argueret
1451 4951 1581 5005 inter
1599 4961 1881 5023 utrumque.

297 5045 503 5098 Avertat
527 5060 559 5097 a
578 5060 655 5096 me
676 5044 887 5111 virgam,
910 5053 958 5096 et
987 5047 1135 5096 timor
1153 5044 1260 5112 ejus
1284 5028 1447 5097 neme
1466 5045 1721 5098 conturbet
1741 5045 1881 5116 (Job.

297 5134 353 5189 9.
384 5135 471 5190 33.
498 5133 612 5205 34).
648 5134 714 5188 Et
741 5132 862 5188 ideo
888 5133 1016 5187 dicit
1038 5134 1086 5187 ei
1108 5175 1122 5197 ,
1153 5132 1486 5203 lnterrogabo
1510 5151 1600 5205 ego
1627 5146 1693 5199 te,
1724 5146 1777 5189 tu
1803 5152 1887 5191 be-

297 5242 359 5278 ro
383 5224 507 5277 mihi
533 5223 780 5292 responde
808 5222 949 5294 (Job.
976 5221 1067 5277 42.
1097 5222 1173 5295 4).
1206 5223 1404 5278 Deinde
1428 5225 1676 5294 quoniam
1703 5226 1887 5281 obstu-

297 5313 538 5387 pefaetus
568 5313 775 5378 fuerat,
806 5323 858 5367 et
888 5313 1131 5379 dixerat,
1168 5312 1273 5369 Cur
1309 5329 1399 5382 ego
1439 5315 1609 5366 adhuc
1641 5314 1881 5382 judicor,

286 5394 423 5458 dum
452 5405 695 5473 corrigor,
725 5414 771 5458 et
798 5421 958 5474 arguo
984 5403 1263 5458 Dominum
1289 5403 1433 5469 (Job.
1456 5404 1549 5459 40.
1571 5405 1629 5476 4)
1646 5404 1669 5457 7
1689 5414 1741 5459 et
1763 5421 1888 5460 rur-

296 5510 412 5557 sus,
436 5493 706 5548 Auditione
730 5496 928 5563 quidem
948 5495 1087 5549 auris
1107 5505 1154 5549 te
1171 5496 1315 5565 prius
1335 5496 1505 5549 audivi
1522 5536 1537 5560 ,
1565 5512 1704 5549 nunc
1719 5506 1887 5550 autem

295 5585 448 5639 etiam
479 5584 612 5653 oculi
638 5586 732 5637 mei
759 5593 806 5637 te
833 5584 1064 5639 uiderunt
1098 5583 1253 5655 (Job.
1291 5584 1381 5639 42.
1414 5585 1468 5640 5.
1498 5583 1573 5656 6)
1608 5602 1621 5639 :
1650 5587 1886 5654 quocirca

295 5676 545 5745 meipsum
568 5674 827 5743 uilipendi,
849 5684 895 5728 et
921 5676 1219 5746 liquefactus
1244 5692 1354 5729 sum
1374 5692 1393 5740 ;
1415 5676 1694 5729 existimavi
1719 5686 1887 5731 autem

296 5782 544 5839 mapsum
582 5775 766 5822 terram
798 5776 846 5822 et
885 5768 1102 5822 cinerem
1128 5779 1149 5821 :
1168 5781 1358 5834 ponam
1396 5782 1600 5821 manum
1638 5782 1793 5827 super
1826 5784 1884 5823 os

3486 372 3595 428 450

1995 498 2160 536 meum
2184 481 2305 553 (Job
2352 484 2440 538 39.
2465 483 2555 554 51)
2586 476 2760 539 {dixit
2785 484 2857 545 ei,
2892 482 3221 551 Nequaquam
3245 484 3284 545 ⁸,
3316 484 3405 538 sed
3434 501 3594 539 acrin-

1992 589 2055 644 ge
2094 584 2352 643 tamquam
2385 576 2459 628 vir
2499 575 2692 635 lumbos
2717 584 2831 629 tuos
2868 578 2885 646 (
2918 574 3016 628 Job
3066 575 3154 629 38.
3189 574 3244 629 3.
3273 585 3319 627 et
3348 576 3437 629 40.
3466 576 3501 628 2
3537 577 3593 644 ),

1995 664 2379 733 propemodum
2423 680 2537 735 ejus
2583 665 2744 720 verba
2788 666 2840 719 in
2888 666 3201 720 memoriam
3248 666 3496 736 redigens
3538 676 3593 721 et

1994 751 2177 808 dici-ns
2195 794 2211 819 ,
2240 754 2499 821 Quoniam
2528 770 2736 809 mecum
2767 755 2979 810 voluisti
3001 756 3201 825 judicio
3230 758 3555 812 contendere
3573 799 3591 824 ,

1992 858 2119 899 ecce
2163 845 2349 899 adsum
2399 845 2815 915 disceptaturus.
2869 846 3059 900 Vidisti
3111 846 3201 901 Dei
3247 847 3589 901 clementiam

1994 935 2312 991 ineffabilem
2334 977 2349 1001 ,
2379 936 2554 991 vidisti
2583 937 2879 992 bonitatem
2914 938 3213 992 inﬁnitam?
3243 940 3308 993 Et
3337 940 3458 994 ideo
3482 949 3592 994 tres

1992 1041 2203 1096 quoque
2226 1028 2371 1096 pueri
2402 1027 2665 1093 dicebant,
2690 1027 3034 1095 Peccavimus,
3066 1030 3235 1099 inique
3262 1033 3473 1101 egimus,
3499 1048 3594 1086 nos

1992 1115 2180 1186 injuste
2206 1118 2450 1188 gessimus
2476 1118 2495 1185 (
2522 1116 2655 1170 Dan.
2684 1118 2738 1172 3.
2768 1118 2838 1172 29
2860 1116 2902 1189 ).
2950 1119 3212 1186 Quoniam
3256 1121 3396 1174 enim
3441 1120 3589 1175 multi

1994 1204 2236 1261 homines
2265 1221 2460 1263 sensus
2498 1207 2656 1276 plane
2684 1217 2932 1277 expertes
2969 1217 3184 1277 peccata
3214 1225 3307 1262 sua
3340 1210 3390 1262 in
3424 1210 3590 1265 Deum

1993 1295 2313 1363 conferunt,
2361 1295 2463 1351 hoc
2506 1308 2821 1367 procurante
2858 1305 2915 1352 et
2957 1299 3294 1354 machinante
3333 1300 3586 1366 diabolo,

1996 1385 2131 1441 hanc
2156 1388 2594 1442 consuetudinem
2624 1388 2765 1442 Deus
2787 1389 3024 1443 cvellens
3047 1389 3318 1455 radicitus,
3345 1392 3592 1460 frequen-

1995 1488 2076 1534 ter
2106 1479 2232 1535 dicit
2262 1494 2320 1533 se
2349 1495 2470 1533 cum
2499 1481 2577 1534 eis
2602 1478 2804 1549 judicio
2828 1481 3174 1536 co:.tendcre.
3466 1470 3477 1475 ’

2069 1573 2121 1627 5.
2154 1571 2283 1626 Tale
2318 1571 2444 1641 quid
2471 1572 2632 1626 etiam
2667 1573 2906 1642 peccavit
2944 1574 2989 1627 is
3022 1574 3108 1643 qui
3141 1574 3347 1643 primus
3375 1585 3589 1631 creatus

1993 1671 2077 1717 est
2102 1663 2293 1729 Adam,
2323 1671 2381 1718 et
2419 1662 2539 1717 ideo
2578 1661 2829 1717 dicebat:
2864 1662 3072 1726 Mulier,
3101 1680 3252 1734 quam
3278 1666 3463 1719 dedisti
3486 1683 3591 1719 me-

1994 1770 2128 1821 cum,
2158 1770 2219 1808 ea
2246 1754 2370 1807 mihi
2392 1753 2550 1819 dedit,
2578 1764 2623 1806 et
2650 1753 2841 1806 comedi
2870 1752 3019 1825 (Cen.
3050 1754 3223 1827 3.12).
3252 1754 3422 1811 Judtei
3451 1772 3586 1826 quo-

1994 1860 2097 1915 que
2118 1844 2282 1898 multa
2308 1843 2569 1910 ejusmodi
2594 1845 2902 1913 peccabant.
2937 1845 3071 1911 Quia
3101 1860 3200 1898 non
3231 1848 3593 1914 iusti/icabitur

1994 1937 2047 1989 in
2072 1934 2339 2007 conspectd
2366 1945 2451 1991 tuo
2478 1936 2641 1989 omnis
2670 1937 2857 1989 uiuens.
2900 1936 3037 2004 Quid
3081 1936 3149 2011 de
3195 1952 3280 1992 me
3319 1938 3473 2003 dico,
3521 1938 3591 1995 de

1995 2030 2097 2083 hoc
2124 2037 2177 2083 et
2203 2027 2271 2082 de
2303 2026 2429 2081 illo?
2460 2026 2648 2097 inquit.
2692 2026 2808 2082 Non
2854 2038 2937 2083 est
2976 2028 3140 2082 homo
3175 2044 3336 2096 super
3363 2040 3583 2097 terram,

1993 2119 2120 2190 qui,
2149 2119 2193 2174 si
2222 2118 2289 2174 de
2313 2118 2378 2172 iis
2393 2117 2596 2187 judicio
2616 2117 2903 2173 contendat
2933 2134 3052 2187 qua:
3081 2118 3155 2173 illi
3184 2134 3212 2173 a
3242 2127 3296 2173 te
3321 2129 3587 2189 praecepta

1994 2220 2136 2276 sunt,
2164 2211 2331 2281 possit
2352 2210 2635 2280 justiﬁcari
2665 2226 2679 2264 :
2708 2210 2780 2265 ita
2807 2218 2890 2265 est
2918 2210 3057 2280 apttd
3087 2218 3138 2265 te
3165 2211 3474 2278 plenissima
3500 2212 3583 2265 vi-

1993 2303 2184 2356 ctoria.
2216 2302 2269 2357 3.
2301 2300 2435 2367 Quia
2460 2310 2747 2370 persecutus
2783 2311 2856 2355 est
2892 2300 3127 2354 inimicus
3151 2302 3376 2355 animum
3402 2317 3586 2357 meam.

1995 2393 2176 2448 Potest
2200 2391 2413 2462 quidem
2445 2390 2549 2446 hoc
2578 2390 2800 2461 intelligi
2826 2398 2881 2445 et
2903 2392 2970 2445 de
2996 2391 3180 2459 Sutile,
3208 2392 3299 2462 qui
3324 2402 3441 2447 erat
3464 2402 3591 2447 tunc

1994 2484 2262 2551 inimicus,
2284 2494 2337 2539 ct
2358 2497 2481 2539 eum
2504 2482 2942 2552 p-:sequebatur.
2971 2482 3155 2537 P0test
3178 2482 3341 2537 etiam
3368 2482 3470 2538 dici
3497 2500 3592 2553 per

1994 2589 2265 2645 anagogen
2315 2573 2564 2629 inimicus
2611 2573 2855 2628 diabolus
2889 2592 2903 2627 :
2935 2574 3026 2628 illc
3069 2576 3214 2628 enim
3262 2590 3369 2629 non
3413 2583 3592 2629 cessat

1993 2681 2087 2722 eos
2114 2667 2204 2736 qui
2232 2661 2325 2721 Dei
2349 2673 2473 2720 sunt
2499 2665 2765 2735 persequi.
2791 2664 3071 2735 Quomodo
3092 2681 3219 2736 ergo
3239 2666 3589 2722 liberabimur

1994 2758 2061 2813 ab
2106 2758 2222 2828 ejus
2272 2756 2718 2827 persequutione?
2760 2756 2816 2811 Si
2863 2757 3040 2811 locum
3090 2757 3490 2825 invenerimus,
3536 2758 3590 2813 in

1994 2866 2151 2921 quem
2180 2865 2284 2905 non
2316 2852 2482 2919 possit
2511 2849 2736 2922 ingredi.
2772 2849 2840 2905 Et
2876 2851 3119 2920 quisnam
3153 2859 3237 2905 est
3273 2850 3360 2905 hic
3397 2851 3588 2906 locus?

1994 2944 2123 3012 Quis
2143 2944 2277 2999 alius
2294 2944 2393 2998 nisi
2415 2944 2641 2999 ctelum?
2660 2944 2937 3012 Quomodo
2966 2952 3145 2999 autem
3176 2960 3318 2999 nunc
3341 2954 3514 3015 potest
3532 2946 3587 3002 in

1994 3034 2182 3088 caelum
2195 3034 2443 3090 ascendi?
2459 3036 2594 3089 Audi
2611 3034 2827 3089 Paulum
2842 3034 3107 3089 dicentem
3122 3046 3177 3091 et
3191 3036 3585 3102 ostendentem,

1996 3140 2094 3182 nos
2112 3127 2272 3182 etiam
2293 3143 2453 3182 carne
2475 3127 2771 3197 implicatos
2792 3142 2947 3197 posse
2970 3128 3076 3182 illic
3088 3130 3290 3183 versari
3312 3147 3323 3182 :
3346 3128 3590 3197 Qutesur-

1992 3234 2104 3272 sum
2132 3227 2248 3271 sunt
2286 3220 2516 3288 cogitate,
2545 3216 2630 3270 ubi
2650 3215 2877 3272 Christus
2902 3227 2971 3273 est
2999 3219 3052 3272 in
3074 3218 3279 3273 dextera
3297 3220 3391 3275 Dei
3411 3221 3590 3277 sedens

1995 3307 2129 3379 (Col.
2156 3308 2208 3363 3.
2245 3306 2322 3378 1).
2350 3308 2415 3362 Ει
2438 3322 2621 3362 rursus
2649 3325 2664 3363 :
2696 3307 2886 3362 Nostra
2910 3318 3076 3363 autem
3101 3313 3412 3366 conversatio
3438 3323 3511 3366 est
3536 3316 3591 3368 in

1994 3400 2150 3455 uelis.
2182 3398 2479 3453 Humiliaoit
2508 3398 2561 3452 in
2585 3409 2718 3453 terra
2743 3400 2894 3452 vitam
2915 3418 3075 3454 meam
3104 3400 3362 3474 (Philipp.
3392 3406 3445 3460 3.
3466 3405 3583 3477 20).

2068 3490 2347 3545 Humilitas
2372 3491 2655 3561 multiplex.
2681 3520 2754 3531 —
2775 3491 2937 3545 Multa
2966 3492 3229 3559 significat
3260 3511 3455 3549 nomen
3486 3497 3588 3551 hu.

1997 3583 2253 3639 militatis.
2306 3582 2401 3638 Est
2439 3583 2581 3638 enim
2609 3594 2663 3638 et
2688 3584 2897 3638 virtutis
2936 3583 3230 3652 humilitas,
3271 3593 3330 3639 ut
3368 3588 3587 3663 quando

1995 3679 2123 3734 dicit
2150 3696 2163 3731 :
2196 3678 2297 3734 Cor
2334 3666 2602 3732 contritum
2626 3686 2672 3731 et
2696 3678 3019 3731 humiliation
3054 3675 3191 3731 Deus
3222 3694 3323 3731 non
3346 3680 3587 3749 despiciet

1996 3768 2169 3841 (Psal.
2202 3772 2292 3827 50.
2318 3770 2430 3841 19).
2459 3770 2553 3825 Est
2568 3778 2622 3824 et
2643 3767 2913 3823 humilitas
2942 3784 3060 3838 qua:
3086 3768 3325 3839 procedit
3352 3784 3418 3824 ex
3445 3770 3586 3825 cala-

1994 3861 2267 3917 mitatibus
2293 3880 2306 3918 :
2336 3871 2418 3916 est
2445 3869 2498 3915 et
2526 3874 2647 3929 qua:
2685 3858 3043 3928 proﬁciscitur
3082 3874 3146 3912 ex
3192 3860 3445 3927 peccatis.
3492 3860 3589 3917 llic

1995 3961 2174 4007 autem
2218 3967 2335 4008 eam
2372 3950 2655 4022 signiﬁcat,
2693 3964 2813 4021 qua:
2854 3950 3024 4003 oritur
3062 3965 3130 4003 ex
3172 3950 3586 4006 calamitatibus.

1996 4045 2258 4112 Quocirca
2281 4044 2551 4113 subjungit
2575 4042 2679 4097 hoc
2698 4042 2987 4097 ostendens
3012 4058 3025 4095 :
3053 4040 3354 4096 Humiliavit
3379 4045 3431 4097 in
3454 4053 3589 4098 terra

1996 4142 2147 4195 vitam
2174 4156 2356 4193 meam.
2401 4140 2497 4193 Est
2543 4137 2703 4192 etiam
2748 4136 3037 4201 humilitas,
3082 4152 3200 4206 quae
3244 4137 3483 4206 procedit
3522 4153 3587 4192 ex

1996 4230 2265 4300 superbia,
2288 4239 2347 4285 ut
2372 4228 2586 4300 quando
2606 4229 2735 4284 dicit
2759 4248 2774 4283 :
2805 4228 2903 4296 Qui
2930 4245 2984 4283 se
3002 4229 3214 4295 exultat,
3241 4228 3590 4284 liumiliubitur

1998 4324 2147 4395 (Luc.
2182 4324 2269 4380 18.
2298 4320 2410 4394 ll).
2445 4322 2541 4379 Est
2564 4323 2724 4379 etiam
2756 4322 2857 4377 alia
2885 4321 3188 4391 humilitas,
3214 4337 3335 4393 qute
3369 4325 3587 4393 proﬁci-

1996 4416 2164 4471 scitur
2197 4415 2266 4470 ab
2310 4414 2595 4469 insatiabili
2624 4412 2936 4482 cupiditate.
2984 4412 3121 4482 Quid
3151 4422 3234 4468 est
3263 4412 3405 4468 enim
3435 4404 3587 4484 abje-

1997 4507 2133 4562 ctius
2157 4515 2209 4561 et
2236 4505 2487 4560 humilius
2507 4506 2591 4578 i_is,
2616 4505 2703 4575 qui
2726 4505 2935 4573 seipsos
2964 4502 3232 4560 infodiunt
3258 4504 3312 4559 in
3338 4504 3550 4559 divitias
3568 4546 3586 4569 ,

1996 4599 2291 4667 potentiam
2318 4607 2371 4652 et
2395 4598 2652 4668 gloriam?
2680 4597 2717 4651 li
2747 4598 2888 4651 enim
2916 4604 3043 4651 sunt
3061 4596 3266 4652 duabus
3292 4596 3589 4653 rationibus

1997 4690 2263 4756 humiles,
2300 4697 2355 4744 et
2400 4689 2539 4759 quod
2586 4690 2732 4743 humi
2779 4698 2997 4758 serpant
3037 4696 3092 4743 et
3135 4688 3276 4758 quod
3302 4704 3363 4745 ca
3394 4706 3588 4759 magna

1996 4782 2335 4845 existiment,
2380 4780 2827 4850 quemadmodum
2878 4779 3027 4851 pueri
3090 4779 3265 4849 pilas,
3315 4782 3483 4847 talos,
3533 4791 3592 4837 et

1997 4873 2299 4944 bujusmodi
2340 4873 2541 4927 ludicra
2580 4872 2756 4943 magni
2795 4872 3009 4927 faeiunt.
3048 4871 3118 4925 At
3144 4870 3246 4927 hoc
3270 4888 3375 4926 non
3406 4884 3487 4927 est
3512 4874 3588 4926 si-

1996 4983 2159 5038 gnum
2207 4965 2348 5037 quod
2391 4980 2454 5020 ea
2497 4980 2683 5035 magna
2728 4963 2871 5029 sint,
2919 4962 3014 5019 sed
3067 4962 3207 5031 quod
3256 4964 3346 5034 qui
3387 4980 3448 5018 ea
3495 4964 3593 5018 ad-

1997 5062 2295 5123 mirantur,
2346 5065 2578 5111 mentem
2633 5054 2861 5109 habeant
2916 5055 3275 5124 imperfectam
3313 5064 3366 5109 et
3406 5056 3587 5109 humi-

1998 5152 2125 5206 lem.
2174 5148 2279 5204 Sed
2328 5148 2431 5202 hoe
2482 5147 2697 5217 quidem
2744 5156 2826 5201 est
2866 5147 3038 5200 aetatis
3082 5156 3138 5200 et
3182 5154 3386 5200 natum:
3437 5146 3589 5201 defe—

1996 5252 2135 5305 etus,
2177 5240 2305 5297 illud
2337 5255 2464 5294 vero
2504 5247 2587 5292 est
2621 5239 2773 5307 culpa
2812 5237 3123 5291 voluntatis.
3151 5236 3284 5290 Cum
3334 5238 3475 5291 enim
3522 5239 3591 5293 sit

1996 5333 2098 5397 vir,
2129 5347 2191 5386 ac
2219 5341 2440 5385 matura:
2469 5328 2662 5393 mtatis,
2691 5342 2925 5394 mensas,
2948 5328 3150 5392 luxum,
3177 5338 3227 5381 et
3256 5328 3472 5382 delicias
3505 5346 3591 5383 res

1999 5431 2149 5492 putat
2177 5436 2295 5477 esse
2326 5436 2545 5489 magnas
2570 5438 2583 5473 :
2613 5435 2719 5488 quo
2749 5420 2875 5488 quid
2900 5434 3019 5475 esse
3044 5428 3221 5489 potest
3246 5419 3507 5487 abjectius
3536 5429 3591 5475 et

2001 5511 2291 5568 humilius?
2344 5512 2506 5580 Atqui
2557 5510 2711 5564 multi
2760 5524 2853 5565 eos
2897 5524 3019 5565 esse
3068 5509 3244 5579 magni
3293 5518 3348 5564 et
3392 5510 3587 5565 excelsi

2068 5700 2082 5730 ¹
2114 5697 2267 5752 Illud,
2293 5696 2613 5760 Nequaquam
2645 5694 2771 5757 (Μή)
2795 5730 2808 5753 ,
2850 5704 2954 5742 non
2991 5687 3182 5753 legitur
3212 5688 3263 5737 in
3314 5685 3445 5736 libro
3484 5684 3596 5747 iob,

2004 5771 2100 5811 nec
2121 5760 2332 5810 habetur
2366 5757 2417 5807 iu
2442 5758 2667 5808 Hebraeo.
