4222 6446
731 372 826 428 851

730 483 894 539 animi
942 482 1125 537 dicunt
1154 479 1292 536 r’sed
1341 479 1394 534 hi
1446 490 1569 535 sunt
1614 480 1716 535 illis
1765 480 1921 549 longe
1971 479 2304 533 humiliores.

731 578 933 631 ltursus
955 590 1083 644 ergo
1108 573 1377 628 discamus
1405 587 1524 642 quae
1553 573 1623 627 sit
1646 587 1769 626 vera
1800 572 2023 626 altitudo
2046 612 2061 639 ,
2091 580 2149 634 et
2179 571 2303 639 quid

712 668 982 726 vilitatem
1004 676 1059 723 et
1078 661 1426 721 humilitatem
1448 665 1660 720 elliciat.
1689 663 1827 719 Nihil
1850 663 1989 717 enim
2013 678 2163 732 mque
2185 661 2310 717 facit

727 762 1022 824 excelsum,
1050 768 1209 829 atque
1245 774 1307 813 ea
1355 757 1649 826 despicere.
1696 756 1845 811 Nunc
1882 770 2011 826 ergo
2052 755 2310 824 propheta

729 852 861 907 dicit
889 850 1238 904 humilitatem
1270 864 1388 918 qum
1409 849 1579 902 oritur
1598 862 1661 903 ex
1688 846 2078 901 calamitatibus
2104 865 2116 901 :
2142 845 2313 901 Collo-

728 942 857 994 cavit
876 958 954 995 me
971 943 1019 993 in
1037 939 1257 993 obscuris
1277 941 1404 993 sicut
1425 949 1645 992 mortuos
1666 938 1858 993 saculi.
1890 937 2160 1005 Duplicem
2182 936 2311 991 dicit

728 1036 1117 1098 calamitatem,
1145 1042 1198 1086 et
1222 1031 1361 1103 quod
1388 1033 1442 1085 in
1468 1030 1711 1085 obscuris
1731 1073 1745 1091 .
1775 1040 1829 1085 et
1863 1029 2003 1098 quod
2040 1037 2307 1098 tamquam

732 1132 983 1178 mortuos
1017 1123 1196 1177 saeculi
1231 1140 1242 1173 :
1276 1136 1373 1192 per
1417 1130 1638 1191 utraque
1681 1120 1982 1190 significans
2023 1134 2141 1173 eam
2190 1133 2309 1186 quae

732 1225 858 1269 tunc
894 1223 1011 1268 erat
1045 1213 1425 1282 captivitatem.
1467 1211 1727 1279 Quoniam
1753 1211 1895 1264 enim
1927 1209 2086 1263 etiam
2113 1209 2203 1278 qui
2228 1217 2310 1262 est

730 1308 782 1360 in
828 1307 1080 1370 obscuro,
1128 1312 1306 1373 potest
1341 1303 1540 1372 aliquid
1588 1317 1767 1372 agere,
1800 1315 2024 1355 accensa
2069 1300 2307 1365 lucerna,

729 1400 912 1453 volens
951 1399 1234 1453 ostendere
1266 1396 1525 1466 insignem
1556 1395 1817 1448 malorum
1850 1393 2267 1463 magnitudinem
2290 1432 2305 1458 ,

729 1492 909 1545 addito
949 1501 1277 1544 mortuorum
1322 1489 1537 1542 nomine
1584 1488 1732 1541 ausit
1776 1486 2107 1556 tragmdiam.
2153 1485 2312 1540 Tales

730 1591 854 1636 sunt
878 1582 965 1651 qui
996 1581 1044 1634 in
1073 1582 1303 1651 peccatis
1332 1581 1533 1634 vivunt.
1584 1581 1656 1632 Ita
1697 1579 1839 1633 enim
1883 1587 2007 1634 sunt
2044 1587 2310 1646 tamquam

732 1674 923 1727 mortui
954 1675 1004 1727 in
1035 1673 1270 1727 tenebris
1300 1693 1313 1727 :
1344 1674 1467 1726 licet
1492 1686 1619 1741 ergo
1642 1670 1913 1740 lampades
1937 1668 2311 1725 circumferant

732 1764 1177 1829 innumerabiles,
1207 1762 1327 1817 licet
1351 1763 1415 1817 ad
1444 1762 1612 1818 solem
1639 1761 1943 1831 respiciant,
1974 1760 2097 1815 licet
2124 1775 2187 1814 ex
2215 1773 2311 1814 ve-

731 1856 900 1911 stibus
937 1863 991 1909 et
1028 1856 1134 1909 alio
1164 1855 1287 1908 vitae
1329 1854 1471 1909 cultu
1514 1854 1719 1908 alacres
1764 1861 1819 1906 et
1861 1852 1965 1905 Leti
2012 1852 2309 1916 vidcantur,

731 1946 899 2002 nihilo
936 1946 1185 2011 meliori,
1218 1946 1324 1999 imo
1350 1959 1480 1999 vero
1521 1943 1772 1998 deteriori
1811 1953 1934 1997 sunt
1977 1942 2305 2007 conditione,

730 2052 885 2107 quam
913 2038 1001 2107 qui
1028 2046 1150 2091 sunt
1174 2038 1392 2103 mortui,
1415 2044 1469 2090 et
1493 2045 1652 2106 agunt
1681 2036 1731 2088 in
1760 2034 1991 2089 tenebris
2017 2052 2029 2085 :
2053 2044 2314 2103 quatenus

732 2131 817 2182 illa
846 2129 1058 2198 quidem
1090 2144 1174 2182 res
1200 2137 1281 2183 est
1311 2128 1567 2183 naturalis
1586 2168 1599 2192 ,
1633 2126 1748 2181 lucc
1777 2141 1903 2181 vero
1932 2135 2013 2181 est
2040 2127 2194 2195 culpa
2218 2140 2313 2179 vo-

732 2221 969 2274 luntatis.
1012 2219 1271 2273 Tenebrae
1296 2234 1506 2289 quoque
1530 2227 1653 2274 sunt
1681 2232 1759 2272 etc
1790 2234 1908 2287 qua:
1933 2217 2123 2271 futura:
2152 2227 2312 2282 sunt,

731 2311 799 2364 de
822 2310 1011 2380 quibus
1041 2311 1187 2373 dicit,
1220 2309 1405 2364 Tollite
1432 2328 1564 2375 eum,
1592 2319 1638 2365 et
1666 2311 1841 2365 mittite
1867 2311 1919 2365 in
1945 2309 2168 2365 tenebras
2189 2322 2317 2365 exte-

731 2405 887 2457 riores
916 2402 1139 2473 (Matth.
1162 2402 1253 2456 22.
1287 2402 1408 2472 15).
1441 2402 1575 2457 Sunt
1598 2402 1758 2457 etiam
1785 2402 1897 2456 vitii
1924 2402 2178 2457 tenebrae.
2214 2401 2315 2457 Se-

731 2496 922 2561 dentes,
948 2496 1131 2565 inquit,
1163 2497 1212 2548 in
1239 2494 1469 2562 tenebris,
1493 2506 1539 2549 et
1567 2496 1743 2549 umbra
1770 2496 1941 2549 mortis
1966 2494 2170 2563 (Luc.l.
2199 2492 2313 2565 79).

735 2586 801 2641 Et
846 2586 1064 2651 Paulus,
1098 2585 1218 2641 Non
1258 2604 1429 2641 sumus
1467 2586 1565 2655 ﬁlii
1605 2586 1917 2641 tenebrarum
1946 2586 2020 2658 (ί.
2049 2585 2223 2641 Thess.
2258 2587 2312 2643 5.

732 2675 806 2746 5).
828 2674 1148 2744 lterumque,
1173 2674 1499 2729 Evanuerunt
1525 2676 1575 2729 in
1597 2676 1977 2747 cogitationibus
1997 2678 2123 2745 suis,
2153 2686 2199 2732 et
2225 2677 2317 2732 ob-

730 2777 987 2821 scuratum
1018 2776 1088 2823 est
1112 2767 1354 2836 insipiens
1374 2783 1461 2820 cor
1484 2784 1654 2821 eorum
1678 2768 1851 2837 (Rom.
1878 2768 1926 2822 1.
1956 2767 2072 2839 21).

804 2856 1134 2913 Peccatorum
1164 2859 1414 2923 tenebrte;
1441 2874 1686 2929 pauperes
1726 2875 1817 2913 cur
1840 2876 1939 2913 non
1990 2860 2265 2915 audiantur
2282 2877 2317 2914 ιι

730 2948 1019 3002 mundanis.
1047 2979 1118 2989 --
1147 2949 1211 3002 Et
1230 2950 1347 3004 ideo
1368 2950 1808 3018 quemadmodum
1830 2951 1917 3020 qui
1946 2959 2223 3006 versantur
2258 2952 2311 3006 in

731 3042 983 3108 tenebris,
1016 3042 1259 3095 nesciunt
1278 3056 1453 3094 rerum
1482 3053 1720 3095 naturam
1748 3043 1853 3095 :ita
1880 3043 2036 3097 etiam
2065 3043 2157 3112 qui
2187 3051 2312 3097 sunt

728 3133 781 3186 in
820 3134 1069 3203 peccatis,
1100 3142 1225 3188 sunt
1248 3133 1523 3201 obctecati,
1577 3142 1631 3188 et
1657 3149 1717 3188 ea
1743 3148 1861 3203 quze
1904 3144 2159 3205 apparent
2205 3151 2309 3191 non

726 3223 1053 3290 discernunt,
1085 3224 1179 3279 sed
1207 3222 1273 3277 ad
1297 3224 1509 3278 umbras
1528 3234 1790 3293 tamquam
1821 3225 1886 3280 ad
1906 3240 1995 3279 res
2020 3240 2174 3280 veras
2189 3240 2311 3281 cur-

727 3322 868 3381 runt,
900 3315 1108 3369 divitias
1134 3324 1188 3370 et
1216 3315 1449 3379 delicias,
1484 3326 1535 3369 et
1572 3316 1857 3383 potentiam
1911 3327 2309 3387 persequentes,

730 3421 826 3460 nec
849 3408 1067 3469 amicos,
1102 3421 1199 3460 nec
1221 3405 1462 3460 inimicos
1488 3416 1748 3460 noverunt
1780 3422 1793 3459 :
1829 3407 2057 3462 inimicis
2094 3407 2307 3477 quidem

728 3504 993 3563 tamquam
1022 3497 1205 3551 amicis
1234 3494 1477 3561 ﬁdentes,
1500 3512 1619 3551 cum
1650 3497 1833 3552 amicis
1866 3513 1995 3553 vero
2042 3508 2308 3569 tamquam

724 3600 844 3640 cum
872 3586 1106 3639 h0stibus
1132 3586 1496 3656 conﬂigentes.
1531 3587 1643 3642 Non
1670 3588 1819 3641 vides
1841 3603 2099 3659 pauperes
2132 3592 2307 3659 quoti-

724 3677 811 3731 die
845 3678 1155 3743 clamantes,
1186 3687 1239 3731 et
1264 3677 1541 3747 ejulantes,
1584 3692 1612 3730 a
1646 3678 1858 3733 nemine
1887 3687 2063 3734 tamen
2092 3679 2309 3733 audiri?

723 3768 897 3834 Quare
922 3783 1023 3822 non
1054 3767 1311 3821 audiunt?
1335 3768 1594 3835 Quoniam
1616 3770 1896 3824 collocavit
1944 3784 2038 3825 eos
2067 3770 2310 3825 diabolus

726 3862 778 3914 in
822 3862 1081 3923 obscuris,
1125 3861 1261 3915 sicut
1290 3872 1526 3915 mortuos
1552 3861 1751 3916 smculi.
1807 3861 1959 3930 Quod
1998 3862 2141 3917 enim
2183 3873 2311 3919 sunt

722 3954 839 4007 aliis
857 3954 1087 4007 tenebra:
1107 3962 1161 4007 et
1186 3954 1371 4007 mortis
1392 3953 1645 4018 conditio,
1679 3954 1781 4009 hoc
1797 3964 1879 4009 est
1904 3955 1983 4009 eis
2007 3955 2310 4009 inhumani-

724 4054 826 4098 tas.
861 4044 954 4099 Est
975 4060 1155 4098 eorum
1177 4044 1263 4115 qui
1289 4043 1479 4099 sedent
1506 4045 1556 4098 in
1589 4044 1824 4100 tenebris
1846 4060 1953 4099 non
1976 4045 2159 4100 videre.
2190 4061 2306 4100 ma-

725 4135 774 4191 la
800 4152 918 4206 quae
943 4137 1063 4191 illos
1090 4136 1363 4191 invadunt.
1399 4136 1510 4191 Hoc
1535 4138 1694 4192 etiam
1728 4137 1805 4192 eis
1830 4136 2042 4201 accidit,
2072 4137 2161 4207 qui
2194 4151 2303 4192 non

724 4231 903 4285 vident
930 4245 1020 4283 cas
1041 4245 1158 4299 qua:
1174 4229 1326 4299 juxta
1357 4230 1500 4299 ipsos
1528 4228 1643 4283 siue
1683 4238 1807 4283 sunt
1856 4228 2208 4295 calamitates,
2253 4238 2309 4285 et

724 4325 775 4375 in
816 4323 1099 4391 voragines
1142 4321 1413 4391 fossasque
1476 4332 1528 4376 et
1576 4322 1867 4393 pmcipitia
1933 4322 2303 4378 deturbantur.

720 4415 815 4470 Est
846 4430 1031 4469 eorum
1050 4416 1137 4483 qui
1161 4412 1348 4468 sedent
1369 4414 1419 4466 in
1448 4411 1681 4468 tenebris
1705 4413 1873 4482 turpia
1904 4428 2090 4469 secure
2110 4415 2307 4470 audere

718 4504 1023 4559 admittere.
1074 4503 1185 4557 Hoc
1232 4503 1391 4556 etiam
1443 4500 1644 4556 faciunt
1674 4503 1765 4572 qui
1817 4502 2061 4572 nequiter
2098 4504 2302 4568 vivunt,

720 4608 986 4668 tamquam
1009 4597 1095 4667 qui
1114 4595 1299 4650 sedent
1318 4596 1367 4649 in
1388 4595 1639 4661 tenebris,
1664 4604 1718 4648 et
1746 4594 1966 4664 perinde
1995 4609 2055 4649 ac
2076 4594 2121 4648 si
2143 4610 2301 4649 nemo

722 4689 883 4744 homo
913 4690 1000 4753 sit,
1026 4689 1135 4758 qui,
1159 4703 1275 4757 qua:
1298 4674 1448 4748 liunt,
1479 4688 1749 4756 respiciat,
1782 4687 1960 4741 omnia
1992 4696 2096 4740 tam
2121 4668 2325 4743 secure?1

718 4789 1043 4851 perpetrant,
1078 4781 1129 4833 in
1154 4779 1343 4835 mediis
1374 4779 1592 4835 urbibus
1617 4780 1762 4835 velut
1789 4780 1843 4834 in
1870 4779 2157 4836 solitudine
2181 4796 2302 4836 sce-

718 4874 825 4928 lera
855 4873 1267 4939 committentes.

788 4966 843 5019 4.
866 4965 1029 5017 Animi
1057 4963 1149 5017 sibi
1185 4964 1317 5017 male
1339 4963 1525 5016 conscii
1552 4962 1809 5025 conditio;
1837 4962 2178 5032 improborum
2203 4963 2300 5016 mi-

720 5072 831 5110 sera
856 5055 1111 5118 conditio;
1141 5055 1407 5124 descriptio
1452 5053 1624 5117 avari;
1652 5054 2014 5121 praeteritorum
2062 5052 2302 5106 memoria

718 5163 871 5214 quant
911 5145 1066 5198 utilis.
1092 5174 1161 5183 --
1184 5144 1281 5211 Qui
1313 5144 1500 5199 sedent
1525 5144 1575 5197 in
1607 5144 1861 5210 tenebris,
1894 5152 2017 5199 Sunt
2042 5145 2092 5198 in
2112 5160 2301 5215 perpe-

718 5248 809 5292 tuo
832 5248 973 5291 metu
1001 5255 1013 5289 ε
1044 5237 1112 5290 ita
1144 5236 1194 5289 lii
1224 5237 1403 5290 etiam.
1429 5235 1614 5291 Nullus
1638 5238 1779 5291 enim
1803 5248 1983 5305 raptor
2026 5246 2082 5293 et
2107 5254 2299 5291 avarus

715 5341 797 5384 est
824 5346 853 5383 ξι
872 5338 1013 5384 metu
1036 5328 1260 5395 alienus,
1288 5339 1771 5399 quantumcumque
1794 5346 1852 5385 se
1874 5330 2165 5387 insolenter
2185 5332 2300 5401 jac-

717 5422 853 5481 titet,
880 5429 934 5474 et
956 5421 1285 5476 extrinsecus
1338 5420 1565 5475 laetantis
1611 5422 1841 5490 speciem
1886 5438 1997 5492 przc
2036 5439 2093 5477 se
2140 5423 2295 5476 ferat.

717 5510 859 5565 Talis
880 5519 961 5565 est
983 5512 1123 5566 enim
1143 5522 1326 5565 natura
1354 5510 1514 5565 animi
1544 5511 1639 5565 sibi
1665 5512 1801 5566 male
1818 5512 2035 5567 conscii.
2067 5512 2131 5567 Et
2148 5523 2300 5567 erant

717 5602 770 5654 lii
795 5601 1007 5671 quidem
1036 5613 1191 5657 antea
1216 5603 1361 5656 omni
1388 5602 1537 5656 venia
1572 5605 1781 5672 privati,
1809 5605 1901 5660 sed
1935 5622 2074 5661 nunc
2106 5608 2293 5677 magis,

716 5692 857 5759 quod
880 5708 999 5747 cum
1023 5695 1100 5747 sol
1128 5693 1343 5763 iustitia:
1368 5694 1623 5755 illuxerit,
1654 5696 1825 5751 adhuc
1848 5697 2033 5752 sedent
2066 5699 2115 5751 in
2150 5707 2284 5751 teuc-

712 5781 841 5837 bris.
868 5780 933 5835 I'It
958 5783 1222 5855 quomodo
1249 5798 1369 5839 cum
1398 5784 1569 5838 illum
1594 5785 1697 5847 sol,
1728 5787 1917 5841 sedent
1949 5789 1997 5841 iu
2023 5791 2195 5842 tem-tn
2212 5790 2255 5842 is
2274 5793 2294 5841 't

1450 371 1508 424 S.
1548 366 1825 423 JOANNIS
1861 363 2339 423 CllRYSOSTOMl
2381 366 2694 423 AHCHIEP.
2727 366 3256 428 CONSTANTINOP.

3900 381 4009 437 εἷἷὶ

2420 479 2642 550 Propter
2660 483 2934 535 oculorum
2959 483 3397 539 imbecillitatem.
3416 485 3547 541 Cum
3567 487 3709 541 enim
3731 503 3791 544 se
3810 493 4005 556 antris,

2412 573 2607 628 cloacis
2646 583 2700 630 et
2735 575 3071 645 voraginibus
3121 577 3231 631 vitii
3276 576 3584 646 infoderint,
3611 578 3681 636 ob
3725 582 4010 639 oculorum

2416 663 2824 721 imbecillitatem
2861 681 2965 720 non
2993 678 3217 737 possunt
3242 668 3419 723 radios
3446 670 3660 725 intueri.
3693 672 3747 727 4.
3779 671 3847 727 Et
3904 690 4006 728 on-

2411 756 2579 808 xiatus
2606 767 2677 810 est
2698 767 2849 825 super
2866 773 2946 811 me
2966 758 3172 826 spiritus
3196 776 3337 814 meus
3363 775 3383 813 :
3432 760 3487 813 in
3514 777 3593 815 me
3636 764 3891 817 turbatum
3934 774 4012 819 est

2414 863 2503 899 cor
2520 864 2703 902 meum.
2735 848 2904 915 Alius,
2933 847 3000 902 Et
3023 848 3457 919 circumagebatur
3482 851 3535 905 in
3565 867 3644 906 me
3665 853 3838 906 animo
3872 871 4006 907 mea.

2415 937 2658 991 Ostendit
2694 952 2879 992 rursus
2903 953 3165 992 summam
3189 938 3539 995 afﬂictionem
3569 957 3662 1012 per
3686 943 3849 997 animi
3885 960 4008 1013 per-

2419 1026 2789 1084 turbationem.
2830 1028 2967 1098 Quid
3016 1038 3099 1085 est
3141 1040 3342 1095 autem,
3372 1030 3438 1085 In
3464 1032 3679 1087 me!Ne
3716 1030 3836 1088 aliis
3883 1037 4008 1104 qui-

2416 1118 2536 1173 dem
2583 1128 2821 1187 poteram
2879 1120 3179 1187 enuntiare,
3231 1131 3286 1176 et
3324 1122 3747 1177 consolationem
3803 1124 3872 1179 ab
3924 1125 4007 1179 eis

2414 1211 2674 1280 accipere.
2704 1210 2857 1265 Tales
2886 1220 3011 1266 sunt
3063 1212 3225 1266 animi
3271 1213 3631 1282 improborum
3668 1238 3681 1266 ς
3710 1231 4005 1285 numquam

2414 1318 2521 1357 non
2560 1301 2967 1370 conturbantur,
2998 1318 3106 1357 non
3132 1304 3305 1358 solum
3354 1304 3481 1358 dum
3526 1314 3648 1358 sunt
3698 1308 4010 1375 praesentia;

2414 1394 2509 1449 sed
2530 1395 2689 1449 etiam
2710 1394 2834 1449 dum
2865 1406 3243 1465 exspectantur
3270 1397 3428 1452 mala.
3460 1396 3754 1468 Numquam
3805 1408 3890 1454 est
3929 1401 4015 1456 eis

2417 1487 2521 1541 ulla
2553 1488 2927 1555 tranquillitas,
2957 1488 3099 1543 nulla
3127 1490 3289 1543 animi
3336 1491 3617 1555 securitas,
3663 1491 3756 1547 sed
3795 1502 4014 1561 pertur-

2414 1577 2614 1632 bantur
2633 1580 2801 1648 magis
2826 1594 2984 1649 quam
3072 1579 3238 1634 ullum
3286 1580 3501 1650 pelagus
3534 1600 3547 1636 :
3578 1596 3684 1635 non
3727 1599 3851 1647 nox,
3900 1599 4012 1638 non

2416 1668 2530 1724 dies
2549 1670 2627 1726 eis
2653 1671 2915 1735 concedit,
2936 1680 2993 1726 ut
3017 1670 3233 1727 sedetur
3254 1681 3560 1742 tempestas,
3612 1673 3705 1728 sed
3772 1675 4014 1746 undique

2416 1771 2674 1817 vexantur
2704 1780 2715 1815 :
2748 1762 2847 1815 etsi
2872 1763 3053 1817 nullus
3074 1763 3143 1817 sit
3170 1764 3260 1834 qui
3287 1766 3366 1819 eis
3393 1764 3692 1819 molestiam
3718 1766 4004 1827 exhibeat.

2416 1855 2613 1909 bellum
2640 1854 2949 1909 intestinum
2974 1869 3038 1910 ac
3064 1854 3419 1911 domesticum
3463 1855 3741 1919 habentes,
3803 1871 3905 1912 nec
3946 1857 4013 1912 iis

2417 1960 2534 2015 quae
2558 1944 2667 2011 jam
2698 1954 3021 2015 acceperunt
3075 1945 3342 2009 fruuntur,
3370 1958 3556 2001 eorum
3605 1961 3723 2017 quae
3769 1947 4009 2001 nondum

2416 2036 2746 2091 advenerunt
2782 2037 3140 2092 sollicitudine
3160 2038 3399 2103 lacerati,
3431 2038 3632 2102 laniati,
3665 2037 3731 2091 de
3763 2039 4014 2093 omnium

2418 2127 2642 2201 neg.tiis
2666 2127 2899 2195 solliciti,
2944 2128 3083 2183 bona
3130 2129 3370 2182 omnium
3420 2129 3633 2183 curiose
3682 2126 4009 2193 scrutantes,

2418 2219 2596 2275 animo
2622 2220 2884 2289 agitantes
2904 2220 3171 2289 quomodo
3198 2221 3320 2275 huic
3347 2221 3557 2290 quidem
3583 2221 4003 2289 persuadebunt,

2420 2310 2567 2363 illum
2597 2325 2725 2365 vero
2748 2311 3043 2375 terrebunt,
3074 2311 3233 2366 alium
3281 2311 3489 2367 blandis
3538 2312 3715 2367 verbis
3751 2312 4008 2377 allicient,

2418 2400 2579 2454 alium
2606 2415 2734 2455 vero
2762 2410 2973 2471 cogent,
3005 2403 3165 2457 alium
3188 2411 3363 2457 autem
3392 2403 3769 2464 observabunt.
3794 2404 4007 2457 calum-

2420 2491 2557 2556 nias,
2584 2492 2906 2561 emptiones,
2930 2493 3287 2558 venditiones,
3319 2503 3651 2559 testamenta,
3701 2493 4006 2564 lideju'ssio-

2416 2599 2535 2650 nes,
2570 2598 2781 2649 usuras,
2810 2592 3007 2652 sortes,
3057 2594 3112 2639 et
3149 2586 3337 2639 horum
3385 2585 3645 2639 malorum
3689 2587 4009 2655 quisquilias

2389 2663 2473 2733 'et
2502 2678 2659 2734 (ωορδ
2696 2678 2837 2749 apud
2888 2694 2946 2733 se
2993 2687 3266 2733 versantes
3301 2695 3313 2730 :
3343 2686 3396 2731 et
3444 2677 3659 2749 quando
3698 2678 3777 2733 eis
3826 2679 4008 2733 omnia

2419 2768 2662 2834 afﬂuunt,
2722 2778 2847 2823 tunc
2895 2768 3123 2821 maxime
3165 2767 3561 2837 perturbantur.
3610 2767 3741 2822 Vide
3778 2767 4001 2823 divitem

2419 2860 2566 2915 illum
2596 2860 2683 2931 qui
2708 2868 2835 2914 tunc
2882 2858 3109 2913 maxime
3156 2858 3420 2923 turbatur,
3462 2857 3676 2928 quando
3721 2858 3840 2926 eius
3877 2873 4005 2928 ager

2419 2950 2517 3005 fttit
2544 2950 2921 3015 fertilissimus,
2947 2950 3281 3019 dubitatque,
3310 2958 3363 3004 et
3388 2959 3472 3004 est
3498 2949 3660 3004 animi
3699 2950 4005 3020 perplexius.

2417 3051 2472 3098 et
2522 3042 2650 3097 dicit
2681 3060 2695 3096 :
2728 3042 2863 3110 Quid
2886 3041 3115 3113 faciam?
3142 3041 3359 3095 Diruam
3383 3042 3563 3097 horrea
3592 3060 3723 3109 mea,
3765 3053 3813 3097 et
3840 3046 4007 3111 aediﬁ-

2417 3133 2540 3188 cabo
2560 3132 2937 3203 majora(Luc.
2962 3133 3050 3187 i2.
3082 3132 3212 3205 18).
3245 3133 3469 3205 Pauperi
3510 3144 3685 3188 autem
3719 3133 3850 3189 nihil
3902 3136 4007 3192 tale

2422 3225 2641 3283 accidit.
2673 3226 2727 3279 5.
2756 3222 2957 3278 Membr
3008 3225 3083 3297 fui
3113 3224 3309 3277 dierum
3341 3226 3663 3295 antiquorum
3696 3246 3714 3279 :
3739 3228 4005 3281 meditatus

2416 3331 2525 3368 sum
2539 3315 2591 3367 in
2600 3314 2830 3369 omnibus
2845 3316 3078 3383 aperibus
3092 3318 3207 3368 tuis.
3231 3314 3343 3369 Non
3357 3324 3439 3370 est
3454 3315 3567 3369 lucc
3583 3330 3747 3387 parva
3760 3318 4005 3371 c0nsola-

2415 3408 2509 3474 tio,
2535 3408 2709 3476 priora
2747 3421 2904 3462 nosse
2930 3417 2984 3462 et
3015 3408 3316 3476 praesentia.
3344 3405 3603 3475 Quoniam
3634 3407 3797 3470 enim,
3830 3406 3887 3462 ut
3911 3423 3997 3463 se-

2416 3500 2521 3554 mel
2547 3499 2742 3566 dicam,
2777 3500 2964 3555 iisdem
2994 3500 3198 3569 legibus
3227 3499 3362 3554 Dens
3388 3508 3442 3555 et
3466 3515 3527 3556 ea
3550 3515 3667 3570 qua:
3690 3517 3830 3556 nunc
3855 3511 3997 3564 sunt.

2416 3598 2469 3645 et
2510 3607 2628 3661 quae
2670 3592 2815 3659 prius
2864 3590 3079 3646 fuerunt
3128 3590 3479 3657 administrat,
3531 3594 3760 3645 maxima
3810 3604 3892 3647 est
3936 3594 3999 3648 ad

2416 3683 2697 3751 praesentia
2740 3683 3033 3743 consolatio
3061 3682 3317 3735 memoria
3349 3683 3758 3751 praeteritorum.
3793 3684 3857 3738 Et
3885 3684 3998 3739 idco

2416 3776 2467 3828 in
2496 3774 2600 3829 alio
2629 3789 2839 3843 quoque
2880 3774 3090 3829 Psalmo
3116 3773 3245 3827 dicit
3273 3790 3287 3828 :
3326 3774 3465 3826 Nam
3505 3775 3558 3827 in
3591 3776 3779 3828 sucula
3800 3775 3997 3843 repellet

2415 3864 2683 3927 Dominus,
2715 3874 2802 3918 aut
2837 3866 2895 3918 in
2941 3866 3093 3933 finem
3133 3865 3525 3917 misericordiam
3562 3880 3705 3918 suam
3757 3867 3996 3921 rescindit

2420 3951 2589 4023 (I’sal.
2622 3952 2709 4006 76.
2735 3951 2786 4006 8.
2827 3952 2909 4021 9)?
2934 3952 3000 4005 Et
3018 3952 3153 4005 alius
3172 3993 3188 4017 ,
3219 3952 3470 4021 Respicite
3496 3954 3564 4006 ad
3592 3954 3829 4025 antiquas
3853 3973 3996 4025 gene-

2412 4044 2653 4106 rationes,
2682 4053 2731 4096 et
2756 4044 2917 4097 videte
2939 4044 3048 4110 quis
3077 4045 3347 4112 speraverit
3372 4046 3426 4097 in
3453 4043 3722 4098 Dominum
3740 4087 3756 4112 ,
3785 4057 3830 4101 et
3855 4048 3998 4101 dere-

2413 4134 2560 4188 lictus
2585 4136 2647 4188 sit
2666 4134 2850 4205 (Eccli.
2872 4135 2927 4187 2.
2951 4136 3067 4200 “)‘l
3096 4133 3162 4189 Et
3180 4134 3393 4198 Paulus,
3423 4134 3546 4189 Hac
3569 4146 3736 4189 autem
3754 4140 3922 4192 omnia
3947 4139 3998 4192 in

2412 4227 2578 4299 ﬁgura
2604 4226 2893 4281 eveniebant
2920 4226 3025 4280 illis
3068 4242 3086 4280 :
3124 4226 3314 4297 scripta
3335 4236 3453 4281 sunt
3480 4236 3647 4281 autem
3672 4227 3743 4281 ad
3765 4229 3997 4283 admoni-

2411 4320 2594 4381 tionem
2638 4328 2881 4385 nostram,
2918 4318 2987 4371 ad
3028 4334 3152 4388 quos
3196 4318 3325 4387 ﬁnes
3352 4319 3655 4372 seculorum
3697 4320 3994 4375 devenerunt

2412 4414 2490 4484 (Ι.
2522 4413 2641 4468 Cor.
2669 4412 2755 4467 10.
2786 4412 2896 4480 Η).
2932 4410 3045 4465 Non
3086 4410 3256 4465 aliena
3283 4420 3459 4465 autem
3491 4410 3684 4475 solum,
3713 4410 3808 4465 sed
3835 4414 3992 4468 etiam

2413 4514 2595 4559 nostra
2627 4519 2770 4575 saepe
2810 4505 2861 4558 in
2899 4504 3211 4559 memoriam
3253 4513 3584 4569 revocantes,
3618 4503 3990 4560 lucrifacimus.

2413 4597 2526 4653 Hoc
2571 4608 2748 4652 autem
2792 4596 3025 4651 ostendit
3051 4595 3338 4665 Apostolus
3375 4595 3559 4651 dicens
3592 4612 3605 4647 :
3642 4595 3996 4651 Recordamini

2410 4694 2633 4764 priorum
2655 4692 2872 4757 dierum,
2894 4692 2945 4746 in
2971 4693 3154 4763 quibus
3191 4691 3462 4746 illuntinati
3485 4709 3721 4764 magnum
3752 4703 3991 4747 certamen

2409 4784 2711 4837 sustinuistis
2736 4784 3024 4853 passionum
3053 4781 3237 4852 (Hebr.
3270 4783 3354 4837 10.
3386 4782 3496 4854 3‘2).
3535 4784 3598 4838 Et
3624 4800 3652 4836 a
3680 4784 3949 4838 contrario
3973 4802 3986 4839 :

2412 4874 2690 4939 Quemnam
2716 4877 2937 4945 fructum
2968 4885 3084 4929 tunc
3112 4875 3355 4936 habuistis
3382 4878 3435 4930 in
3463 4877 3544 4940 iis,
3577 4878 3628 4931 in
3656 4878 3833 4947 quibus
3862 4895 3989 4932 nunc

2410 4966 2700 5019 erubescitis
2740 4964 2918 5035 (Rom.
2958 4964 3011 5019 6.
3039 4964 3160 5034 Si)?
3194 4964 3260 5019 Et
3291 4966 3426 5020 alius
3453 4966 3685 5035 sapiens,
3713 4965 3989 5021 Recordare

2408 5058 2676 5111 novissima
2721 5068 2830 5119 tua,
2864 5067 2912 5110 et
2946 5058 2998 5109 in
3037 5067 3278 5110 ceternum
3320 5073 3420 5111 non
3466 5058 3692 5127 peccabis
3730 5056 3914 5129 (Eccli.
3936 5060 3985 5112 7.

2406 5149 2516 5218 60).
2561 5150 2672 5205 lloc
2701 5149 2843 5202 enim
2876 5149 2973 5201 etsi
3021 5160 3103 5202 est
3144 5148 3377 5202 futurum
3408 5188 3424 5215 ,
3458 5163 3487 5202 a
3517 5149 3785 5217 praeterito
3816 5160 3984 5205 tamen

2405 5241 2551 5297 ducit
2578 5241 2809 5306 initium,
2841 5256 3030 5309 nempe
3058 5254 3200 5294 mors
3230 5241 3550 5294 communis.
3580 5239 3691 5294 [loc
3724 5242 3881 5294 etiam
3911 5240 3980 5293 fa-

2405 5335 2479 5388 cit
2503 5334 2700 5388 Paulus
2726 5347 2791 5386 ex
2828 5331 3108 5400 praeteritis
3134 5342 3187 5385 et
3216 5330 3405 5385 futuris
3430 5372 3445 5395 ,
3474 5340 3525 5385 et
3554 5331 3766 5400 quando
3794 5347 3981 5387 conso-

2406 5424 2528 5491 lari,
2568 5436 2623 5477 et
2648 5422 2859 5492 quando
2886 5423 3153 5491 enrrigere
3185 5433 3397 5493 oportet
3430 5442 3444 5477 :
3476 5421 3612 5477 Nolo
3638 5466 3652 5488 ,
3684 5424 3872 5492 inquit,
3903 5441 3982 5477 vos

2403 5516 2659 5585 ignorare.
2698 5519 2899 5584 fratres,
2943 5515 3078 5579 quod
3117 5525 3284 5584 patres
3327 5516 3485 5569 nostri
3523 5533 3694 5570 onun's
3731 5517 3822 5570 sub
3866 5518 3980 5569 ιιιιίρα

2404 5611 2645 5678 fuerunt,.
2674 5616 2721 5660 et
2760 5623 2929 5660 omnes
2960 5623 3096 5658 more
3138 5607 3464 5672 transierunt,
3494 5616 3542 5660 et
3570 5623 3739 5660 omnes
3767 5609 3984 5658 scindent

2404 5713 2564 5749 escam
2596 5699 2872 5762 spiritalem
2902 5697 3218 5749 comederunt
3260 5713 3278 5751 :
3318 5697 3407 5751 sed
3432 5715 3529 5751 non
3558 5700 3607 5749 in
3638 5698 3863 5764 pluribus
3898 5711 3981 5747 eo-

2404 5806 2517 5843 rum
2544 5790 2843 5860 ratttplui‘uit
2870 5788 2975 5841 Deo
3002 5790 3077 5857 (ι.
3114 5788 3227 5843 Cor.
3258 5791 3336 5846 IO.
3372 5793 3415 5844 l.
3444 5791 3494 5844 5.
3520 5792 3570 5845 -i.
3597 5789 3670 5858 ii).
3696 5785 3977 5858 Aliquando
