4154 6434
170 417 270 474 ιεδ

164 541 337 585 autem
371 543 402 584 ι
421 527 621 585 futuris
648 541 663 579 :
691 522 796 591 Qui
820 535 993 592 paruas
1011 517 1207 572 dabunt
1230 556 1247 582 ,
1274 530 1517 571 (sternam
1542 512 1755 568 exitium

164 622 331 693 afacie
348 619 577 684 Domini,
596 626 643 672 et
660 632 690 668 a
704 613 868 687 gloria
881 612 1077 667 virtutis
1092 612 1200 681 ejus
1223 610 1299 681 (a)
1316 608 1394 680 (2.
1409 606 1589 662 Thess.
1616 608 1662 662 ἰ.
1675 606 1752 675 9).

163 710 227 767 Et
250 726 444 766 rursus
483 728 498 763 :
528 706 767 762 Peruenit
810 713 979 757 autem
1018 702 1072 756 in
1111 718 1195 756 eos
1238 693 1321 753 ira
1352 699 1409 753 in
1458 699 1613 768 ﬁnem
1656 695 1751 769 (1.

161 799 333 854 Thess.
351 798 407 853 2.
433 796 544 869 16).
564 797 687 851 Dies
702 795 835 849 enim
852 792 1116 858 indicabit,
1144 791 1281 861 quod
1292 790 1346 844 in
1368 791 1486 863 igne
1507 786 1757 843 reoelatur

159 895 228 963 (I.
257 893 381 947 Cor.
426 892 482 947 3.
529 890 642 959 i3).
672 888 739 942 Et
769 899 952 940 rursus
993 900 1007 937 :
1042 882 1321 952 Propterea
1356 883 1491 935 enim
1514 879 1647 933 venit
1675 877 1756 932 ira

162 985 249 1039 Dei
272 985 329 1038 in
360 985 497 1051 ﬁlios
522 979 872 1035 inobedientiw
898 976 1114 1050 (Epiros.
1143 976 1195 1031 5.
1230 974 1309 1044 6).
1354 972 1461 1030 Sed
1490 973 1605 1029 haec
1632 972 1753 1044 qui-

154 1077 293 1141 dem,
328 1074 546 1145 quando
575 1080 787 1144 oportet
815 1071 1084 1140 corrigere
1121 1088 1135 1123 :
1164 1067 1380 1138 quando
1407 1077 1590 1122 autem
1619 1081 1750 1123 con—
1792 1096 1807 1113 κ

152 1165 337 1230 solari,
366 1165 434 1219 ab
470 1164 713 1231 utrisque
740 1161 1050 1217 consolatur
1082 1176 1098 1213 :
1129 1173 1159 1213 a
1204 1158 1494 1228 praeteritis
1525 1157 1749 1229 quidem

150 1256 359 1319 dicens,
390 1254 695 1309 Benedictus
738 1250 880 1305 Deus
921 1259 970 1304 et
1006 1248 1165 1303 Pater
1191 1246 1399 1303 Domini
1425 1248 1585 1303 nostri
1625 1247 1658 1300 Ι
1664 1263 1752 1302 esu

154 1345 343 1401 f‘a‘tristi
360 1387 374 1411 ,
412 1344 552 1399 Deus
576 1342 1059 1405 misericordiarum,
1088 1348 1134 1393 et
1159 1348 1303 1409 pater
1326 1338 1491 1393 omnis
1517 1337 1751 1392 consola-

148 1438 317 1501 tionis,
341 1437 430 1507 qui
457 1435 751 1489 consolatur
770 1448 865 1487 nos
890 1432 945 1485 in
972 1430 1111 1484 omni
1137 1428 1423 1501 aﬁiictione,
1452 1444 1542 1498 per
1564 1444 1749 1482 conso-

146 1526 386 1581 lationem
407 1541 559 1589 quam
573 1541 605 1577 a
625 1522 736 1577 Deo
750 1520 1102 1592 accipimus(2.
1123 1519 1242 1575 Cor.
1263 1521 1316 1576 1.
1334 1520 1460 1589 5.4)
1477 1533 1535 1573 :a
1557 1518 1748 1573 futuris

144 1628 345 1682 autem,
376 1615 499 1671 Non
523 1625 643 1669 sunt
669 1613 935 1685 condigme
958 1613 1215 1683 passiones
1238 1612 1393 1682 hujus
1417 1612 1656 1681 temporis
1676 1613 1750 1666 ad

143 1715 372 1783 futuram
386 1710 605 1782 gloriam
620 1723 735 1779 qum
754 1716 825 1762 est
847 1704 1115 1760 revelanda
1130 1703 1183 1759 in
1200 1704 1341 1758 nobis
1362 1702 1536 1774 (Rom.
1556 1702 1614 1759 8.
1630 1701 1745 1776 18).

141 1803 404 1869 Quocirca
417 1802 504 1856 llic
512 1813 727 1871 quoque
741 1797 886 1861 dicit,
895 1795 948 1850 11
953 1812 1095 1851 emor
1106 1795 1185 1865 [ui
1195 1794 1390 1849 dierum
1401 1794 1741 1865 antiquorum,

140 1895 411 1953 meditatus
434 1909 547 1947 sum
566 1893 623 1946 in
655 1889 886 1945 omnibus
915 1887 1152 1960 cperibus
1176 1887 1296 1941 tuis.
1322 1885 1440 1941 Non
1465 1886 1601 1941 dixit
1626 1895 1742 1943 tan-

141 1995 271 2052 tum,
295 1982 502 2038 κακον
520 1983 618 2052 fui,
640 1981 760 2047 sed,
785 1979 1064 2034 Meditatus
1077 1994 1192 2033 sum
1217 1992 1235 2032 :
1257 1976 1361 2034 hoc
1381 1986 1481 2043 est,
1498 1977 1741 2049 Magnam

137 2089 358 2145 operam
384 2083 440 2130 et
466 2072 795 2144 diligentiam
819 2068 1037 2125 adhibui
1077 2068 1129 2124 in
1173 2068 1239 2123 iis
1262 2067 1402 2138 apud
1440 2084 1528 2123 me
1564 2070 1740 2126 revol—

135 2166 329 2223 vendis
372 2180 495 2237 qum
541 2162 775 2234 antiquis
821 2167 1137 2217 evenerunt.
1194 2160 1275 2215 Ex
1336 2159 1736 2231 Scripturarum

132 2257 276 2313 enim
308 2256 616 2326 cognitione
635 2254 788 2309 adest
808 2250 966 2308 nobis
994 2265 1183 2322 magna
1213 2251 1514 2307 consolatio
1534 2262 1589 2307 et
1615 2252 1737 2323 phi-

131 2349 403 2419 losOphia.
432 2349 501 2405 Et
526 2348 650 2403 ideo
676 2346 820 2405 dixit
844 2346 1041 2401 Paulus
1065 2362 1080 2399 :
1104 2344 1209 2398 Per
1234 2345 1533 2427 patientiam
1553 2357 1738 2401 etcon-

131 2440 434 2495 solationem
477 2440 863 2510 Scripturarum
897 2453 1037 2509 spem
1056 2435 1295 2490 habemus
1318 2434 1497 2502 (Rom.
1538 2438 1626 2493 15.
1654 2439 1733 2510 4).

134 2529 202 2585 Et
228 2543 418 2584 rursus
451 2548 465 2582 :
500 2529 679 2583 Omttis
700 2527 972 2597 Scriptura
997 2526 1237 2580 divinitus
1257 2526 1504 2597 inspirata
1526 2538 1600 2582 est
1634 2530 1736 2582 uti-

129 2622 194 2676 lis
235 2622 306 2675 ad
338 2622 645 2688 doctrinam,
668 2620 738 2675 ad
764 2617 1225 2689 reprehensionem,
1272 2617 1341 2670 ad
1365 2619 1732 2675 correctionem

128 2712 207 2781 (ε.
236 2711 375 2766 Tim.
399 2713 456 2768 5.
485 2712 597 2782 ιδ).

198 2804 256 2859 5.
283 2802 426 2859 Hinc
451 2818 578 2873 ergo
614 2801 705 2857 hic
732 2801 939 2871 accepit
962 2800 1404 2868 consolationem,
1437 2814 1558 2856 cum
1588 2812 1732 2858 esset

126 2894 184 2949 in
204 2904 353 2950 tanta
376 2893 663 2950 afﬂictione
681 2903 737 2950 et
765 2892 1182 2964 perturbatione,
1210 2892 1351 2963 quod
1379 2901 1562 2948 vetera
1590 2893 1731 2964 apud

124 3000 187 3040 se
215 2985 538 3051 resolveret,
575 2993 631 3040 et
655 2999 820 3055 qutea
839 2984 949 3039 Deo
973 2990 1120 3039 varie
1145 2990 1274 3038 sunt
1295 2991 1444 3053 gesta
1467 2992 1523 3038 et
1549 2984 1725 3039 admi-

124 3078 373 3142 nistrata,
421 3078 474 3132 in
506 3076 822 3133 memoriam
860 3085 1158 3132 revocaret.
1190 3075 1329 3131 Dicit
1362 3077 1540 3149 itaque
1565 3077 1725 3145 alius,

124 3170 193 3226 Et
221 3172 495 3226 meditata
522 3188 633 3226 sum
671 3187 845 3227 omnes
887 3170 1109 3226 actiones
1157 3180 1271 3226 tuas
1318 3171 1420 3240 (ὁ).
1464 3171 1535 3227 1η
1577 3175 1729 3244 factis

122 3276 371 3318 ntanuum
419 3273 623 3317 tuarum
671 3264 971 3318 nuditabar.
1032 3263 1186 3318 Alius
1210 3304 1224 3327 ,
1271 3263 1442 3334 Opera
1486 3282 1728 3322 manuum

121 3363 330 3406 tuarum
369 3351 671 3406 meditabar.
710 3351 816 3407 Per
837 3351 942 3407 hoc
967 3351 1201 3407 ostendit
1220 3367 1301 3420 se,
1333 3352 1459 3409 dum
1500 3356 1616 3412 haec
1645 3356 1727 3411 fa-

124 3452 295 3509 ceret,
310 3456 558 3513 magnam
574 3432 815 3513 accipere
830 3442 1276 3511 consolationem,
1297 3451 1354 3499 et
1367 3444 1476 3501 Deo
1496 3446 1728 3504 evadere

120 3532 545 3589 tamtliariorem.
588 3533 658 3589 Et
714 3532 837 3590 ideo
862 3533 967 3590 hoc
1004 3534 1295 3592 ostendens
1337 3537 1633 3607 subjnnxit,
1661 3540 1717 3596 6.

123 3621 371 3694 Espandi
412 3640 597 3679 cianus
623 3642 763 3681 metu
802 3628 876 3679 ad
899 3634 965 3680 te.
990 3624 1107 3680 Non
1145 3626 1297 3689 dixit.
1329 3628 1575 3699 Extendi,
1601 3630 1722 3700 sed,

122 3713 386 3785 Ezpandi,
411 3715 701 3770 ostendens
728 3729 972 3785 magnam
990 3715 1169 3771 cordis
1191 3714 1547 3783 adiectionem,
1571 3720 1715 3790 quod

121 3806 509 3878 propemodum
537 3823 569 3862 e
589 3822 817 3879 corpore
844 3816 1097 3877 properat
1120 3808 1358 3875 exsilire,
1382 3820 1438 3866 et
1456 3811 1523 3866 ad
1547 3813 1720 3883 ipsum

122 3912 417 3953 recurrere.
469 3900 512 3952 Α
554 3900 817 3953 memoris
870 3899 1029 3970 igitur
1071 3915 1255 3955 rerum
1307 3903 1719 3969 praeclarissime

120 3996 391 4056 gestarum
422 3988 583 4043 veluti
606 3987 788 4043 divino
812 3988 1042 4059 quodam
1080 3988 1261 4046 furore
1284 3991 1499 4049 afﬂatus
1528 4035 1543 4061 ,
1591 4012 1715 4052 cum

118 4089 172 4135 et
190 4094 406 4134 omnem
433 4080 818 4151 benignitatem
845 4091 1203 4152 reputassem,
1232 4092 1287 4139 et
1307 4100 1372 4141 ex
1398 4087 1719 4145 calamitati-

117 4169 219 4226 bus
260 4168 555 4241 perfectam
594 4171 954 4241 disciplinam,
985 4183 1041 4229 et
1066 4190 1187 4252 qua:
1222 4191 1254 4231 a
1286 4178 1443 4234 malis
1493 4182 1720 4252 ereptio-

117 4277 241 4319 nem
284 4272 510 4332 sequuta
548 4272 635 4319 est
670 4264 997 4332 libertatem,
1042 4267 1109 4322 ad
1160 4276 1213 4324 te
1247 4284 1434 4326 rursus
1479 4274 1715 4346 confugi.

114 4354 305 4407 Anima
328 4370 442 4407 mea
463 4355 595 4409 sicut
623 4364 758 4409 terra
796 4357 908 4410 sine
931 4374 1065 4421 aqua
1088 4358 1197 4414 tibi.
1230 4359 1401 4427 Alius,
1434 4362 1717 4435 Tamquam

112 4452 251 4497 terra
274 4444 452 4499 sitiens
476 4444 547 4497 ad
569 4453 618 4501 te
633 4461 831 4517 semper
848 4446 921 4519 (ο)
941 4463 955 4501 :
972 4447 1074 4504 hoc
1101 4459 1185 4504 est
1202 4450 1367 4520 enim,
1391 4451 1714 4524 Diapsalma.

112 4535 171 4590 ln
199 4536 387 4604 rebus,
414 4537 605 4608 inquit,
634 4538 874 4596 adversis
898 4548 954 4597 et
980 4542 1232 4599 secundis
1258 4554 1313 4600 et
1332 4544 1385 4600 in
1407 4547 1553 4602 omni
1574 4555 1714 4603 tem-

112 4642 306 4697 porum
334 4631 592 4687 varietate
610 4631 820 4688 ostendi
834 4648 1049 4704 semper
1071 4637 1277 4706 equale
1296 4638 1553 4695 studium.
1577 4642 1715 4709 Quid

112 4729 195 4776 est
219 4731 424 4787 autem,
458 4722 604 4777 Sicut
635 4732 772 4777 terra
806 4725 915 4779 sine
949 4743 1081 4797 aqua
1117 4729 1207 4781 tibi
1226 4728 1253 4781 .’
1291 4728 1442 4785 Sicut
1470 4741 1609 4787 terra
1637 4734 1714 4789 si-

113 4811 258 4867 tiens
300 4811 535 4881 pluviam
576 4813 868 4880 desiderat,
914 4816 984 4870 ita
1028 4832 1129 4887 ego
1176 4834 1299 4874 esse
1356 4822 1450 4876 tibi
1498 4824 1715 4881 assidue

113 4902 465 4973 propinquus.
490 4902 605 4960 Hoc
626 4915 804 4961 autem
825 4906 1153 4963 desiderium
1181 4912 1351 4981 magis
1372 4914 1521 4969 auxit
1544 4915 1715 4973 moles

112 4992 492 5060 afﬂictionum,
512 5003 570 5050 et
597 4995 717 5052 ideo
741 4996 882 5053 Deus
907 5012 1002 5053 eas
1031 5000 1273 5069 permisit
1295 5017 1563 5073 crescere,
1595 5023 1712 5063 ma-

108 5099 272 5153 gnam
293 5097 448 5140 suam
473 5085 764 5142 ostendens
788 5088 1199 5157 providentiam.
1230 5091 1348 5147 Non
1370 5095 1545 5151 solum
1567 5099 1711 5154 enim

111 5176 239 5232 fecit
285 5186 583 5247 creaturas,
626 5179 721 5235 sed
765 5180 924 5236 etiam
962 5180 1226 5239 factarum
1263 5200 1451 5243 curam
1474 5192 1631 5261 gerit,
1659 5201 1715 5247 et

174 5336 387 5415 (3ὶὲἓὲ
405 5337 577 5415 Yfﬁ";
596 5337 1030 5415 ,‘EJ‘E‘QPW'in‘:
1054 5345 1102 5392 ει
1133 5355 1167 5392 α
1184 5341 1346 5407 θιονία
1375 5343 1567 5397 σέτω
1586 5347 1711 5410 eius.

110 5376 382 5479 ωαοωτῖζῖ
272 5376 387 5479 ’ζ’
405 5376 1030 5479 ἐὲἑεἮιιῖιέίῖετίιῖὲξῖ“Ϊ”
1054 5376 1159 5479 Ῠῗ

173 5459 250 5521 (b)
283 5465 398 5511 nec
417 5460 762 5525 luet-prolatio
784 5471 864 5514 est
879 5465 1022 5527 juxta
1044 5466 1288 5530 Aquilam;
1311 5480 1532 5533 sequens
1546 5477 1715 5525 autem

173 5523 352 5579 tjuxts
373 5527 725 5579 Symmachum.
749 5522 875 5576 Vide
896 5527 950 5576 in
971 5527 1220 5579 Hexaolis.

112 5523 352 5583 estjuxts
373 5523 725 5585 Symmachum.
749 5523 950 5576 Vide'in
971 5523 1220 5591 Hexaiptis.
1272 5523 1284 5530 '
1387 5523 1405 5533 '
1687 5523 1713 5525 ⁷’

113 5582 246 5658 Δρ)
277 5583 778 5658 meimei-promta
820 5593 899 5638 est
932 5589 1074 5651 juxta
1112 5593 1459 5655 Symmachum.
1494 5592 1714 5658 Vocem,

279 5622 392 5710 ’Ξῖ
404 5622 791 5719 δεῖξιν..νᾶ
803 5622 1715 5779 ,πιέξρῑῑηῑξζῖιῖῖῖεςιειξξξξὲ

110 5714 315 5765 uacuus
337 5722 597 5775 vero,t.xx
623 5723 680 5768 et
698 5718 983 5780 Theodotio,
1006 5730 1221 5780 διάει-λ...
1238 5736 1600 5780 quievoxstum
1695 5735 1717 5780 t

110 5722 315 5765 mus
337 5726 477 5775 vero,
490 5722 597 5768 ω
623 5723 680 5768 et
698 5722 990 5781 Theodotio,‘
1006 5730 1221 5785 διάει-λιιι,
1238 5736 1351 5788 qua:
1366 5722 1461 5776 vo'x
1475 5722 1709 5789 signiﬁcat

352 5780 795 5859 essese-tum
825 5783 1315 5859 ςψράαιρρεθιίεω
1337 5788 1469 5859 in»
1493 5789 1709 5852 Men-

110 5845 245 5905 am,
267 5850 327 5889 sc
352 5848 497 5894 recte
518 5844 802 5906 exprimere
824 5844 1023 5909 putatur
1054 5844 1343 5898 Hebraicam
1366 5844 1505 5900 illam'
1516 5864 1705 5905 vocem.

1265 397 1631 460 EXPOSI'S‘IO
1667 397 1734 454 IN
1774 395 2101 455 [νδΑωιυδι
2138 395 2343 456 CXLII.

1768 5746 1775 5751 ν
1822 5715 2035 5781 Aquila,
2079 5715 2417 5783 Symmsdtus,
2465 5721 2520 5767 et

3367 397 3472 455 ιιι

1870 509 2172 574 hominum.
2215 520 2273 566 et
2317 510 2546 565 aliorum
2588 507 2850 564 omnium.
2901 507 3015 565 Hoc
3060 509 3243 580 itaque
3286 508 3470 567 sciens

1866 601 2084 668 Paulus,
2116 600 2327 657 diccbat
2355 618 2369 654 :
2397 600 2464 654 In
2490 602 2603 670 ipso
2628 600 2763 655 enim
2781 601 3014 665 visimus,
3044 610 3091 655 et
3116 616 3398 667 moremur,
3417 610 3471 655 et

1865 707 2040 745 sumus
2066 690 2201 763 (Act.
2228 692 2316 747 17.
2348 690 2463 764 28).
2498 692 2562 747 Et
2600 707 2783 747 rursus
2818 708 2832 747 :
2864 690 2932 746 In
2956 693 3068 763 ipso
3095 701 3329 747 constant
3354 708 3468 746 out-

1863 783 1950 835 nia
1989 781 2208 854 (Coloss.
2243 783 2296 838 1.
2325 782 2438 855 17).
2485 782 2548 837 Ει
2580 782 2746 838 David
2777 802 2791 838 :
2823 783 3010 837 Omnia
3037 800 3070 836 a
3093 793 3144 837 te
3162 792 3468 852 exspectant

1861 881 1919 926 ut
1948 872 2036 928 des
2059 872 2164 928 illis
2202 872 2368 928 cibum
2396 875 2450 928 in
2478 884 2703 945 tempore
2727 883 3033 944 opportuno.
3063 874 3237 929 Dante
3266 884 3313 928 te
3334 873 3461 938 illis,

1861 966 2136 1039 colligent;
2182 970 2438 1041 aperiente
2476 979 2523 1025 te
2548 987 2776 1036 manum,
2805 972 2979 1025 omnia
3003 971 3348 1043 implebantur
3373 969 3466 1025 bo-

1859 1060 2048 1124 nitate;
2062 1070 2313 1117 auertente
2328 1073 2496 1117 autem
2513 1076 2560 1118 te
2559 1064 2773 1139 faciem,
2789 1063 3124 1118 turbabuntur
3138 1065 3313 1136 (Psal.
3338 1065 3461 1121 105.

1857 1148 1929 1204 27
1953 1149 2108 1223 -29).
2159 1152 2227 1208 Et
2243 1169 2468 1211 rursus:
2506 1155 2607 1221 Qui
2631 1156 2833 1226 respicit
2852 1172 3004 1226 super
3031 1166 3239 1219 terram,
3269 1166 3315 1211 et
3337 1158 3464 1227 facit

1857 1256 1969 1294 eam
1997 1250 2207 1299 tremere
2253 1243 2430 1320 (Psal.
2470 1245 2592 1301 103.
2625 1246 2742 1315 52).
2774 1247 2847 1301 Et
2874 1246 3033 1302 Isaias
3065 1265 3080 1302 :
3112 1247 3214 1313 Qui
3241 1249 3462 1304 continet

1855 1348 2041 1406 gyrum
2061 1344 2210 1389 terra
2236 1334 2386 1408 (ζειαί,
2416 1337 2507 1393 40.
2538 1337 2659 1409 22).
2683 1338 2754 1394 Et
2780 1340 2849 1394 de
2876 1340 3094 1405 virtute,
3129 1339 3251 1395 Nisi
3282 1340 3460 1395 Domi-

1855 1438 1970 1489 nus,
2018 1425 2205 1497 inquit,
2236 1428 2563 1497 tedi/icaverit
2587 1431 2795 1497 domum
2820 1471 2836 1494 ,
2860 1432 2921 1486 in
2966 1449 3150 1487 vanum
3190 1435 3459 1488 laborans-

1854 1526 1977 1569 runt
1997 1518 2083 1587 qui
2111 1519 2371 1588 aediﬁcant
2395 1538 2508 1576 eam
2532 1521 2705 1594 (Psal.
2740 1522 2865 1578 {26.
2900 1524 2978 1595 1).
3008 1524 3074 1580 Ει
3105 1539 3325 1581 rursus:
3354 1525 3458 1593 Qui

1853 1604 2086 1661 habitare
2112 1609 2240 1676 facit
2263 1611 2487 1679 sterilem
2515 1613 2569 1667 in
2603 1613 2755 1667 domo
2776 1623 2989 1669 matrem
3018 1615 3243 1684 ﬁliorum
3268 1616 3453 1671 la:th-

1853 1704 1954 1751 tem
1973 1696 2152 1770 (Psal.
2181 1700 2306 1757 H2.
2337 1701 2413 1772 9).
2461 1702 2531 1758 Et
2566 1703 2690 1760 ideo
2718 1714 2918 1761 terram
2944 1709 3118 1777 quatit
3141 1716 3195 1763 et
3239 1717 3391 1762 mont
3416 1726 3453 1761 υ

1852 1795 2077 1860 tangens
2103 1790 2232 1848 facit
2255 1803 2313 1850 ut
2339 1794 2616 1867 fumigent,
2644 1812 2803 1852 suum
2830 1799 3127 1857 ostendens
3154 1800 3451 1856 dominium

1851 1877 2025 1951 (Psal.
2055 1881 2178 1939 103.
2210 1882 2323 1957 32).
2340 1884 2521 1943 Solem
2544 1897 2722 1944 autem
2748 1888 3023 1957 obscurat,
3047 1892 3119 1945 ita
3138 1892 3448 1957 ntdetlciat,

1847 1983 1946 2040 per
1974 1970 2079 2028 hoc
2107 1989 2293 2030 rursus
2320 1977 2559 2034 indicans
2588 1993 2649 2035 se
2675 1994 2797 2037 esse
2843 1980 3101 2051 Opiﬁcem
3126 1983 3145 2053 (
3171 1981 3301 2038 Isai.
3330 1983 3446 2055 58).

1920 2062 2189 2122 Μίνωςαῶ
2213 2084 2351 2122 nunc
2378 2085 2508 2141 opus
2534 2088 2636 2125 non
2662 2074 3032 2133 est.—Porro
3059 2076 3115 2131 in
3155 2076 3451 2148 Scripturis

1844 2169 2062 2227 quoque
2091 2157 2239 2215 vides
2266 2161 2437 2216 solem
2463 2163 2915 2235 retrocedentem,
2955 2176 3012 2222 et
3037 2168 3216 2223 lunam
3257 2185 3450 2225 rursus

1842 2259 1966 2301 cum
1989 2262 2057 2303 eo
2076 2257 2308 2307 stantem
2335 2252 2470 2323 (los.
2501 2254 2589 2310 1ο.
2621 2256 2734 2328 13),
2758 2265 2813 2312 et
2839 2258 3007 2314 multa
3034 2260 3140 2314 alia
3165 2260 3446 2319 miracula.

1842 2337 2069 2408 Quando
2093 2343 2236 2399 enim
2283 2345 2403 2416 ejus
2438 2349 2674 2418 cognitio
2703 2351 2940 2407 nondum
2985 2362 3208 2411 extensa
3250 2354 3446 2424 fuerat,

1843 2427 1960 2486 haec
1990 2432 2192 2489 ﬁebant
2225 2454 2238 2491 :
2270 2453 2412 2494 nunc
2438 2448 2617 2495 autem
2647 2455 2754 2498 non
2791 2451 2873 2499 est
2898 2445 3129 2515 amplius
3168 2460 3304 2518 opus
3345 2448 3449 2505 hac

1840 2518 2106 2590 doctrina,
2142 2540 2264 2581 cum
2310 2542 2399 2584 res
2428 2530 2557 2601 ipsa:
2580 2531 2813 2588 clament
2851 2542 2907 2588 et
2944 2535 3233 2591 ostendant
3272 2537 3447 2594 Domi-

1840 2626 1991 2667 num.
2018 2612 2212 2672 Vidisti
2240 2617 2295 2673 in
2320 2618 2554 2692 Egypto
2581 2624 2852 2693 tenebras,
2876 2634 2932 2681 et
2952 2628 3305 2687 mutationem
3335 2632 3449 2687 elea

1838 2707 2184 2763 mentorum?
2220 2708 2275 2766 Si
2302 2710 2393 2781 qui
2429 2722 2609 2770 autem
2654 2715 2837 2772 dicant
2880 2716 3148 2776 defectum
3198 2723 3447 2782 evenisse

1838 2800 2173 2865 naturaliter,
2208 2819 2314 2859 non
2356 2813 2535 2862 autem
2583 2807 2678 2863 Dei
2716 2808 2893 2880 jussu,
2946 2810 3127 2867 dicant
3169 2817 3445 2885 quomodo

1837 2889 2010 2948 factus
2038 2894 2109 2950 sit
2136 2910 2204 2952 eo
2230 2906 2471 2969 tempore
2500 2917 2607 2971 quo
2635 2904 2782 2958 eluci
2810 2913 2895 2959 cst
2921 2904 3135 2961 aliisue.
3156 2906 3276 2963 Non
3296 2908 3442 2964 enim

1837 2991 2080 3055 tempore
2122 2996 2248 3045 tunc
2293 2992 2622 3059 praestituto,
2666 2994 2764 3050 sed
2806 2994 3022 3068 quando
3059 2997 3281 3053 minim¢
3322 3012 3443 3056 erat

1835 3088 2279 3147 consentaneum,
2318 3099 2419 3140 nec
2441 3087 2623 3141 cursui
2665 3089 2892 3144 naturali
2932 3093 3281 3161 conveniens,
3313 3102 3451 3149 tunc

1834 3169 2049 3236 accidit,
2079 3186 2200 3226 cum
2230 3184 2376 3230 esset
2400 3177 2605 3234 scilicet
2633 3180 3030 3249 quartadecima
3061 3184 3209 3254 luna,
3239 3196 3294 3242 et
3319 3185 3437 3258 pic-

1836 3261 2095 3317 nilunium
2127 3264 2341 3337 (Matth.
2387 3268 2478 3322 37.
2522 3270 2638 3340 45).
2686 3271 2935 3331 Defectus
2980 3288 3160 3333 autem
3206 3294 3314 3336 non
3356 3282 3439 3337 sic

1834 3351 1989 3409 ﬁunt.
2023 3354 2133 3411 Illis
2170 3368 2347 3414 autem
2389 3376 2496 3415 non
2539 3364 2774 3434 suppetit
2812 3368 2956 3424 unde
2997 3368 3103 3426 hoc
3145 3372 3435 3442 explicent.

1832 3445 2012 3514 Quare
2037 3449 2378 3516 manifestum
2408 3462 2492 3509 est
2537 3456 2675 3512 sicut
2708 3459 2833 3527 alia,
2878 3460 2951 3516 ita
2993 3463 3154 3518 etiam
3195 3464 3437 3523 delectus

1833 3554 2021 3596 omnes
2042 3544 2195 3611 jussu
2234 3543 2460 3614 Opiﬁcis
2504 3545 2644 3603 ﬁeri.
2698 3550 2752 3605 7.
2811 3549 3062 3608 Velociter
3096 3558 3289 3612 exaudi
3332 3575 3434 3624 me,

1831 3630 2090 3700 Domine;
2118 3634 2302 3707 defecit
2328 3639 2542 3707 spiritus
2571 3657 2734 3697 meus.
2758 3643 2896 3712 Quid
2927 3646 3104 3702 dicis?
3131 3664 3290 3720 urges
3318 3667 3437 3707 me-

1829 3723 2009 3780 dicum
2038 3727 2106 3783 ad
2133 3730 2500 3786 curationem?
2542 3733 2889 3807 Nequaquam
2924 3759 2938 3795 :
2969 3740 3063 3795 sed
3107 3741 3196 3798 hic
3223 3759 3437 3816 quoque

1829 3830 1949 3872 mos
1973 3826 2030 3873 et
2054 3819 2353 3877 animarum
2380 3839 2501 3895 quae
2528 3820 2856 3897 amiguntur,
2885 3832 3339 3901 quemadmodum
3380 3851 3431 3893 et

1829 3906 2107 3965 hominum
2153 3912 2531 3985 laborantium,
2581 3932 2862 3976 accersere
2911 3923 3180 3993 medicos,
3222 3929 3433 3983 etiamsi

1828 4008 2042 4072 tempus
2070 4018 2177 4060 non
2204 4007 2457 4075 postulet,
2486 4018 2541 4065 et
2570 4010 2944 4071 liberationem
2973 4015 3226 4073 celeriter
3251 4022 3433 4089 provi-

1827 4092 1976 4149 dere.
2004 4094 2264 4162 Quocirca
2292 4100 2407 4169 ipse
2436 4115 2651 4173 quoque
2678 4104 2967 4173 adjiciens,
2994 4106 3203 4165 diccbat
3226 4151 3242 4177 ,
3273 4108 3433 4183 Defe-

1827 4189 1895 4242 cit
1923 4190 2133 4259 spiritus
2172 4209 2331 4247 meus.
2385 4195 2546 4264 Atqui
2596 4195 2739 4251 Deus
2779 4198 2870 4267 qni
2918 4205 3097 4268 potest
3133 4202 3370 4259 excitare
3402 4219 3435 4259 a

1800 4283 2074 4349 .lmortuis,
2109 4284 2281 4339 multo
2306 4286 2476 4357 inagis
2500 4298 2628 4344 ante
2656 4298 2909 4345 mortem.
2938 4290 3047 4348 Sed
3073 4295 3434 4364 quemadmo-

1824 4373 1953 4429 dum
1999 4374 2132 4441 dixi,
2182 4374 2307 4432 hinc
2352 4378 2776 4447 deprehenditur
2816 4392 3025 4439 natura;
3067 4385 3432 4444 imbecillitas.

1826 4466 2043 4523 Sciebat
2071 4470 2214 4524 enim
2242 4471 2421 4525 omnia
2452 4473 2500 4527 ei
2531 4488 2651 4528 esse
2680 4474 2876 4540 facilia,
2904 4476 3000 4531 sed
3026 4475 3170 4533 ferre
3200 4494 3306 4535 non
3330 4496 3435 4551 po-

1825 4568 1931 4614 test
1967 4562 2108 4616 mata
2138 4578 2259 4632 qua:
2301 4563 2624 4620 inferuntur.
2655 4564 2742 4621 Ne
2778 4578 2978 4623 avertas
3003 4568 3187 4640 faciem
3222 4582 3363 4627 tuam
3402 4592 3437 4628 α

1827 4668 1926 4717 me,
1958 4662 2005 4706 et
2035 4652 2217 4707 similis
2254 4670 2341 4709 ero
2367 4654 2781 4712 descendentibus
2807 4658 2861 4713 in
2889 4658 3079 4715 lacum.
3127 4660 3302 4730 Alius,
3350 4663 3437 4719 Ne

1824 4746 2148 4801 absconderis
2194 4747 2378 4817 faciem
2420 4758 2561 4803 tuam
2603 4767 2635 4803 a
2677 4766 2759 4804 me
2798 4750 2900 4823 (a).
2942 4752 3011 4809 Et
3053 4754 3321 4812 undenam
3365 4760 3439 4814 sit

1823 4840 2073 4895 aversio?
2114 4841 2236 4912 Ipse
2265 4843 2409 4899 Deus
2454 4844 2585 4900 dicit
2628 4861 2726 4915 per
2766 4846 2979 4915 Isaiam,
3017 4849 3204 4905 Annon
3250 4864 3435 4923 potens

1823 4941 1896 4986 est
1933 4950 2116 4989 manus
2158 4951 2271 4990 mea
2293 4936 2319 4990 1'
2362 4935 2470 4992 Sed
2505 4949 2709 5008 peccata
2746 4950 2912 4997 vestra
2938 4942 3169 4999 dividunt
3194 4946 3329 5001 inter
3356 4964 3437 5000 nm

1822 5037 1870 5085 et
1920 5044 2006 5084 vos
2058 5028 2236 5099 (Isai.
2281 5028 2374 5086 59.
2414 5032 2621 5105 L2)?
2671 5031 2898 5101 Quando
2951 5051 3081 5108 ergo
3123 5038 3250 5094 mali
3304 5042 3433 5111 quid

1822 5120 2144 5189 fecerimus,
2186 5124 2446 5179 avertitur
2490 5142 2505 5180 :
2549 5123 2782 5180 lundus
2848 5136 2921 5182 est
2983 5128 3163 5195 enim,
3219 5130 3434 5202 inquit,

1822 5216 2005 5271 oculus
2049 5227 2200 5280 tuus,
2236 5227 2291 5272 ut
2328 5235 2430 5272 non
2469 5218 2637 5271 videat
2666 5220 2835 5281 mala;
2885 5230 2932 5273 et
2975 5220 3226 5291 respicere
3278 5238 3435 5293 super

1823 5310 2020 5367 labores
2046 5327 2148 5367 non
2199 5313 2389 5385 pateris
2412 5309 2436 5385 (
2463 5310 2665 5367 Habac.
2697 5314 2747 5367 l.
2778 5312 2848 5368 15
2874 5310 2917 5385 ).
2956 5311 3025 5368 Et
3069 5312 3191 5369 ideo
3216 5329 3434 5373 aversa-

1826 5413 1913 5457 tur
1944 5405 2104 5457 ctiam
2137 5413 2471 5475 arrogantes.
2513 5403 2651 5459 Dicit
2686 5405 2911 5476 itaque:
2945 5406 3119 5474 Super
3143 5422 3292 5476 quem
3342 5423 3431 5461 re-

1822 5496 2056 5566 spiciam,
2081 5497 2180 5553 nisi
2206 5513 2359 5568 super
2385 5507 2703 5552 mansuetum
2732 5506 2781 5552 et
2805 5496 3049 5569 quietum,
3069 5508 3117 5552 et
3141 5508 3433 5555 trementem

1888 5654 1962 5717 (a)
1994 5660 2108 5705 Hac
2150 5652 2498 5767 iung-ssme
2542 5653 2684 5767 cultius
2724 5654 2822 5713 sit,
2869 5666 2968 5704 non
3008 5653 3203 5706 dicitur.
3242 5654 3432 5706 Verum

1888 5716 2237 5767 mila.svmm
2400 5721 2520 5767 .et
2795 5718 3432 5767 overbum.1'D.ner

2795 5718 3104 5778 overbum,
3151 5722 3433 5780 Ἤλυθε

2022 5797 2078 5862 et
2416 5787 3061 5862 deme-exprimere
3095 5786 3277 5852 εοιεηιν
3301 5786 3433 5841 uado

1823 5847 2109 5918 conjiciatur
2130 5847 2727 5916 hancinterpretationcm
2754 5847 2953 5900 illorum
2983 5861 3116 5902 esse.
