4222 6448
727 21 734 24 .
749 15 804 22 «.m
853 16 858 18 -
875 14 1042 24 v-v-I7—-'"
1055 14 1183 24 o—xrgt—

801 423 902 481 ‘55

802 538 949 592 verba
975 550 1084 588 mea
1107 530 1264 602 (lsai.
1295 527 1381 584 66.
1411 528 1508 598 '2)?
1541 528 1926 595 Persequantur
1949 540 2076 595 ergo
2108 526 2240 578 hanc
2270 526 2374 577 vir-

801 638 984 690 tutem,
1024 634 1079 679 ut
1109 623 1232 693 ejus
1276 620 1458 676 facient
1497 619 1855 680 attraltatnus;
1899 632 1964 670 ne
1995 618 2046 668 in
2071 618 2186 668 vitii
2219 618 2372 668 bara-

801 722 976 775 thrum
1012 717 1324 776 incidamus,
1353 712 1531 765 densis
1556 708 1934 777 occupantibus
1964 708 2212 761 tenebris.
2250 707 2378 759 Pos-

798 821 926 866 sunt
949 810 1107 864 etiam
1139 809 1226 876 qui
1255 803 1564 860 ceciderunt
1592 804 1780 872 iterum
1811 799 2120 853 ascendere.
2155 797 2377 866 Oportet

795 919 926 973 ergo
955 917 1046 957 eos
1072 901 1156 969 qui
1185 898 1398 963 cadunt,
1429 911 1529 950 non
1563 907 1774 948 manere
1800 892 1941 946 humi
1975 893 2226 958 iacentes.

873 995 1076 1049 Peccati
1102 1001 1282 1044 natura
1305 991 1467 1043 lacus.
1516 986 1671 1041 Deum
1695 1000 1890 1054 semper
1915 983 2095 1036 intueri
2121 981 2371 1044 debemus,

800 1099 845 1140 et
879 1087 941 1138 ab
969 1101 1027 1138 eo
1065 1079 1569 1155 pendere.——Laeus
1595 1086 1794 1140 autem,
1831 1075 1881 1128 in
1911 1086 2017 1142 quo
2055 1079 2182 1125 sunt
2223 1086 2376 1124 nevae

799 1180 1004 1243 bestiie,
1032 1185 1084 1231 et
1105 1175 1198 1244 qui
1224 1181 1305 1226 est
1333 1171 1518 1240 plenus
1547 1167 1800 1231 tenebris,
1828 1174 1909 1219 est
1938 1175 2120 1217 natura
2153 1162 2373 1232 peccati.

796 1269 1187 1339 Scripturar'um
1213 1277 1340 1332 ergo
1367 1261 1618 1315 rudentes
1643 1258 2004 1320 «lemittamus,
2047 1263 2101 1306 et
2130 1253 2377 1306 volunta-

797 1369 902 1414 tem
929 1358 1206 1426 alligemus
1231 1370 1248 1408 :
1275 1362 1329 1408 et
1361 1352 1404 1404 si
1434 1350 1807 1410 ceciderimus,
1840 1345 2092 1400 velociter
2120 1356 2373 1411 resurge-

797 1465 933 1504 mus.
962 1444 1238 1514 Quomodo
1260 1452 1437 1498 autem
1463 1441 1773 1509 incipiemus
1796 1438 1895 1491 iter
1917 1435 2120 1504 ingredi
2138 1434 2160 1487 ‘i
2176 1433 2231 1488 Si
2255 1446 2377 1485 cum

797 1524 1166 1603 ceciderimns,
1196 1551 1304 1590 non
1331 1544 1756 1598 contemnamus,
1781 1545 1878 1585 nec
1895 1529 2259 1598 desperemus,
2283 1526 2375 1578 sed

801 1633 913 1685 haec
944 1630 1248 1698 prophetica
1297 1625 1529 1680 carmina
1569 1623 1722 1677 nobis
1761 1635 2014 1674 canamus
2055 1635 2068 1672 :
2114 1617 2378 1686 Numquid

799 1724 984 1777 cadens
1012 1738 1111 1774 non
1149 1718 1361 1786 resurgit
1392 1715 1523 1784 (ὥστ’.
1575 1714 1626 1769 8.
1669 1713 1766 1780 αὓῖ
1804 1713 1864 1765 Et
1907 1724 2105 1773 rursus,
2141 1708 2308 1761 Hodie
2337 1710 2380 1760 si

800 1833 966 1871 vocem
996 1818 1105 1880 eius
1133 1810 1414 1871 audieritis,
1448 1826 1508 1861 ne
1532 1807 1783 1860 obduretis
1811 1809 1966 1856 corda
1991 1813 2151 1855 vestra
2171 1802 2302 1853 sicut
2319 1801 2377 1851 in

798 1906 1173 1964 exacerbatione
1209 1903 1381 1975 (Psal.
1423 1901 1513 1956 9i.
1560 1899 1610 1952 8.
1659 1898 1748 1966 9):
1775 1904 1828 1950 et
1858 1895 1938 1948 his
1973 1891 2379 1961 cogitationibus

799 2004 1005 2054 vinctos
1032 2010 1129 2050 nos
1173 1992 1518 2048 attrabamus.
1559 1990 1615 2044 8.
1668 1988 1906 2040 Auditum
1951 1988 2031 2055 {ac
2075 1985 2196 2036 mihi
2235 1998 2381 2034 mane

801 2088 1193 2144 misericordiam
1224 2094 1381 2149 tuam,
1411 2081 1648 2151 quoniam
1673 2080 1726 2132 in
1757 2088 1802 2130 te
1829 2077 2046 2146 speravi.
2074 2076 2245 2136 Alius,
2275 2073 2380 2126 Att-

804 2183 959 2236 ditam
992 2181 1072 2248 {ac
1100 2177 1221 2229 mihi
1245 2190 1307 2229 ea:
1333 2171 1580 2228 matutino
1605 2168 2000 2224 misericordiam
2026 2175 2163 2219 tuam
2196 2162 2292 2234 (a),
2326 2162 2378 2217 id

798 2284 900 2339 est,
931 2273 1192 2328 celeriter.

872 2366 930 2420 6.
972 2362 1158 2416 Vidisti
1181 2357 1434 2414 afﬂictam
1466 2363 1517 2410 et
1564 2351 1922 2423 perturbatam
1965 2345 2384 2403 animam?ant

802 2457 942 2512 enim
985 2452 1151 2507 audiri
1189 2459 1312 2504 ante
1365 2444 1769 2516 experientiam,
1816 2451 1871 2494 ut
1917 2456 2011 2508 spe
2056 2442 2287 2508 erigatur
2331 2445 2384 2490 et

805 2547 1218 2617 exspectatione.
1261 2541 1375 2595 Hoc
1406 2545 1490 2594 est
1527 2545 1705 2591 autem
1744 2536 1885 2603 quod
1926 2533 2051 2586 dicit
2098 2550 2111 2586 :
2157 2531 2262 2584 Fac
2299 2545 2384 2584 me

801 2651 1042 2709 surgere,
1069 2644 1129 2690 ut
1161 2633 1424 2704 pollicitus
1462 2646 1542 2696 es,
1582 2630 1778 2697 justam
1826 2625 2018 2680 deinde
2064 2622 2382 2693 impetrandi

803 2744 1016 2786 causam
1045 2725 1244 2795 adjicit.
1280 2722 1424 2787 Quia
1465 2722 1519 2775 in
1564 2728 1610 2773 te
1647 2717 1860 2788 speravi.
1897 2715 2038 2772 Deus
2079 2714 2222 2770 enim
2254 2713 2382 2767 nihil

807 2833 912 2876 tam
944 2815 1183 2888 requirit,
1216 2829 1371 2886 quam
1411 2823 1469 2867 ut
1497 2827 1616 2868 eum
1648 2823 1859 2880 semper
1889 2809 2207 2870 intueamur,
2236 2817 2289 2860 et
2317 2807 2384 2859 ab

806 2931 872 2969 eo
898 2923 1151 2983 perpetuo
1178 2906 1524 2976 pendeamus.
1558 2903 1749 2957 Notam
1779 2905 1862 2971 {ac
1889 2901 2013 2954 mihi
2039 2901 2171 2952 riam
2208 2899 2260 2950 in
2285 2913 2386 2966 qua

809 3002 1056 3057 ambulem
1087 3016 1104 3054 :
1129 3001 1245 3068 quia
1269 2998 1336 3050 ad
1359 3006 1405 3048 te
1425 2995 1579 3048 levavi
1602 2993 1824 3046 animant
1849 3007 2032 3043 meam.
2057 2988 2190 3056 Quid
2214 2987 2384 3042 dicis?

808 3108 927 3147 cum
955 3100 1008 3145 et
1037 3100 1221 3143 natura
1254 3085 1447 3140 habeat
1481 3083 1650 3151 legem
1689 3082 1756 3136 ab
1786 3081 1935 3134 initio
1960 3094 1990 3132 a
2027 3079 2136 3133 Deo
2167 3077 2386 3146 imposi-

810 3196 940 3248 tam,
969 3191 1021 3236 et
1062 3179 1305 3233 Mosaicae
1333 3177 1476 3243 leges
1512 3188 1629 3228 eam
1659 3181 1936 3236 renovent,
1973 3169 2100 3240 quid
2149 3169 2238 3223 tibi
2283 3168 2383 3234 vis,

811 3286 995 3327 rursus
1019 3271 1202 3323 dicens
1231 3285 1243 3319 :
1279 3265 1467 3320 Notam
1497 3269 1578 3337 [ac
1605 3263 1747 3329 milii,
1779 3261 2012 3324 Domine,
2055 3263 2184 3313 viam
2209 3261 2262 3312 in
2290 3275 2386 3326 qua

810 3359 1098 3414 ambulem?
1143 3356 1234 3409 Vel
1276 3355 1380 3408 hoc
1406 3369 1534 3422 ergo
1562 3354 1665 3406 dici
1695 3360 1870 3420 potest
1901 3369 1914 3404 :
1957 3351 2218 3417 Quoniam
2257 3363 2386 3402 cun-

809 3451 1033 3506 scientia
1063 3461 1179 3500 mea
1209 3445 1398 3500 obruta
1425 3453 1507 3497 est
1527 3457 1556 3496 a
1585 3442 1729 3503 vitio,
1759 3456 1887 3509 rogo
1911 3450 1966 3493 ut
1993 3453 2055 3494 ea
2084 3449 2384 3492 renovetur.

814 3543 907 3598 Vel
931 3542 1016 3594 hic
1043 3539 1182 3591 viam
1212 3535 1340 3589 dicit
1377 3535 1538 3588 multa
1583 3547 1764 3586 eorum
1808 3547 1926 3600 qua:
1972 3531 2284 3600 ignorantur
2323 3529 2388 3584 ab

814 3631 1132 3692 hominibus,
1171 3624 1617 3697 quemadmodum
1660 3623 1853 3677 Paulus
1887 3636 2097 3691 quoque
2134 3619 2386 3685 ostendit,

813 3725 994 3779 dicens
1040 3738 1058 3774 ε
1107 3717 1240 3782 Quid
1290 3716 1422 3770 enim
1472 3729 1668 3767 oremus
1711 3713 1836 3766 sicut
1885 3720 2096 3777 oportet,
2146 3711 2391 3764 nescimus

815 3814 991 3881 (Rom.
1022 3810 1075 3864 8.
1101 3808 1220 3878 26).
1248 3807 1305 3861 Si
1317 3816 1504 3872 ,autem
1536 3805 1730 3859 Paulus
1758 3804 1859 3859 hoc
1885 3805 2092 3872 ignorat
2125 3812 2246 3873 post
2276 3811 2393 3856 tan-

817 3916 925 3960 tam
947 3901 1300 3972 cognitionem
1322 3940 1338 3963 ,
1367 3897 1491 3967 quid
1525 3896 1736 3950 miraris
1761 3897 1804 3948 si
1831 3895 1918 3950 hic
1943 3909 2152 3965 quoque
2183 3895 2282 3949 hoc
2309 3893 2395 3947 di-

815 3996 936 4052 cat?
964 3993 1096 4048 Vide
1136 4001 1313 4045 autem
1355 4003 1475 4042 eum
1505 3986 1634 4041 nihil
1665 3986 1856 4040 sensile
1886 3985 1973 4039 hic
2010 3999 2268 4054 qurerere,
2298 3983 2393 4041 sed

815 4089 955 4140 viam
977 4099 1094 4154 quae
1124 4081 1190 4136 ad
1225 4081 1387 4135 Deum
1419 4078 1646 4142 deducit,
1679 4086 1733 4132 et
1762 4078 1930 4144 ipsum
1959 4093 2022 4130 ex
2047 4091 2104 4131 se
2137 4076 2394 4145 principia

816 4177 1060 4234 conferre
1105 4172 1218 4244 (ψ
1254 4171 1370 4226 Non
1408 4171 1544 4225 dixit
1584 4170 1724 4224 enim
1764 4169 2033 4234 absolute,
2085 4168 2274 4222 Natant
2315 4173 2395 4238 {ac

817 4269 962 4333 mihi,
994 4265 1229 4328 Domme,
1256 4263 1387 4316 riam
1411 4277 1522 4331 qua
1546 4260 1612 4314 ad
1639 4269 1686 4315 te
1714 4259 1850 4313 ducit
1879 4275 1900 4315 :
1927 4259 2032 4315 Sed
2069 4258 2234 4328 quid?
2264 4259 2395 4324 Quia

817 4360 888 4412 ad
913 4370 961 4412 te
985 4356 1140 4411 leuati
1169 4354 1391 4407 animam
1417 4367 1576 4404 meam
1605 4366 1626 4403 :
1652 4349 1753 4404 hoc
1781 4360 1882 4422 est,
1913 4351 1953 4403 A
1997 4359 2047 4404 te
2076 4350 2302 4419 pendeo,
2345 4361 2396 4405 te

820 4453 1053 4513 intueor,
1084 4455 1136 4500 te
1165 4459 1326 4498 unum
1366 4441 1612 4509 respicio.
1645 4440 1709 4493 lis
1745 4442 1886 4495 enim
1913 4441 2074 4510 .Deus
2108 4441 2393 4494 maximam

818 4543 900 4596 sui
925 4539 1125 4611 praebet
1151 4536 1412 4591 notitiam.
1454 4533 1808 4600 Quamobrem
1837 4533 2048 4588 diccbat
2088 4533 2153 4588 de
2178 4533 2394 4598 Judmis,

821 4640 1036 4700 rogatus
1060 4642 1157 4683 cur
1185 4626 1264 4682 eis
1284 4625 1589 4693 loqueretur
1618 4623 1669 4676 in
1704 4623 1964 4692 parabolis
1994 4639 2006 4675 :
2043 4620 2275 4677 Videntes
2300 4640 2400 4677 non

824 4723 1011 4786 vident,
1041 4731 1086 4774 et
1116 4719 1374 4774 audientes
1399 4735 1498 4771 non
1524 4718 1737 4770 audiunt
1760 4716 1975 4786 (Matth.
2006 4718 2094 4772 15.
2122 4716 2230 4786 i5).
2266 4715 2400 4771 Illud

824 4822 1022 4878 autem,
1049 4809 1251 4876 Levavi,
1283 4809 1562 4878 signiticet,
1598 4807 1674 4861 Ad
1714 4816 1765 4861 te
1808 4806 2014 4861 traduxi
2062 4815 2115 4860 et
2156 4809 2402 4862 transtuli

823 4905 1052 4959 animam
1071 4915 1273 4956 meam.
1303 4899 1354 4956 9.
1387 4899 1540 4966 Eripe
1564 4915 1642 4953 me
1665 4902 1726 4951 de
1749 4900 1962 4951 inimicis
1991 4915 2130 4962 meis,
2169 4897 2396 4962 Domine,

823 4997 965 5052 adte
991 4993 1214 5066 confugi.
1263 4991 1394 5046 Vide
1434 4992 1629 5059 ubique
1669 4989 1844 5046 all'erri
1889 5006 2074 5045 causas
2104 4991 2172 5044 ab
2209 5005 2277 5045 eo
2313 4991 2400 5060 qui

828 5094 996 5156 rogat.
1031 5082 1110 5137 Ne
1131 5096 1347 5148 avertas,
1380 5084 1565 5152 inquit,
1594 5081 1775 5150 [aciem
1796 5091 1933 5134 tuam
1960 5098 1992 5134 a
2021 5098 2098 5134 me
2125 5098 2143 5136 :
2168 5084 2404 5150 quoniam

825 5178 880 5230 in
904 5185 950 5229 te
974 5173 1188 5244 speravi.
1208 5171 1396 5226 Notam
1421 5175 1500 5245 {ac
1527 5172 1650 5225 mihi
1675 5171 1805 5224 viam
1842 5180 1999 5237 tuam,
2017 5173 2252 5241 quoniam
2271 5174 2337 5225 ad
2359 5184 2405 5226 te

828 5267 986 5321 levavi
1012 5267 1234 5320 animam
1259 5279 1441 5318 meam.
1474 5263 1628 5333 Eripe
1662 5278 1740 5316 me
1766 5262 1828 5316 de
1857 5264 2073 5318 inimicis
2099 5265 2242 5330 meis,
2273 5281 2404 5332 quo-

828 5358 964 5412 niam
1004 5370 1073 5412 aa
1111 5367 1158 5411 te
1197 5357 1424 5426 conjugi.
1469 5353 1557 5408 10.
1597 5353 1734 5408 Doce
1776 5371 1856 5408 me
1898 5358 2064 5425 facere
2102 5357 2405 5409 voluntatem

889 5491 964 5555 (a)
996 5498 1106 5541 nec
1126 5491 1466 5555 interpretatio
1479 5489 1716 5555 cujus‘slt,
1741 5501 1838 5538 non
1874 5490 2181 5555 exprimitur.
2204 5490 2292 5540 sed
2315 5503 2404 5555 po-_

831 5549 1078 5630 test'esse
1101 5549 1392 5630 qutmachi,
1418 5549 1666 5630 quialibi,
1701 5557 1841 5630 πρ),
1882 5549 2057 5610 vertit,
2091 5563 2242 5614 ὄρθρος,
2276 5549 2404 5614 quod

831 5629 926 5680 est,
951 5628 1082 5672 ortus
1104 5620 1222 5679 diei,
1244 5622 1352 5670 sive
1374 5622 1676 5670 matutinum.

894 5685 966 5745 (li)
997 5690 1097 5732 tam
1121 5683 1328 5745 vidimus
1342 5681 1502 5745 locum
1526 5683 1606 5736 ubi
1634 5681 1915 5742 principium
1939 5689 2080 5731 nona:
2101 5683 2304 5745 actionis
2323 5683 2399 5731 ho-

833 5739 1239 5794 ntini’adsu'ibere
1256 5744 1446 5793 videtur
1462 5739 1818 5805 cbrysoStornu's
1841 5756 1852 5791 :
1881 5755 2050 5791 verum
2072 5750 2115 5794 S.
2132 5739 2300 5794 doctor
2318 5745 2402 5794 δυ·-

833 5808 1012 5856 minem
1030 5806 1255 5868 supponit
1273 5807 1372 5866 jam
1395 5806 1562 5868 gratia:
1586 5809 1711 5852 dono
1743 5811 2057 5865 praeventum.

1576 416 1629 472 S.
1671 413 1941 471 JOANNIS
1978 410 2444 468 CHHYSUSTOMI
2486 412 2798 468 ARCHIEP.
2840 413 3358 471 CONSTANTINOP.

3961 413 4061 470 ιῖιῦ

2485 537 2640 590 tuam,
2673 529 2790 595 quia
2823 527 2952 581 Deus
2980 543 3115 581 meus
3141 545 3192 581 es
3221 539 3294 579 tu.
3322 527 3436 580 Non
3466 525 3597 580 dixit
3624 526 3885 593 abSolute,
3920 527 4070 579 Dare

2482 634 2567 671 me
2591 619 2907 673 voluntatem
2933 630 3094 682 luant,
3126 619 3239 681 sed,
3275 618 3406 670 Doce
3426 635 3500 671 me
3525 622 3693 688 facere
3720 620 4020 671 voluntatem
4040 634 4058 670 ε

2482 707 2584 762 hoc
2623 718 2723 772 om,
2765 711 2840 762 Ad
2882 710 2988 778 ipsa
3025 709 3155 761 facta
3188 725 3271 763 nte
3299 710 3487 763 deduc.
3521 709 3757 776 Superba
3787 713 3925 764 enim
3957 724 4063 777 ope

2481 812 2535 855 et
2574 805 2771 857 ca-lesti
2803 803 3040 856 doctrina
3078 818 3212 869 Opus
3247 812 3348 867 est,
3397 815 3452 855 ut
3491 803 3796 856 incedamus
3827 803 3905 855 via
3941 817 4063 871 qum

2482 892 2627 947 ducit
2673 895 2736 949 ad
2778 895 3023 948 virtutem
3071 911 3083 945 :
3127 909 3230 947 non
3281 895 3433 947 nobis
3477 895 3527 947 in
3571 895 3678 947 otio
3724 893 4060 960 degentibus,

2481 985 2573 1038 sed
2603 1001 2721 1054 quin
2762 996 2882 1039 sunt
2928 995 3106 1041 nostra
3145 985 3564 1040 conferentibus;
3597 985 3726 1050 Quia
3756 985 3893 1038 Deus
3923 1002 4067 1040 meus

2482 1093 2532 1129 es
2562 1086 2632 1128 tu.
2670 1076 2828 1130 Vides
2857 1077 3160 1144 spirituales
3181 1078 3295 1145 ejus
3338 1078 3658 1146 petitiones?
3686 1076 3799 1130 Non
3828 1079 3968 1131 enim
3996 1077 4069 1133 de

2484 1168 2740 1234 pecuniis,
2773 1175 3024 1235 potentia,
3057 1179 3109 1221 et
3137 1169 3322 1236 gloria,
3357 1170 3449 1222 sed
3485 1179 3539 1223 ut
3566 1170 3656 1224 Dei
3685 1168 3842 1223 faciat
3871 1171 4063 1224 volun-

2485 1267 2665 1319 tatem,
2714 1258 2764 1311 in
2809 1257 2928 1327 ejus
2978 1260 3233 1327 petitione
3277 1262 3452 1330 agitur
3495 1279 3508 1312 :
3558 1261 3697 1328 quod
3734 1261 3942 1328 quidem
3984 1271 4070 1314 est

2481 1351 2717 1403 omnium
2747 1351 3004 1404 bonorum
3034 1352 3329 1414 thesaurus,
3373 1364 3426 1405 et
3465 1367 3593 1418 opes
3630 1367 3748 1420 qua:
3778 1368 4066 1422 numquam

2481 1439 2753 1506 deﬁciunt,
2798 1443 3220 1509 principiumth
3247 1452 3300 1495 et
3331 1444 3474 1495 radix
3523 1442 3808 1505 felicitatis,
3849 1452 3905 1498 et
3949 1459 4067 1496 me-

2482 1530 2650 1592 dium,
2680 1540 2729 1585 cl
2761 1532 2902 1586 ﬁnis.
2936 1531 3165 1600 Spiritus
3202 1543 3318 1586 tuus
3347 1533 3506 1586 bonus
3535 1535 3739 1586 deducet
3762 1550 3843 1586 me
3879 1535 3930 1585 in
3967 1544 4068 1587 ter-

2481 1638 2591 1674 ram
2609 1632 2816 1675 rectam.
2850 1622 3010 1676 Vides
3031 1623 3302 1692 quomodo
3328 1623 3575 1684 dicimus,
3605 1625 3875 1692 quomodo
3904 1625 4069 1678 doce-

2482 1728 2601 1766 mur
2627 1715 2763 1764 viam
2800 1713 3074 1780 perﬁcere,
3128 1729 3320 1781 nempe
3352 1730 3448 1783 per
3498 1715 3750 1781 Spiritum
3791 1718 4072 1768 sanctum?

2486 1802 2552 1856 Et
2585 1805 2707 1856 ideo
2736 1803 2950 1857 dicebat
2998 1805 3229 1858 Paulus:
3262 1803 3422 1859 Nobis
3451 1816 3617 1856 autem
3661 1803 3802 1858 Deus
3837 1807 4071 1872 revaluit

2482 1910 2570 1962 per
2596 1894 2846 1960 Spiritum
2897 1909 3042 1946 suum
3074 1909 3087 1963 (ι
3117 1896 3167 1948 1.
3221 1894 3341 1948 Cor.
3390 1897 3442 1947 Ξ.
3500 1895 3626 1962 l0).
3669 1895 3735 1948 In
3776 1906 3962 1948 terram
3993 1912 4072 1947 re-

2482 1992 2634 2035 ctam.
2685 1983 2742 2036 Si
2787 1984 3071 2038 dictionem
3125 1985 3336 2052 quidem
3387 1995 3630 2051 Spectas,
3674 1985 3803 2038 dicit
3848 1987 4069 2053 patriam

2483 2089 2630 2127 suam
2658 2091 2675 2124 :
2704 2074 2747 2125 si
2767 2074 3056 2142 accipiatur
3078 2086 3250 2128 autem
3278 2076 3583 2143 anagngice,
3621 2078 3753 2128 viam
3784 2092 3904 2142 qua:
3930 2076 4073 2130 ducit

2483 2162 2548 2216 ad
2577 2166 2844 2218 virtutem.
2876 2165 3022 2218 Alius
3047 2174 3222 2217 autem
3248 2165 3389 2222 dicit.
3416 2165 3519 2216 Per
3541 2165 3948 2232 tcrramplanam
3973 2166 4071 2232 (a).

2484 2253 2622 2308 Nihil
2654 2263 2735 2309 est
2765 2257 2904 2309 enim
2952 2258 3146 2309 virtute
3200 2257 3384 2308 laevius
3413 2272 3473 2308 ac
3503 2257 3729 2322 planius,
3774 2273 3894 2325 qun:
3923 2269 4008 2312 est
4044 2273 4074 2310 a

2486 2348 2638 2400 turba
2679 2356 2731 2400 et
2769 2348 2992 2400 tumultu
3033 2346 3217 2400 libera.
3251 2349 3337 2401 il.
3373 2345 3590 2413 PrOpter
3620 2365 3796 2400 nomen
3826 2359 3965 2400 tuum
3995 2351 4074 2402 ui-

2487 2437 2709 2504 viﬁcabis
2736 2454 2830 2500 me,
2859 2437 3090 2491 Domine.
3125 2437 3280 2492 Vides
3311 2455 3430 2494 eum
3465 2454 3647 2492 rursus
3675 2439 3740 2493 ad
3769 2441 3934 2493 Deum
3948 2455 4078 2494 con-

2488 2527 2688 2596 fugere,
2722 2544 2824 2580 non
2856 2538 3033 2582 autem
3077 2529 3131 2582 in
3161 2530 3266 2582 vita
3295 2545 3387 2582 sua
3420 2534 3682 2586 Collocare
3714 2531 4007 2584 ﬁduciuttt?

2557 2618 2800 2687 {Equitas
2829 2630 2874 2672 et
2911 2620 3116 2690 justitia
3158 2633 3260 2688 pro
3294 2622 3556 2673 clementia
3599 2637 3645 2673 et
3705 2622 4074 2675 misericordia.

2490 2708 2665 2764 Oratio
2691 2710 2800 2764 sine
2833 2726 2983 2782 apere
3018 2711 3230 2765 inutilis.
3268 2742 3339 2751 ——
3379 2711 3446 2764 In
3483 2713 3714 2782 a'quitate
3741 2721 3825 2765 tua
3851 2713 4030 2767 educes
4053 2730 4080 2766 ο

2487 2801 2810 2855 tribulatione
2836 2803 3057 2856 animam
3083 2821 3263 2857 meam.
3307 2805 3480 2869 Alius,
3511 2805 3574 2858 In
3604 2806 3948 2860 misericordia
3970 2817 4076 2858 tua.

2489 2892 2651 2946 Vides
2678 2893 2947 2961 quomodo
2974 2909 3154 2948 verum
3201 2893 3289 2957 sit,
3337 2901 3476 2963 quod
3523 2901 3765 2965 superius
3811 2898 4075 2959 dicebam,

2490 2983 2888 3050 eumjustitiam
2929 2999 3074 3052 saepe
3117 3001 3306 3038 vocare
3350 2988 3727 3042 clementiam?
3775 2988 3978 3044 Educes
4022 2999 4083 3042 de

2490 3074 2815 3128 tribulatione
2843 3076 3067 3128 animam
3100 3093 3280 3129 meam.
3321 3076 3474 3131 Orate
3500 3080 3663 3137 enim,
3697 3080 3889 3148 inquit,
3918 3097 3981 3133 ne
4007 3083 4082 3132 in—

2489 3166 2627 3218 tretis
2655 3166 2707 3218 in
2737 3166 3056 3220 tentutionem
3081 3166 3270 3232 (Marc.
3308 3169 3388 3221 14.
3425 3169 3539 3236 58).
3585 3169 3670 3222 12.
3703 3169 3768 3222 Et
3797 3171 3848 3224 in
3879 3172 4080 3225 miseri-

2489 3256 2665 3309 cordia
2701 3265 2790 3308 tua
2830 3256 3089 3327 disperdes
3129 3275 3300 3311 omnes
3345 3259 3576 3312 inimicos
3611 3275 3765 3313 meos.
3806 3260 3921 3313 Non
3952 3278 4083 3330 que-

2493 3345 2633 3399 niam
2663 3361 2764 3415 ego
2791 3360 2909 3400 sum
2934 3346 3146 3416 dignus,
3180 3349 3372 3417 inquit,
3404 3350 3498 3403 sed
3536 3361 3758 3420 propter
3799 3360 3944 3405 tuam
3973 3352 4085 3409 cle-

2493 3436 2745 3491 mentiam
2774 3435 2940 3490 libera
2972 3452 3056 3492 me
3085 3439 3153 3491 ab
3182 3439 3247 3493 iis
3298 3441 3384 3507 qui
3416 3439 3470 3492 in
3503 3456 3588 3492 me
3627 3441 3821 3494 bellum
3866 3451 4080 3509 gerunt,

2494 3529 2657 3585 libera
2687 3545 2772 3584 me
2798 3530 2865 3584 ab
2892 3529 2956 3583 iis
2980 3532 3066 3598 qui
3099 3532 3227 3584 mihi
3255 3532 3571 3586 insidiantur
3590 3575 3603 3596 ,
3653 3534 3742 3586 dat
3769 3543 3825 3589 nt
3851 3535 3920 3591 ab
3949 3535 4086 3589 afﬂi-

2495 3623 2674 3681 ctione
2701 3621 3029 3691 aliquantum
3054 3623 3333 3691 respirem.
3353 3622 3422 3676 Et
3442 3626 3622 3695 pudet
3641 3643 3811 3681 omnes
3825 3629 3912 3698 qui
3927 3629 4086 3684 tribu-

2495 3713 2604 3765 lant
2625 3713 2850 3766 animam
2872 3729 3052 3778 meant,
3079 3715 3322 3784 quoniam
3334 3730 3426 3784 ego
3447 3731 3619 3771 servus
3644 3727 3757 3772 tuus
3785 3735 3919 3774 sunt.
3951 3720 4083 3776 Vide

2496 3803 2584 3859 hic
2617 3820 2801 3860 rursus
2841 3804 3102 3874 adjectum
3150 3820 3387 3860 causam.
3418 3807 3602 3878 Neque
3630 3811 3770 3864 enim
3799 3825 4083 3880 possumus

2496 3896 2739 3951 absolute
2777 3907 2959 3952 nostra
3003 3898 3265 3968 postulata
3293 3902 3575 3971 consequi,
3603 3899 3699 3956 sed
3741 3912 3950 3972 oportet
3989 3922 4085 3962 nos

2458 4053 2464 4058 ν
2497 3989 2567 4042 ita
2593 4003 2912 4060 purpuram,
2942 4000 2999 4045 ut
3023 3993 3188 4046 simus
3213 3992 3355 4063 digni
3375 3995 3464 4064 qui
3491 3994 3754 4064 postulata
3782 4011 4084 4068 consequa-

2499 4096 2639 4147 mur,
2668 4091 2720 4135 et
2750 4097 2870 4150 quae
2910 4091 3089 4138 nostra
3129 4095 3253 4144 sunt
3294 4083 3563 4149 conferre,
3593 4093 3650 4140 et
3691 4087 3763 4140 ita
3804 4089 4081 4144 accedere.

2509 4171 2622 4225 Non
2653 4171 2848 4227 sufﬁcit
2872 4174 3018 4228 enim
3045 4174 3160 4229 sola
3189 4187 3378 4229 natura
3421 4176 3677 4230 orationis
3718 4194 3732 4230 :
3766 4192 3888 4232 nam
3915 4178 4083 4234 διιόςοί

2499 4276 2710 4331 quoque
2737 4262 2978 4328 orabant,
2996 4275 3050 4318 et
3079 4266 3388 4321 audiebant?
3415 4266 3476 4322 Si
3491 4268 3942 4335 multiplicaueritis
3971 4288 4086 4339 prr-

2500 4367 2600 4416 ces,
2633 4368 2734 4405 non
2764 4356 3033 4408 exaudiam
3062 4372 3146 4410 vos
3176 4354 3329 4425 (Isai.
3362 4358 3413 4412 1.
3447 4357 3562 4427 15).
3603 4357 3672 4413 Et
3713 4361 3838 4428 quid
3877 4361 4085 4416 miraris

2502 4443 2545 4496 si
2570 4442 2739 4496 Judaei
2771 4457 2876 4498 non
2905 4444 3344 4511 exaudiebantur,
3369 4461 3492 4500 cum
3517 4448 3677 4502 etiam
3700 4447 3958 4506 Jeremias
3985 4466 4085 4524 pro

2503 4533 2582 4588 eis
2611 4549 2772 4589 orans
2799 4536 3239 4605 reprehendatur,
3266 4547 3323 4593 et
3352 4539 3519 4593 semel
3548 4555 3614 4594 ac
3640 4541 3721 4596 bis
3746 4542 3926 4597 audiat
3954 4560 3970 4597 :
4006 4542 4082 4596 Ne

2504 4641 2594 4678 ora
2627 4642 2718 4695 pro
2745 4626 2840 4680 hoc
2865 4629 3075 4697 populo,
3104 4630 3342 4694 quoniam
3374 4646 3474 4683 non
3500 4631 3770 4684 exaudiam
3798 4642 3844 4685 te
3870 4631 4004 4702 (ὥστ’.
4031 4633 4078 4686 7.

2507 4716 2639 4786 16)7
2683 4716 2748 4771 Et
2793 4717 2916 4786 quid
2962 4717 3173 4773 miraris
3216 4719 3261 4773 si
3304 4717 3568 4775 .lcremias
3615 4735 3720 4774 non
3770 4723 4082 4777 exauditur?

2507 4805 2722 4860 Etiamsi
2753 4804 2888 4871 Noe,
2916 4808 3106 4876 inquit,
3134 4810 3328 4864 etiamsi
3353 4808 3474 4876 Job,
3502 4811 3698 4865 etiamsi
3727 4810 3910 4865 Daniel
3937 4825 4084 4868 stete-

2505 4899 2629 4959 rint,
2655 4898 2788 4967 ﬁlios
2830 4907 2876 4952 et
2902 4899 3040 4967 ﬁlias
3064 4915 3181 4953 suas
3221 4915 3322 4952 non
3363 4901 3582 4968 eripient
3613 4899 3824 4969 (Eseclt.
3870 4903 3956 4956 ιι.
4000 4905 4083 4957 14.

2509 4990 2620 5061 i6).
2654 4989 2776 5043 Haec
2803 5006 2930 5061 ergo
2958 5006 3078 5044 cum
3107 4992 3358 5054 sciamus,
3388 5007 3493 5046 non
3521 4992 3698 5047 solum
3730 5008 3964 5056 oremus,
3995 4999 4089 5046 seu

2507 5088 2626 5128 cum
2661 5074 2904 5143 precibus
2931 5089 3143 5144 quoque
3169 5090 3268 5130 nos
3297 5075 3366 5130 ita
3396 5091 3790 5146 comparemus,
3830 5085 3888 5130 ut
3924 5078 4086 5130 simus

2509 5165 2650 5236 digni
2678 5167 2766 5235 qui
2796 5166 3144 5235 accipiamus,
3175 5178 3235 5220 ut
3259 5177 3314 5222 et
3343 5170 3625 5237 praesentia
3668 5178 3722 5224 et
3749 5168 3923 5224 futura
3951 5171 4086 5224 bona

2509 5273 2899 5328 consequamur
2945 5276 2958 5312 :
3005 5273 3126 5325 qua:
3169 5259 3324 5314 detur
3346 5259 3500 5315 nobis
3542 5262 3789 5316 omnibus
3815 5262 4087 5332 consequi,

2509 5351 2676 5419 gratia
2705 5357 2758 5404 et
2802 5349 3085 5404 clementia
3127 5349 3347 5406 Dominit
3365 5352 3534 5406 noetri
3575 5350 3702 5408 Iesu
3747 5352 3966 5416 Christi,
4011 5351 4092 5406 cui

2511 5442 2676 5511 gloria
2701 5451 2755 5496 et
2780 5442 3083 5511 imperium,
3116 5442 3170 5496 in
3197 5443 3392 5498 s:ecula
3421 5446 3760 5500 circulorum.
3788 5447 3983 5500 Amen.

2577 5746 2649 5803 (a)
2685 5753 2794 5811 tunc
2832 5745 3182 5811 itterpretatiq
3216 5751 3293 5795 est
3341 5743 3551 5811 Aquilae;
3592 5754 3784 5810 quidam
3823 5744 4086 5809 Symman

2519 5807 2646 5856 illam
2672 5809 2909 5867 tribuunt,
2932 5806 3021 5857 sed
3045 5807 3231 5870 Aquilae
3249 5813 3344 5858 est.
