4198 6420
226 363 337 419 697

228 488 354 529 rum
383 470 707 527 oblivionem
738 466 929 538 abjeci.
958 466 1210 538 Quisquis
1237 468 1381 523 enim
1411 484 1470 524 se
1494 468 1607 526 Deo
1636 482 1829 525 conse-

230 540 371 606 crat,
398 543 631 596 animam
662 555 813 594 suam
838 540 891 592 in
919 539 1163 593 manibus
1189 539 1306 607 ejus
1329 540 1496 608 ponit,
1531 551 1589 595 ut
1615 542 1667 595 in
1712 540 1823 593 alio

234 613 452 667 Psalmo
477 612 605 665 dicit
632 628 647 664 :
683 609 937 677 Quoniam
963 617 1017 659 tu
1045 624 1097 661 es
1124 618 1375 675 protector
1398 626 1557 675 meus,
1585 610 1825 673 Domine,

232 682 289 736 in
323 699 500 737 manus
521 692 635 734 tuas
659 678 1019 750 commendabo
1034 679 1269 750 spiritum
1282 678 1631 750 meum(Psat.
1650 680 1739 735 50.
1768 680 1825 734 5.

231 754 314 825 6).
344 753 398 808 Si
425 753 544 825 quis
571 760 749 825 auteni
788 764 848 803 se
877 748 1077 825 dividat
1109 748 1162 825 in
1208 748 1524 825 voluptates,
1557 760 1613 807 et
1637 765 1827 820 corpo-

232 818 360 877 reos
414 818 635 876 affectus
662 861 677 883 ,
704 821 787 891 Ais
828 819 975 891 nullo
1032 818 1191 873 modo
1246 818 1481 875 animam
1522 837 1672 876 suam
1732 818 1829 891 po-

234 894 317 948 nit
346 895 398 947 in
431 891 675 945 manibus
702 889 814 943 Dei.
844 888 899 944 Si
928 891 1069 943 enim
1100 899 1341 959 tempore
1369 891 1565 946 divinae
1596 888 1826 960 liturgite

234 965 291 1017 in
336 963 622 1017 smculares
668 974 824 1015 curas
866 959 1227 1023 abducamur,
1264 960 1407 1016 etiis
1455 959 1830 1017 incumbamus

231 1034 321 1088 illa
352 1033 503 1097 hora,
533 1030 823 1099 laudesque
842 1030 934 1083 Dei
956 1031 1341 1101 relinquamus,
1365 1047 1471 1087 non
1488 1033 1825 1101 reposuimus

230 1105 444 1159 animas
490 1111 700 1172 nostras
748 1102 798 1153 in
828 1100 1076 1172 manibus
1118 1102 1257 1169 ejus.
1287 1102 1342 1156 Si
1394 1100 1685 1157 matutinos
1730 1102 1827 1172 by-

232 1188 393 1229 ninos
416 1170 883 1242 praetermittamus
905 1170 1237 1237 dormientes
1258 1171 1308 1226 in
1328 1172 1486 1238 lecto,
1504 1187 1569 1229 ac
1587 1170 1829 1241 tempore

228 1241 657 1314 vespertitiarum
708 1241 921 1314 laudum
996 1242 1228 1314 crapulae
1254 1254 1311 1297 et
1359 1243 1602 1298 ebrietati
1660 1243 1825 1297 dediti

228 1310 401 1368 siin'us
426 1327 490 1366 ac
518 1312 659 1365 velut
680 1310 823 1381 aﬂixi
841 1352 857 1375 ,
886 1326 991 1364 non
1018 1312 1355 1381 reposuimus
1380 1314 1587 1368 animas
1615 1323 1826 1367 nostras

232 1382 565 1439 inmanibus
609 1382 724 1437 Dei.
767 1380 823 1435 Si
863 1384 914 1433 in
950 1380 1190 1451 tempore
1217 1383 1411 1438 divina:
1462 1384 1726 1449 lectionis,
1773 1394 1827 1437 et

230 1454 469 1507 maxime
519 1452 572 1505 in
628 1461 828 1505 sancta:
884 1451 1174 1506 Dominicis:
1217 1452 1442 1519 diebus,
1496 1454 1827 1509 dimittamus

226 1524 539 1593 ecclesiam,
567 1531 621 1577 et
645 1523 1037 1593 circumeamiis
1057 1522 1330 1593 symbolas
1352 1523 1544 1578 dantes
1570 1539 1632 1579 ac
1660 1538 1825 1592 nego.

233 1592 455 1655 tiantes,
488 1602 543 1645 et
568 1593 620 1645 in
648 1593 781 1644 vicis
809 1592 1099 1661 pluteisque
1124 1608 1421 1659 versemur,
1450 1608 1556 1648 non
1584 1594 1828 1663 reposui-

231 1677 360 1719 mus
400 1664 606 1716 animas
637 1669 848 1715 nostras
879 1662 1200 1715 inmanibus
1231 1664 1344 1717 Dei.
1382 1666 1436 1720 Si
1464 1662 1739 1719 adstantes
1770 1664 1823 1717 in

228 1732 413 1787 divina
458 1731 666 1801 liturgia
717 1730 1046 1789 dimittamus
1088 1735 1386 1789 orationem
1421 1744 1474 1788 et
1520 1735 1725 1800 laudes,
1771 1742 1827 1788 et

226 1812 421 1858 mutuo
449 1802 517 1857 de
558 1801 902 1873 safcularibus
942 1802 1102 1856 rebus
1144 1812 1196 1858 et
1239 1806 1384 1861 curis
1432 1805 1823 1873 colloquantur,

230 1889 341 1927 nou
424 1872 756 1941 reposuimus
817 1871 1022 1926 animas
1067 1881 1289 1929 nostras
1320 1876 1375 1928 in
1408 1871 1662 1930 manibus
1709 1874 1823 1928 Dei.

229 1944 255 1999 1
278 1942 357 1997 10.
398 1942 679 1995 Posuerunt
703 1952 987 2012 peccatores
1014 1944 1247 2012 laqueum
1267 1945 1411 2009 mihi,
1434 1956 1481 1998 et
1510 1946 1574 1999 de
1602 1946 1824 1999 manda-

227 2014 299 2066 tis
324 2014 422 2066 tuis
465 2029 565 2065 non
604 2013 794 2065 erravi?
819 2012 1010 2066 Multas
1040 2015 1319 2083 variasque
1348 2014 1594 2070 homines
1622 2016 1827 2070 damio-

228 2098 437 2153 nesque
462 2083 515 2136 in
541 2098 628 2137 me
647 2082 864 2154 insidias
888 2093 1099 2154 struunt
1129 2101 1142 2137 :
1172 2082 1272 2154 ego
1295 2100 1421 2140 vero
1449 2086 1824 2140 mandatorum

229 2152 447 2207 tuorum
480 2156 579 2207 iter
610 2153 737 2205 nulli
771 2152 1056 2205 obnoxium
1087 2152 1262 2209 errori
1306 2155 1557 2212 incedere
1586 2157 1819 2211 decrevi.

230 2224 459 2296 Etenim
493 2232 548 2277 et
576 2220 848 2296 daemones
879 2232 934 2275 et
962 2224 1312 2296 cogitationes
1345 2241 1489 2295 saepe
1532 2227 1826 2296 illaqucant

226 2293 462 2366 _eos,gqui
494 2292 787 2366 secundum
818 2291 986 2366 Deum
1021 2291 1222 2359 vivunt,
1250 2291 1551 2365 deindeqne
1591 2291 1824 2366 improbi

227 2363 475 2417 homines
509 2379 523 2416 :
551 2373 604 2415 at
634 2362 706 2415 illi
736 2363 1033 2431 gloriantur
1053 2378 1113 2419 se
1142 2380 1248 2419 non
1271 2362 1614 2421 abermturos
1638 2362 1758 2422 esse
1785 2383 1816 2422 a

227 2433 495 2488 mandatis
532 2434 644 2487 Dei.
678 2432 853 2500 Ipsum
897 2434 1039 2487 enim
1089 2435 1337 2489 Davidem
1368 2436 1517 2501 Sam,
1550 2453 1671 2491 cum
1703 2438 1823 2491 ilia-

228 2511 473 2573 qnearet,
498 2511 556 2573 et
586 2504 888 2557 interimere
916 2513 1167 2569 tentaret,
1197 2520 1261 2559 ex
1290 2508 1559 2560 mandatis
1588 2508 1678 2561 Dei
1712 2524 1819 2562 non

225 2571 439 2627 avertit.
490 2571 762 2641 Siquidem
815 2574 978 2627 David
1026 2590 1147 2631 cum
1201 2576 1413 2630 Saiilem
1445 2578 1611 2633 semel
1643 2586 1697 2632 et
1746 2581 1826 2634 bis

224 2646 545 2715 repet-isset,
568 2658 674 2697 non
702 2642 934 2697 reddidit
961 2645 1057 2711 ipsi
1092 2647 1289 2699 malum
1325 2664 1420 2715 pro
1452 2649 1614 2701 malo.
1650 2650 1825 2703 Ulim-

222 2730 332 2783 que
370 2713 605 2788 losopho
646 2715 890 2788 laqueum
924 2717 1145 2773 tetendit
1176 2713 1425 2788 Egyptia
1457 2760 1473 2783 ,
1504 2734 1690 2773 verum
1735 2720 1826 2776 ille

226 2800 336 2837 non
360 2785 595 2847 erravit,
622 2787 1033 2856 castitatemque
1079 2785 1332 2841 servavit.
1364 2787 1597 2856 ldipsum
1629 2800 1683 2843 et
1709 2788 1820 2844 Sti-

222 2868 393 2931 sanna
424 2863 689 2931 pass-aest
717 2868 749 2909 a
779 2855 1100 2931 senioribus.
1146 2858 1281 2931 Hi.
1308 2855 1602 2913 Hereditate
1639 2862 1820 2931 acqui-

226 2926 326 3006 sivi
349 2926 636 2978 testimonia
675 2934 766 2977 tua
813 2925 867 2978 in
892 2936 1153 2994 azternum,
1197 2930 1317 2998 quia
1355 2930 1625 2983 multatio
1656 2925 1825 2986 cordis

226 3004 325 3049 mei
345 3004 478 3047 sunt.
1143 3005 1146 3009 '

389 3064 859 3149 Exsultant‘sancti
888 3074 945 3149 et
970 3066 1043 3149 pii
1063 3067 1181 3131 viri,
1209 3077 1265 3123 et
1286 3069 1519 3149 gaudent
1543 3072 1610 3149 de
1631 3071 1820 3149 obser-

226 3136 444 3189 vatione
470 3134 844 3189 mandatorum
888 3134 1005 3203 Dei,
1055 3152 1119 3193 ac
1160 3134 1536 3196 cum—Patrem
1592 3141 1826 3197 habeant

230 3205 422 3268 Deum,
453 3205 569 3274 ejus
598 3205 1022 3261 testimoniorum
1048 3208 1272 3265 heredes
1303 3209 1422 3266 facti
1454 3220 1595 3273 sunt,
1622 3227 1687 3267 ac
1704 3214 1823 3268 vel-

229 3286 289 3331 ut
343 3285 614 3345 paternam
656 3274 1005 3331 hereditatem
1039 3279 1124 3332 illa
1167 3281 1399 3335 retinent
1437 3284 1771 3337 exsultantes
1806 3301 1822 3338 :

228 3345 405 3421 dulcis
434 3360 662 3413 namque
691 3354 1077 3421 e§t_paret_iiuiii
1101 3349 1390 3421 hereditas.
1430 3349 1661 3421 Ideoque
1688 3352 1823 3408 Pro-

229 3415 390 3490 pheta
433 3412 659 3490 precans
697 3412 825 3490 dicit
874 3434 887 3469 :
927 3412 1301 3490 Hereditatem
1348 3412 1730 3490 sempiternam
1770 3431 1826 3478 et

228 3486 397 3543 iu'taru
421 3496 507 3542 tua
535 3486 835 3541 testimonia
862 3501 981 3542 esse
1002 3489 1248 3553 credens,
1268 3507 1334 3545 ex
1360 3486 1549 3546 horum
1564 3494 1824 3548 memoria

227 3558 449 3633 qxsulto
485 3566 543 3633 _e_t
566 3557 737 3633 laetor.
773 3557 896 3611 “2.
929 3556 1183 3633 inclinavi
1211 3578 1301 3615 cor
1326 3577 1492 3614 meum
1519 3565 1588 3616 ad
1615 3564 1814 3633 facien-

178 3656 181 3659 -
230 3630 326 3683 das
368 3626 902 3701 iustiﬁcationes‘tuas
927 3630 981 3683 in
1015 3639 1262 3685 teternum
1299 3641 1507 3701 propter
1531 3626 1822 3688 retributio-

230 3714 368 3753 nent.
399 3697 636 3753 Trutina:
662 3698 839 3753 simile
862 3708 947 3753 est
981 3701 1175 3754 animae
1205 3697 1489 3756 consilium
1523 3721 1535 3757 :
1564 3704 1819 3758 trutinam

232 3778 378 3843 tenet
416 3783 587 3843 mens,
615 3783 735 3838 qua;
760 3768 911 3843 ducis
947 3770 1182 3843 iungitur
1210 3772 1411 3826 ofﬁcio.
1443 3773 1498 3828 Si
1532 3775 1695 3843 igitur
1721 3775 1822 3843 piis

228 3838 641 3909 cogitationibus
665 3852 725 3893 se
763 3838 1111 3909 applicuerit,
1140 3856 1362 3897 necesse
1397 3852 1480 3898 est
1506 3838 1577 3899 ad
1598 3838 1822 3900 meliora

230 3908 414 3985 lances
444 3908 735 3985 declinare.
778 3908 891 3985 Hoc
914 3925 974 3965 se
999 3910 1190 3985 fecisse
1211 3913 1301 3985 _ait
1326 3915 1607 3984 propheta.
1634 3914 1823 3985 Neque

230 3979 407 4052 modo
434 3977 703 4052 Inclinavi,
731 3978 893 4052 modo
920 3995 1059 4052 non;
1078 3982 1172 4036 sed
1200 3981 1267 4036 In
1288 3977 1553 4049 arculum,
1587 3985 1689 4039 hoc
1714 3977 1818 4052 est,

168 4112 175 4113 ί
227 4049 495 4122 omnibus
514 4048 704 4122 diebus
720 4049 840 4105 vita:
862 4066 1017 4122 mem.
1046 4050 1099 4104 In
1131 4052 1215 4105 his
1239 4055 1381 4107 enim
1411 4057 1643 4122 exsulto,
1676 4048 1823 4111 inve;

231 4121 389 4175 nicns
428 4119 855 4183 retributionem,
889 4120 1016 4187 Quae
1054 4122 1233 4176 oculus
1258 4140 1359 4177 non
1388 4125 1527 4188 vidit,
1562 4119 1653 4179 nec
1681 4129 1821 4181 auris

226 4191 444 4265 audivit,
464 4206 561 4265 nec
584 4191 637 4243 in
664 4206 749 4242 cor
766 4192 983 4265 hominis
1003 4193 1339 4265 ascenderunt
1369 4197 1440 4265 (1.
1473 4195 1591 4250 Cor.
1613 4196 1668 4250 2.
1704 4196 1762 4265 9)
1800 4215 1812 4250 :

230 4262 349 4315 haec
387 4263 583 4330 quippe
631 4270 754 4334 sunt
785 4262 1280 4334 retributio.rBona
1334 4262 1478 4320 enim
1523 4282 1621 4334 pro
1664 4262 1820 4321 bonis

228 4329 416 4387 creata
446 4339 593 4404 sunt.
644 4332 771 4404 [15.
800 4329 1011 4404 Iniquus
1049 4333 1166 4386 odio
1210 4334 1390 4404 habui,
1440 4329 1599 4404 legem
1653 4348 1820 4391 autem

229 4412 374 4476 tuam
420 4399 1011 4476 dilexi.__C_ogitatioues
1054 4404 1198 4457 enim
1246 4406 1313 4459 ad
1356 4399 1696 4476 peccandum
1742 4408 1823 4460 in-

228 4473 491 4549 stigantes
546 4470 805 4556 abjiciens
851 4512 867 4535 ,
927 4481 1069 4556 tuam
1120 4476 1309 4556 .Iegem
1340 4470 1604 4556 _'pra:_t_uli.
1674 4477 1821 4532 Talis

226 4546 428 4615 quippe
490 4550 573 4615 est
623 4544 1266 4615 sanctorumggloriatio.
1338 4544 1394 4615 in
1447 4547 1555 4600 alio
1608 4562 1820 4615 quoque

226 4609 444 4671 li’salmo
467 4612 596 4683 dicit
626 4630 638 4666 :
670 4609 857 4665 Nonne
880 4612 965 4681 qui
989 4609 1198 4668 oderunt
1225 4626 1291 4681 te,
1324 4614 1556 4678 Domine,
1584 4609 1814 4683 oderam,

225 4693 277 4739 et
311 4701 463 4753 super
502 4682 731 4737 inimicos
776 4692 887 4755 tuos
915 4684 1269 4738 tabescebam?
1296 4684 1529 4755 Perfecto
1553 4687 1669 4740 odio
1695 4682 1817 4740 ode;

224 4771 338 4838 ram
362 4755 496 4838 illos,
528 4754 934 4838 crinimicijoclti
956 4766 1074 4838 sunt
1092 4756 1214 4810 mihi
1236 4754 1553 4838 (Ρεᾳιᾼὸὃἶ
1580 4756 1669 4813 21.
1700 4756 1815 4838 22).

224 4827 688 4897 Quemadmodum
720 4826 809 4897 qni
840 4824 1011 4897 diligit
1040 4824 1382 4887 lucem,'odit
1414 4827 1665 4882 tenebras
1693 4843 1707 4880 :
1740 4824 1820 4883 sic

224 4898 317 4967 qui
345 4895 515 4965 diligit
545 4897 715 4966 legem
738 4894 853 4951 'Dei
869 4934 887 4967 ρ
922 4898 1127 4967 iniquas
1157 4898 1508 4967 cogitationes
1548 4906 1599 4951 et
1643 4898 1816 4952 actio-

226 4965 327 5037 nes
346 4967 455 5020 odit
480 4983 495 5030 ;
527 4976 581 5021 et
605 4965 813 5022 aversio
838 4965 907 5021 ab
924 4966 1007 5037 his
1036 4975 1115 5021 est
1142 4966 1357 5021 dilectio
1397 4968 1814 5037 promissionum

224 5036 379 5108 legis.
426 5038 524 5106 Qui
559 5038 715 5107 igitur
760 5039 829 5091 ita
868 5053 927 5091 se
954 5036 1135 5099 habet,
1168 5036 1467 5092 exclamat:
1501 5040 1624 5093 114.
1655 5040 1820 5108 Adju-

225 5117 308 5179 tor
331 5116 376 5161 et
398 5118 658 5176 susceptor
696 5124 835 5161 uicus
873 5123 923 5161 es
949 5120 1002 5162 tu
1034 5126 1051 5163 :
1082 5110 1134 5163 in
1155 5108 1302 5161 verba
1330 5118 1418 5162 tua
1442 5109 1815 5179 supersperavi.

224 5177 341 5233 Non
394 5179 511 5233 sine
556 5179 751 5233 auxilio
804 5189 895 5234 tuo
948 5181 1063 5234 hmo
1110 5178 1330 5249 perfeci,
1379 5180 1471 5234 sed
1526 5177 1819 5236 tuaiuttus

224 5252 416 5319 gratia,
446 5258 638 5317 tuaque
666 5264 759 5317 spe
806 5260 1153 5305 sustentatus.
1196 5249 1313 5305 Non
1359 5252 1566 5318 speravi
1597 5250 1647 5303 in
1677 5249 1818 5305 divi-

231 5320 332 5390 itas
364 5360 379 5382 ,
409 5335 514 5373 non
542 5320 593 5372 in
644 5321 899 5374 honorem
948 5331 1003 5376 et
1046 5322 1266 5390 gloriam
1304 5322 1627 5376 mundanam
1665 5329 1718 5375 et
1762 5321 1816 5375 in

224 5387 499 5443 hominum
553 5390 846 5443 subsidium
875 5430 890 5455 ,
921 5390 1015 5445 sed
1052 5387 1115 5444 in
1147 5392 1307 5445 verba
1335 5402 1447 5449 tua.
1478 5392 1820 5460 Quapropter

222 5460 483 5528 quispiam
513 5461 834 5528 sapientium
861 5461 1072 5515 dicebat
1105 5479 1117 5517 :
1150 5460 1432 5515 Hominum
1470 5462 1724 5516 auxilium
1755 5476 1818 5515 ne

223 5531 349 5582 mihi
373 5530 592 5601 dederis.
627 5530 748 5584 115.
771 5530 1041 5601 ADeclinate
1059 5546 1092 5582 a
1113 5548 1193 5585 me
1222 5531 1457 5601 maligni,
1480 5541 1525 5586 et
1551 5531 1819 5587 scrutabor

224 5601 467 5654 mandata
496 5599 592 5653 Dei
612 5601 726 5654 mei.
759 5599 987 5655 Omnem
1012 5600 1317 5655 daemonum
1343 5599 1399 5655 ct
1434 5603 1695 5656 malarum
1722 5616 1819 5656 co-

220 5668 533 5741 gitationum
561 5671 816 5741 impetum
843 5670 1114 5727 declinare
1137 5672 1395 5741 pnecipit,
1422 5681 1481 5726 ut
1510 5673 1631 5741 quis
1656 5688 1811 5726 man-

218 5741 343 5794 data
374 5740 469 5810 Dei
496 5742 548 5794 in
574 5739 751 5808 seipse
769 5741 1035 5795 custodiat
1061 5739 1223 5810 Opere
1240 5739 1498 5798 ct‘vcrbo.
1529 5739 1647 5798 lloc
1666 5745 1811 5798 enim

220 5808 475 5880 minuti,
512 5810 814 5869 Scrutabor.
850 5811 976 5868 Hac
1000 5808 1168 5881 eniti],
1212 5813 1415 5885 inquit,
1448 5814 1689 5872 dicebam
1716 5816 1810 5871 ab.

1541 358 1610 416 [Ν
1648 348 1975 415 ΡδΑιΔωιι
2011 348 2243 408 CXVI".

1936 463 2115 536 surdis
2140 430 2554 536 cogigiionibus
2575 470 2677 536 ,__et
2706 460 2886 536 iis_qui
2920 464 3058 518 mala
3089 463 3218 520 mihi
3249 479 3541 536 suggerere

1939 530 2258 617 tentabant:
2283 532 2503 617 Nullum
2541 530 2677 617 mihi
2721 530 2828 617 me
2874 536 3161 617 consiiiutu
3201 530 3536 617 suggeratis:

1936 605 2069 661 mihi
2113 603 2261 676 enim
2286 602 2571 676 Optabilior
2600 612 2683 657 cst
2711 603 2814 676 vita
2842 605 3135 659 secundum
3163 602 3366 676 divina
3397 622 3538 676 prm-

1932 685 2110 745 cepta.
2137 673 2277 745 Non
2305 673 2479 745 solum
2510 685 2690 745 autem
2718 673 2803 727 illa
2836 690 3051 745 sequar,
3081 675 3175 730 sed
3225 673 3537 733 etiam'cum

1935 743 2084 801 omni
2118 743 2389 813 diligentia
2435 744 2748 807 scrutabor,
2780 754 2838 797 ut
2865 744 3057 799 horum
3102 745 3233 800 nihil
3283 746 3414 800 mihi
3456 746 3536 801 la-

1936 824 2064 881 teat,
2104 814 2199 869 sed
2246 814 2425 885 omnia
2455 814 2544 867 illa
2589 813 2845 883 impleam
2872 832 2993 885 qua:
3024 815 3282 873 Dominus
3309 816 3530 873 univer-

1934 900 2115 942 sorum
2148 884 2421 953 prmcepit.

2006 955 2279 1025 Eloquium
2312 953 2403 1007 Dei
2455 954 2598 1025 quid.
2628 984 2697 994 -—-
2724 955 2848 1009 116.
2884 953 3101 1024 Suscipe
3144 973 3224 1011 me
3251 956 3535 1013 secundum

1933 1024 2186 1097 eloquium
2211 1035 2374 1097 tuum,
2404 1033 2450 1076 et
2498 1024 2693 1097 viviﬁca
2731 1041 2810 1097 me
2848 1040 2868 1079 :
2899 1035 2945 1077 et
2990 1042 3091 1079 non
3136 1028 3423 1097 confundas
3454 1043 3537 1081 me

1932 1098 1995 1151 ab
2027 1093 2399 1166 exspectatione
2425 1110 2555 1166 mea.
2588 1093 2740 1149 Hune
2780 1096 2959 1164 itaque
2991 1093 3535 1166 scoputn'habentem

1933 1164 2268 1238 provideiitia
2298 1174 2382 1238 tua
2419 1164 2657 1238 dignare,
2683 1174 2741 1238 ut
2769 1180 2838 1219 ne
2866 1179 2962 1238 Spe
2989 1164 3170 1238 lapsus
3201 1171 3411 1237 pudore
3439 1182 3531 1223 re-

1934 1233 2100 1307 plear.
2136 1234 2408 1307 Eloquium
2428 1233 2731 1307 autemhic
2758 1233 3173 1307 promissionem
3196 1233 3325 1293 dicit
3349 1280 3361 1304 ,
3395 1254 3459 1295 ac
3481 1238 3527 1295 si

1932 1303 2157 1370 diceret,
2198 1303 2515 1378 promissam
2562 1304 2695 1359 mihi
2738 1303 2917 1378 praebe
2958 1307 3210 1378 salutem.
3260 1310 3533 1378 Proiiheta

1932 1378 2090 1448 igitur
2116 1385 2299 1448 utpote
2332 1373 2631 1441 perlectus;
2663 1375 3096 1448 quicustodicrit
3122 1373 3380 1433 mandata
3408 1383 3529 1445 Dei,

1930 1444 2207 1517 exspectat
2259 1444 2520 1517 honorem
2563 1454 2612 1517 et
2641 1445 2865 1515 gloriam
2899 1447 2952 1500 in
3002 1448 3240 1502 secundo
3286 1444 3525 1509 adventu

1930 1514 2127 1573 Christi
2178 1515 2271 1570 Dei
2301 1514 2492 1580 nostri,
2526 1514 2613 1568 ubi
2652 1514 2838 1583 sperat
2868 1531 2927 1571 se
2970 1528 3022 1570 et
3052 1530 3314 1574 mternam
3360 1525 3526 1579 vitam

1931 1590 2244 1661 ducturum,
2273 1595 2328 1661 et
2352 1600 2457 1638 non
2490 1586 2689 1661 pudore
2719 1586 3059 1661 afficiendum
3089 1604 3210 1661 esse
3249 1605 3372 1661 cum
3403 1609 3530 1661 pec-

1930 1659 2219 1720 catoribus,
2242 1664 2297 1709 et
2318 1654 2696 1730 immorigeris,
2728 1656 2817 1729 qui
2840 1670 2944 1711 sea
2978 1658 3243 1730 mandatis
3274 1660 3365 1714 Dei
3403 1654 3528 1730 im.—

1930 1729 2015 1783 cul
2038 1734 2407 1783 removerunt.
2434 1725 2559 1779 117.
2591 1725 2797 1795 Adjuvd
2824 1744 2901 1780 me
2923 1738 2969 1780 et
2995 1728 3173 1781 salvus
3204 1746 3312 1796 ero,
3344 1725 3527 1788 et'me-

1928 1799 2130 1853 ditabor
2175 1799 2229 1851 in
2261 1796 2713 1866 justiﬁcationibus
2761 1796 2861 1851 tuis
2904 1814 3119 1863 semper.
3156 1799 3285 1853 Nam
3317 1804 3359 1858 si
3392 1806 3527 1857 salu-

1933 1878 2039 1943 tem
2096 1865 2416 1943 consequar,
2460 1865 2870 1943 justiticationes
2909 1876 3185 1943 _t_uas_~nou
3236 1872 3525 1943 negligant,

1930 1941 2023 1995 sed
2050 1953 2265 2008 semper
2304 1936 2421 1991 illas
2450 1936 2770 1991 meditabor.
2807 1936 3205 2008 Illeditationem
3246 1936 3530 1998 ve‘ro‘tlicit

1930 2026 2036 2064 non
2094 2007 2378 2064 in’verbis
2432 2016 2679 2079 tantum,
2738 2007 2835 2060 sed
2904 2009 3063 2062 etiam
3136 2010 3189 2064 in
3244 2014 3523 2079 cperibus.

1929 2080 2065 2135 Nam
2092 2082 2345 2135 continua
2374 2077 2649 2130 meditatio
2670 2079 3112 2145 justiticationum
3144 2081 3237 2135 Dei
3270 2077 3524 2139 auxilium

1929 2153 2044 2215 ejus
2071 2151 2226 2205 nobis
2256 2146 2497 2221 attrahit.
2530 2147 2929 2221 hincque-salus
2961 2151 3185 2221 paritur.
3219 2153 3335 2207 118
3364 2156 3527 2221 8111⁸8·-

1930 2222 2041 2276 visti
2079 2236 2254 2275 omnes
2286 2218 2602 2290 discedentes
2628 2235 2659 2271 a
2678 2218 2892 2290 judiciis
2917 2219 3018 2272 tuis
3036 2259 3054 2286 ,
3077 2221 3199 2290 quia
3226 2218 3421 2287 iniusta
3440 2242 3527 2279 co-

1927 2293 2101 2362 gitatio
2136 2300 2329 2344 eorum.
2361 2287 2507 2362 Hanc
2532 2287 2710 2343 autem
2742 2289 2883 2362 circa
2910 2287 3157 2362 mandata
3181 2293 3513 2350 alacritatem

1929 2358 2197 2418 exhibebo
2218 2403 2232 2427 ,
2258 2374 2379 2415 cum
2425 2358 2652 2413 infames
2681 2368 2735 2413 et
2771 2359 3024 2414 ridiculos
3048 2376 3170 2416 esse
3215 2365 3381 2419 tactus
3428 2381 3526 2419 eo-

1932 2449 2051 2488 rum
2094 2442 2520 2499 transgressorcs
2561 2430 2822 2483 noverim.
2852 2429 2908 2484 In
2937 2431 3042 2484 alio
3069 2445 3282 2499 quoque
3310 2435 3527 2491 Psalmo

1929 2504 1997 2559 de
2021 2502 2388 2573 peccatoribus
2413 2500 2552 2574 d_icit_
2572 2517 2585 2553 :
2602 2499 2697 2574 Ad
2727 2500 2945 2574 nihilum
2971 2500 3233 2574 devenient
3266 2514 3523 2574 tamquam

1928 2569 2061 2643 aqua
2092 2575 2364 2626 decurrens
2398 2569 2570 2643 (Psal.
2597 2571 2694 2643 57.7
2720 2570 2795 2640 8).
2828 2571 2895 2625 Et
2920 2586 3104 2643 rursus
3128 2614 3143 2637 ,
3178 2569 3529 2643 Oppi-ebrium

1928 2640 2344 2715 abundontibus,
2381 2652 2428 2694 et
2474 2642 2728 2709 despectio
2752 2640 2997 2715 _superbis
3037 2640 3236 2711 (Psalﬁ
3266 2640 3388 2699 122.
3443 2648 3524 2715 4).

1930 2716 2057 2769 119.
2098 2713 2499 2767 Prazruricantes
2535 2712 2763 2781 reputavi
2792 2727 2965 2781 omnes
3008 2725 3293 2781 peccatores
3332 2712 3488 2771 terra!
3507 2732 3528 2773 :

1928 2786 2041 2838 idco
2065 2785 2222 2837 dilexi
2249 2782 2531 2837 testimonia
2557 2780 2664 2834 tua.
2698 2781 2856 2849 Illud,
2885 2780 3311 2851 Prarvaricantes,
3340 2785 3522 2842 Theo-

1928 2856 2096 2918 dotio,
2127 2854 2234 2908 Pro
2260 2854 2421 2907 nihilo
2440 2853 2594 2907 dixit.
2632 2852 2989 2923 Symmachus
3016 2862 3194 2910 autem
3221 2897 3235 2919 ,
3269 2856 3523 2916 Scoriam.

1932 2925 2200 2999 Propheta
2228 2934 2408 2978 autem
2454 2923 2916 2999 declaraviiquod
2943 2938 3069 2999 cum
3116 2927 3339 2995 perinde
3368 2938 3528 2999 atque

1931 2993 2072 3051 Dens
2100 3008 2522 3064 transgressores
2554 3010 2651 3061 pro
2691 2993 2861 3064 nihilo
2887 2993 3361 3061 habeat,'omnem
3412 2993 3529 3053 ala-

1927 3068 2172 3122 critatcm
2220 3063 2275 3120 in
2327 3063 2630 3118 divinorum
2688 3063 3023 3135 eloquiortttn
3078 3066 3520 3124 observationem

1927 3138 2203 3200 obtulerit,
2229 3150 2430 3207 gnarus
2469 3135 2682 3207 scilicet
2702 3134 2904 3201 damni,
2942 3135 3084 3207 quod
3114 3154 3179 3191 ex
3210 3141 3526 3207 prawariea-

1930 3209 2076 3262 tione
2118 3205 2309 3262 oritur.
2336 3205 2572 3261 Joannes
2616 3205 2775 3279 igitur
2808 3206 3086 3279 apostolus
3131 3205 3247 3261 ait:
3281 3211 3380 3274 Qui
3406 3210 3528 3279 facit

1928 3279 2344 3349 iniquitatem,et
2374 3274 2786 3345 peccatum’facit
2817 3275 2905 3344 (1.
2936 3274 3094 3330 Joan.
3127 3278 3160 3332 5
3210 3280 3299 3346 4).
3334 3274 3519 3347 Itaque

1928 3348 2070 3418 apud
2114 3350 2199 3417 pic
2244 3348 2487 3419 viventes
2506 3354 3181 3419 ΔρρςοίιιρνθεΑιιοεειιηιυν
3225 3364 3345 3405 esse
3390 3352 3523 3419 legis

1928 3414 2376 3488 transgressores.
2428 3415 2550 3488 120.
2568 3414 2795 3488 Con/Ege
2825 3416 3010 3488 timore
3030 3427 3116 3472 tuo
3139 3434 3315 3474 carnes
3346 3414 3482 3476 mea—s
3507 3437 3533 3475 .·

1927 3506 1959 3543 a
1984 3487 2238 3543 mandatis
2262 3490 2394 3541 enim
2420 3487 2519 3558 tuis
2539 3487 2704 3558 timui.
2735 3487 2924 3541 Anima
2951 3502 3089 3553 mea,
3114 3491 3305 3558 inquit,
3337 3493 3528 3546 timore

1928 3570 2021 3615 tuo
2049 3560 2280 3629 cingitur
2305 3576 2317 3611 :
2348 3557 2443 3612 sed
2467 3557 2589 3629 quia
2606 3571 2801 3629 corpus
2826 3558 3052 3627 insurgit
3067 3557 3325 3614 adversus
3351 3563 3518 3627 illam,

1925 3645 2059 3701 rogo
2100 3627 2160 3684 ut
2182 3629 2299 3698 ejus
2337 3627 2577 3701 membra
2623 3627 2726 3701 hoc
2754 3628 2949 3683 timore
2980 3630 3347 3699 conﬁgantur,
3378 3634 3447 3686 ita
3472 3641 3528 3687 ut

1927 3697 2134 3756 mortua
2166 3697 2385 3769 peccato
2426 3698 2621 3753 anima:
2646 3697 2879 3769 ductum
2923 3697 3234 3769 sequantur.
3288 3702 3422 3758 lluic
3447 3706 3527 3759 si-

1926 3773 2055 3826 mile
2097 3768 2180 3825 cst
2221 3769 2572 3841 apostolicum
2600 3768 2729 3823 illud
2756 3768 2957 3824 dictum
2985 3768 3339 3840 {Mortiﬁcate
3364 3790 3523 3828 mem-

1926 3843 2016 3896 bra
2042 3850 2225 3907 vestra,
2266 3855 2381 3911 quae
2412 3849 2536 3911 sunt
2560 3855 2714 3911 super
2743 3849 2951 3903 terram,
2985 3843 3393 3909 forrdcationem.
3428 3846 3526 3897 im-

1925 3912 2227 3967 munditiam
2251 3909 2575 3976 ,‘libidinem,
2606 3910 2795 3963 malam
2824 3912 3302 3978 concupiscentiam,
3325 3923 3374 3966 et
3402 3930 3525 3967 uva-

1924 3985 2117 4046 ritiam,
2145 3992 2363 4053 quaest
2383 3980 2641 4053 idolorum
2671 3980 2885 4053 servitus
2918 3980 3066 4052 (Col.
3096 3982 3149 4037 ὅ.
3192 3984 3273 4053 5).
3302 3984 3369 4039 Et
3394 4000 3523 4039 rur-

1926 4069 2018 4109 sus
2048 4072 2060 4107 :
2086 4051 2211 4107 Cum
2246 4052 2447 4107 Christo
2489 4051 2642 4106 simul
2682 4051 2957 4117 cruciﬁxus
3005 4068 3138 4105 sum.
3196 4051 3317 4108 Vivo
3358 4067 3528 4108 autem

1917 4125 2031 4193 jam
2057 4140 2158 4177 non
2179 4140 2291 4195 ego,
2318 4124 2436 4195 vivit
2459 4138 2573 4195 vero
2587 4121 2650 4195 in
2687 4138 2784 4195 nte‘
2796 4121 3026 4176 Christus
3052 4121 3196 4193 (Gal.
3222 4124 3276 4179 2.
3304 4120 3387 4177 19.
3412 4122 3525 4194 20).

1928 4190 1992 4250 Ut
2017 4195 2160 4250 enim
2190 4190 2255 4255 is,
2283 4193 2371 4265 qui
2400 4192 2450 4246 in
2494 4190 2668 4265 lapide
2700 4191 2902 4265 inﬁxus
2935 4202 3039 4260 est,
3056 4190 3175 4265 inon
3204 4203 3380 4265 potest
3408 4190 3525 4249 nn}-

1924 4268 2034 4319 veri
2062 4281 2076 4329 ;
2108 4266 2177 4318 ita
2227 4279 2327 4319 nec
2354 4264 2397 4317 is
2422 4302 2437 4328 ,
2467 4264 2554 4332 qui
2587 4263 2781 4317 timore
2813 4263 2905 4317 Dei
2934 4263 3241 4333 centigitur,
3269 4281 3300 4319 a
3331 4268 3462 4319 timo
3495 4268 3536 4320 (ε’

1926 4337 2018 4390 Dei
2044 4336 2305 4405 separari.
2349 4336 2419 4387 At
2465 4347 2651 4405 rtusus
2680 4333 2820 4387 idem
2848 4336 3123 4401 apostolus
3165 4338 3243 4389 ait
3272 4354 3284 4389 :
3316 4335 3524 4405 (ἐπειὸῃο

1925 4404 2119 4473 corpus
2138 4422 2303 4459 meum
2332 4414 2377 4458 et
2401 4405 2453 4457 in
2479 4404 2765 4476 servitutem
2791 4405 2989 4476 redigo,
3020 4422 3082 4458 ne
3100 4408 3227 4476 cum
3246 4408 3363 4459 aliis
3387 4404 3521 4476 pta:-

1924 4478 2180 4540 dicavero,
2209 4476 2319 4546 ipse
2334 4474 2576 4547 reprobus
2597 4474 2785 4543 e/ﬁct'ar
2802 4476 2851 4543 (1
2868 4514 2880 4526 .
3054 4475 3234 4547 9.27).
3256 4478 3347 4530 121
3363 4474 3527 4531 {Fc-ci

1914 4547 2171 4616 judicium
2220 4544 2266 4601 et
2300 4544 2593 4614 justitiam;
2646 4561 2749 4598 non
2803 4546 2977 4599 tradas
3032 4546 3129 4599 me“
3152 4544 3521 4602 calumnianti-

1922 4618 2014 4670 bus
2044 4633 2141 4669 me.

1994 4688 2046 4741 7.
2088 4686 2259 4749 Tuas,
2295 4684 2502 4757 inquit,
2532 4684 2681 4755 sequi
2722 4685 2865 4757 leges
2892 4700 3012 4741 cum
3054 4686 3425 4757 decreverim,
3452 4704 3524 4745 ne

1923 4756 2167 4812 hostibus
2189 4764 2345 4823 captu
2376 4756 2542 4810 tat-itis
2568 4758 2811 4810 evadam.
2838 4758 2968 4823 Quis
2992 4773 3122 4813 vero
3150 4775 3292 4813 nunc
3320 4756 3521 4814 tantam

1921 4828 2118 4881 attinnt:
2151 4828 2432 4895 puritatem
2478 4826 2635 4880 habet
2661 4869 2674 4887 ,
2721 4837 2777 4881 ut
2817 4842 2941 4882 cum
2985 4829 3173 4882 ﬁducia
3218 4832 3300 4883 his
3342 4842 3525 4883 utatur

1922 4896 2146 4952 verbis?
2194 4898 2285 4950 llis
2333 4898 2496 4951 etiam
2536 4896 2748 4950 divinus
2790 4898 3065 4967 apostolus
3111 4899 3303 4953 similia
3343 4899 3523 4956 dixit:

1926 4967 2067 5021 Nam
2111 4968 2282 5037 gloria
2324 4976 2497 5021 nostra
2526 4967 2650 5037 hinc
2696 4978 2806 5031 est,
2840 4969 3177 5022 testimonium
3207 4972 3525 5025 conscientia

1922 5036 2155 5109 nostraet
2174 5040 2227 5092 2.
2253 5038 2375 5109 Cor.
2402 5040 2452 5091 1.
2479 5036 2547 5109 12
2566 5039 2626 5109 ).A
2650 5037 2872 5109 Magnus
2900 5043 3005 5109 qui
3034 5041 3156 5095 talia
3203 5043 3368 5109 possit
3398 5057 3522 5097 eum

1922 5109 2034 5163 Deo
2060 5107 2224 5179 loqui.
2259 5108 2360 5161 Per
2385 5107 2512 5161 illud
2542 5107 2719 5173 enim,
2749 5107 2873 5181 Feci
2888 5108 3145 5178 judicium
3173 5107 3220 5164 et
3239 5112 3515 5181 justitiam,

1927 5176 2172 5251 omnium
2219 5180 2503 5251 virtutum_
2535 5185 2591 5233 et
2650 5176 3023 5251 mandatorum
3075 5176 3518 5251 exsequutionem

1923 5249 2234 5317 complexus
2264 5258 2369 5302 est.
2412 5246 2541 5319 lnde
2568 5249 2832 5317 supplicat
2859 5264 2963 5319 non
2992 5251 3125 5304 tradi
3176 5246 3515 5319 hédentihtts,

1923 5319 2170 5389 malignis
2200 5317 2532 5389 dtemonibus
2552 5359 2568 5383 ,
2602 5318 2997 5389 irrationalibus
3026 5320 3287 5387 motibus,
3315 5317 3523 5376 inordi-

1924 5387 2075 5443 natis
2092 5387 2525 5458 cogitationibus.
2559 5388 2682 5442 ηε.
2713 5388 2928 5458 Suscipe
2958 5406 3155 5443 servum
3181 5399 3319 5441 tuum
3349 5394 3402 5444 in
3432 5396 3523 5448 bo-

1923 5475 2067 5529 num.
2114 5457 2667 5529 symmachusjero,
2699 5457 2915 5529 Suscipe
2957 5476 3036 5512 me
3070 5475 3270 5512 servum
3294 5471 3436 5513 tuum
3468 5464 3525 5519 in

1922 5528 2129 5599 bonum.
2159 5527 2352 5598 Aquila
2386 5538 2441 5583 et
2465 5527 2787 5594 Theodotio,
2816 5527 3101 5599 Fidejube;
3132 5545 3197 5587 ac
3220 5530 3265 5583 si
3294 5532 3522 5598 diceret,

1922 5598 2120 5654 Verum
2150 5599 2271 5652 dico
2292 5640 2307 5663 ,
2330 5613 2445 5669 non
2474 5600 2740 5663 mentior;
2786 5598 2946 5653 crede
2984 5615 3147 5653 servo
3178 5610 3269 5655 tuo
3294 5604 3523 5669 promit-

1924 5673 2055 5724 tenti
2086 5689 2099 5723 :
2130 5670 2243 5740 ipse
2273 5668 2653 5740 tidejussor-sis
2671 5670 3042 5737 promissionis
3067 5686 3222 5731 metu,
3250 5668 3371 5740 quia
3404 5684 3524 5728 tuas

1921 5740 2067 5809 leges
2112 5738 2331 5807 iiitplerc
2374 5738 2587 5793 studeo.
2636 5739 2857 5808 Suscipe
2886 5756 2993 5803 mc,
3045 5738 3299 5795 Domine.
3328 5746 3434 5799 ait.
3467 5754 3524 5799 ot

1923 5810 2083 5868 crede
2114 5825 2271 5865 servo
2298 5817 2427 5876 tuo,
2472 5823 2535 5865 ac
2567 5809 2847 5879 tidcjussor
2889 5826 3040 5865 incus
3084 5811 3159 5864 sis
3201 5813 3250 5867 in
3295 5810 3531 5879 bonum,
