4198 6494
654 508 760 561 τετε

654 618 805 689 plicia
835 613 1043 682 quidem
1074 608 1190 664 illos
1218 607 1463 675 invadere
1488 603 1615 689 dicit
1634 642 1650 666 ,
1682 616 1775 656 eos
1802 599 2232 689 neinpequine-

652 674 868 756 quitiam
892 688 1262 756 per-petrarum
1280 718 1294 743 ,
1326 674 1729 756 Oppi-obviorum
1751 678 1925 756 aptent
1949 674 2070 756 ipse
2098 682 2231 756 quo-

651 741 756 825 que
797 741 917 807 cum
959 741 1074 825 illis
1091 741 1351 825 particeps
1366 741 1497 825 esse
1538 744 1747 825 dicitur.
1775 741 1904 825 Sive
1928 741 2079 825 genitu.
2104 751 2232 825 prof

656 807 812 895 pheta
840 830 1013 885 esset,
1043 807 1109 874 de
1135 807 1312 895 iis_qui
1338 813 1666 895 prophetiam
1698 825 1801 891 non
1841 807 2191 895 adiungebant
2218 824 2232 859 :

652 878 768 949 sive
797 878 1046 945 sacerdos
1074 932 1086 950 ,
1119 889 1185 942 de
1214 878 1279 941 iis
1305 878 1393 955 qui
1424 878 1489 935 ab
1521 885 1635 951 ipso
1662 881 1829 955 sacris
1860 878 2229 955 initiabantur,

654 947 953 1029 deindeque
982 947 1151 1027 iniqua
1185 947 1433 1029 ageuies,
1468 947 1585 1029 ideo
1626 947 2235 1029 pttniebatttttr.,_ertthe-

653 1033 851 1087 scebat.
872 1018 979 1085 Ερά
1000 1018 1309 1097 quibusnam
1339 1025 1521 1097 vicinis
1547 1018 1820 1097 probrosi,
1843 1029 1896 1074 cl
1918 1018 2232 1097 quibusnam

650 1085 964 1154 iiiicircuitu
994 1085 1042 1150 iii
1084 1096 1313 1150 derisum
1355 1103 1406 1146 et
1446 1085 1911 1145 subsannatiouem
1937 1085 2103 1143 crant
2140 1085 2235 1140 Ju-

650 1171 793 1223 dwi?
820 1169 975 1222 Clare
1004 1167 1130 1219 dicit
1155 1162 1483 1216 dmmonibus
1503 1204 1516 1226 ,
1547 1162 1633 1230 qui
1662 1162 1730 1214 ob
1760 1159 2046 1228 nequitiam
2079 1155 2233 1209 vicini

653 1251 775 1295 sunt
817 1238 1118 1292 Iudaeorum
1145 1252 1157 1286 :
1189 1235 1240 1286 in
1285 1234 1503 1286 circuitu
1541 1240 1715 1284 autem
1754 1242 1935 1282 eorum
1964 1234 2120 1287 sunt,
2144 1235 2235 1295 iut-

656 1294 777 1378 pote
813 1308 902 1377 qui
931 1305 1165 1378 quotidie
1193 1304 1319 1378 ipsis
1349 1303 1678 1378 insidientur.
1711 1300 1765 1353 5.
1800 1297 2065 1378 [isqueqtio
2085 1336 2099 1359 ,
2133 1294 2238 1378 Do-

655 1367 1076 1439 inine,'irasceris
1112 1390 1165 1426 tn
1204 1367 1353 1440 ﬁnem
1377 1414 1390 1437 ρ
1423 1370 1718 1423 accendetur
1756 1367 1892 1422 velut
1932 1368 2061 1440 ignis
2100 1367 2237 1440 scius

656 1434 816 1503 tuus?
842 1446 991 1500 Hunc
1020 1446 1109 1497 lict
1140 1434 1308 1497 zelum
1342 1434 1548 1511 Moyses
1576 1440 1846 1509 legislator
1873 1434 1994 1511 erga
2024 1434 2237 1511 Indicos

658 1517 899 1585 exposuit
924 1534 936 1568 :
968 1516 1041 1567 ait
1068 1515 1209 1567 enim
1238 1530 1249 1562 :
1283 1511 1397 1581 Ipsi
1409 1506 1655 1585 inscium
1686 1525 1764 1585 me
1787 1509 2155 1585 concitaverunt
2184 1506 2236 1558 in

660 1576 753 1639 non
778 1586 885 1637 Deo
910 1626 924 1648 ,
950 1585 1270 1637 irritaverant
1299 1576 1377 1634 me
1402 1582 1452 1634 in
1474 1581 1621 1632 idolis
1644 1580 1765 1632 suis.
1794 1576 1859 1630 Et
1885 1592 1974 1648 ego
2002 1577 2054 1648 in
2076 1576 2238 1648 zelum

656 1644 920 1709 concitabat
948 1670 1059 1707 eum
1084 1654 1137 1706 in
1162 1669 1260 1706 non
1292 1661 1466 1718 gente,
1494 1660 1540 1701 et
1578 1652 1629 1701 in
1668 1658 1813 1718 gente
1840 1644 1996 1718 stulta
2032 1644 2237 1718 irritabo

653 1726 770 1779 illos
804 1724 985 1798 (Deut.
1017 1723 1103 1778 '52.
1132 1724 1197 1777 21
1225 1724 1262 1789 ).
1292 1710 1503 1798 Deinde
1527 1720 1608 1772 his
1625 1710 1849 1798 subjici}.
1874 1735 1902 1798 ε.
1931 1716 2075 1798 Ignis
2123 1730 2238 1767 suc-

653 1788 832 1849 census
858 1804 927 1848 cst
954 1794 1003 1845 in
1023 1798 1193 1864 [urore
1216 1788 1322 1845 meo
1345 1788 1364 1861 (
1386 1789 1521 1864 ibid.
1550 1805 1596 1841 ιι.
1624 1788 1694 1841 22
1712 1788 1757 1864 _l.
1807 1788 1938 1854 Quin
1966 1788 2121 1855 igitur
2146 1800 2235 1864 2c:

654 1865 737 1919 Ius
781 1874 962 1919 contra
1018 1860 1229 1917 Judmos
1280 1860 1511 1925 gentium
1556 1860 1884 1912 vocationem
1942 1860 2239 1925 procuravit

655 1935 765 2056 git
809 1934 948 1988 enim
986 1931 1221 1996 Paulus,
1265 1926 1407 1985 Sicut
1438 1945 1523 1982 vos
1565 1928 1840 1997 aliquando
1879 1943 1977 1979 non
2008 1926 2238 1978 obcdistis

709 2020 764 2056 eo
781 2044 794 2056 .
827 2019 961 2055 nunc
984 2013 1149 2054 autem
1174 2000 1566 2055 misericordiam
1589 1997 1877 2056 consequuti
1899 1997 2014 2049 estis
2034 1996 2238 2048 illorum

709 2020 764 2056 eo
781 2044 794 2060 .
827 2019 961 2055 nunc
984 2013 1149 2054 autem
1174 2000 1566 2069 misericordiam
1589 1996 1877 2069 consequuti
1899 1997 2014 2061 estis
2034 1996 2239 2048 illorum

654 2073 987 2127 inobedientia
1030 2069 1048 2142 [
1070 2070 1216 2124 Rom.
1245 2072 1329 2142 II.
1438 2067 1457 2140 ]
1479 2086 1491 2132 ;
1517 2078 1568 2122 et
1589 2065 1792 2142 rursus,
1815 2065 2013 2142 Lapsus
2032 2080 2204 2119 eorum
2221 2104 2235 2125 ,

654 2149 847 2207 nempe
874 2136 1209 2201 luda‘orum,
1256 2136 1652 2192 divitior—mundi
1676 2178 1692 2201 ,
1733 2148 1777 2189 et
1821 2136 1991 2189 clades
2031 2152 2234 2207 eorum,

654 2205 841 2266 divitia
865 2212 1081 2287 gentium
1110 2210 1277 2282 [Ibid.
1310 2226 1354 2263 v.
1382 2209 1468 2262 Il.
1500 2207 1644 2280 12]),
1676 2207 1978 2287 necessario
2006 2205 2238 2275 prophe-

658 2291 707 2335 ta
736 2273 958 2350 quteFit,
992 2273 1263 2349 uSqticquo
1282 2320 1297 2344 ,
1327 2289 1381 2332 et
1409 2294 1534 2333 num
1566 2273 1730 2350 usque
1760 2278 1810 2329 in
1841 2273 2237 2350 ﬁncm'inausu-

658 2346 847 2406 rus-sit
869 2352 1031 2404 iratus
1059 2346 1109 2404 in
1139 2346 1351 2405 ludacos
1376 2368 1388 2401 :
1420 2350 1502 2403 cui
1533 2348 1759 2416 Spiritus
1783 2347 1890 2414 per
1910 2346 2126 2400 Paulum
2155 2359 2239 2398 re-

656 2422 881 2489 Spondet
913 2438 925 2473 :
962 2421 1177 2487 Quando
1222 2419 1477 2486 plenitudo
1510 2416 2237 2489 gentium“ingressajncrit,

646 2483 774 2551 tunc
801 2483 1153 2545 ontniswlsrael
1177 2483 1450 2544 salvabitur
1474 2483 1632 2560 (Ibid.
1653 2503 1700 2540 v.
1719 2486 1806 2541 9.5.
1822 2485 1934 2558 9.6).
1950 2483 2243 2560 G._E/]'unde

654 2561 785 2613 iram
823 2571 959 2613 tuam
994 2561 1044 2612 in
1078 2570 1244 2630 gentes
1272 2575 1383 2628 qua:
1409 2568 1456 2611 te
1484 2556 1593 2611 non
1622 2567 1861 2630 noverunt
1873 2556 1901 2621 ,⁷
1916 2564 1960 2608 et
2000 2556 2052 2606 in
2086 2571 2241 2630 regna

654 2646 965 2700 qututomen
991 2624 1130 2683 tuuin
1156 2644 1256 2700 non
1280 2624 1651 2700 invocaverunt.
1682 2624 2239 2700 7._Quia_comcde_runt

655 2695 853 2764 Jacob,
898 2710 945 2753 et
988 2700 1150 2752 locum
1193 2699 1301 2769 ejus
1342 2697 1711 2769 destilaverunt.
1742 2695 1857 2750 Non
1885 2696 1953 2769 de
1994 2695 2240 2769 omnibus

657 2784 786 2839 ergo
811 2769 1055 2839 gentibus
1087 2764 1317 2836 loquitur
1344 2785 1357 2819 :
1392 2765 2115 2839 ideoqueinterpunctiunetn
2144 2764 2242 2839 ad:

659 2833 847 2898 bihuii.
876 2839 1056 2893 Gentes
1081 2833 1267 2892 dicens
1294 2852 1397 2891 non
1424 2833 1882 2890 ituliscrimiuatim
1910 2850 2117 2899 omnes,
2146 2833 2239 2888 scd

659 2924 750 2963 eas
770 2951 783 2971 ,
816 2909 941 2973 Quae
959 2918 1006 2963 te
1027 2925 1126 2961 non
1151 2918 1411 2961 noverunt.
1442 2906 1548 2960 Nos
1573 2916 1747 2960 autent
1772 2906 2042 2973 novimus,
2072 2914 2124 2959 ct
2146 2921 2241 2957 uo-

659 2994 777 3032 tuen
818 2972 904 3032 Dei
939 2981 1232 3032 invocatum
1262 2986 1342 3030 est
1368 2993 1529 3047 super
1554 2990 1649 3028 nos
1670 2976 1891 3047 (ωλι.
1917 2972 1973 3047 9)
1995 2994 2007 3028 :
2027 2974 2241 3047 sedne-

659 3063 763 3118 que
791 3048 954 3102 Iacob
981 3048 1307 3102 comedimus
1334 3065 1348 3101 :
1382 3045 1721 3118 nequeenim
1764 3046 2079 3118 blasplicnia
2099 3045 2239 3099 dicta

659 3114 750 3171 aut
798 3119 1141 3172 contumelias
1182 3118 1233 3169 in
1282 3132 1402 3171 eum
1450 3114 1962 3185 proferimus,qnod
2013 3115 2238 3183 idipsum

660 3202 780 3242 esse
817 3188 956 3255 quod
988 3186 1268 3241 comedere
1299 3186 1491 3240 Paulus
1518 3186 1843 3239 declaravit:
1878 3184 1938 3239 Si
1967 3193 2131 3238 autem
2162 3187 2242 3238 in-

658 3263 811 3310 vicem
840 3258 1075 3311 mordetis
1098 3266 1143 3309 et
1167 3258 1413 3311 devoratis
1432 3298 1446 3320 ,
1480 3257 1637 3308 videte
1664 3273 1723 3309 ne
1744 3257 1806 3309 ab
1828 3256 2032 3309 invicem
2058 3271 2241 3308 consu-

657 3328 866 3379 mamini
911 3333 926 3393 (
950 3327 1066 3380 ϐαι.
1090 3327 1142 3381 5.
1169 3327 1233 3380 15
1252 3327 1304 3389 );
1333 3342 1504 3394 neque
1531 3327 1701 3378 locum
1730 3326 1844 3393 ejus
1865 3325 2199 3379 dcvastamus
2222 3340 2236 3376 :

657 3397 923 3464 quomodo
953 3399 1091 3451 enim
1137 3396 1186 3450 id
1234 3399 1351 3458 liat,
1396 3411 1514 3449 cum
1545 3396 1734 3464 singuli
1772 3412 1891 3449 eum
1932 3404 1984 3447 ιιι
2019 3394 2238 3464 patriam

657 3482 992 3521 communem
1016 3482 1110 3535 pro
1135 3466 1347 3535 sneeiali
1378 3470 1633 3534 cujusque
1654 3464 1991 3519 adscribam?
2014 3464 2126 3518 Non
2150 3480 2239 3518 er-

657 3551 727 3605 go
753 3538 902 3589 nobis
928 3537 1185 3607 propheta
1214 3536 1517 3597 maledixit,
1544 3535 1640 3607 scd
1664 3536 1841 3607 iisqui
1871 3536 1920 3588 in
1943 3535 2237 3607 ignorantia

659 3605 999 3673 manserunt,
1030 3616 1084 3660 et
1113 3621 1305 3660 nomen
1346 3607 1492 3675 regni
1539 3606 1630 3659 Dei
1662 3606 1945 3659 noluerunt
1972 3605 2235 3675 adipisci:

656 3676 999 3745 quamobrem
1042 3677 1111 3729 illi
1154 3673 1575 3730 maledictiouem
1622 3676 2013 3743 pertimescant.
2057 3675 2109 3729 8.
2157 3673 2239 3729 Ne

657 3747 938 3800 memineris
965 3748 1285 3814 iniquitatum
1317 3756 1602 3799 nostrarum
1630 3746 1971 3815 antiquarunt.
2002 3746 2237 3812 Quomo-

655 3816 725 3870 do
754 3816 893 3870 enim
931 3817 1236 3870 satisfacere
1268 3818 1552 3883 poterimus
1595 3830 1689 3883 pro
1729 3816 1881 3869 malis
1917 3816 2147 3885 antiquis
2185 3826 2239 3869 et

658 3887 840 3939 novis?
869 3884 1025 3940 Forte
1052 3901 1181 3940 vero
1208 3888 1460 3954 pmpbela
1491 3886 1791 3955 iniquitates
1817 3884 2062 3955 antiquas
2083 3894 2239 3940 vocat

655 3970 748 4010 eas
768 3971 883 4025 qua:
907 3957 956 4009 in
983 3956 1198 4009 deserto
1222 3956 1465 4011 admissa:
1487 3954 1635 4009 fuere
1659 3973 1671 4009 :
1700 3955 1820 4025 quia
1846 3954 2099 4009 adversus
2121 3956 2237 4010 illas

656 4025 836 4079 audtis
886 4025 1153 4094 variisque
1204 4027 1702 4082 eumminationibus
1751 4040 1876 4079 usus
1921 4034 2002 4080 est
2054 4026 2232 4080 Deus:

652 4104 974 4164 quapropter
1009 4110 1193 4149 eorum
1235 4096 1653 4149 recordationem
1683 4096 1888 4149 metuit.
1918 4094 2029 4150 Cito
2053 4097 2233 4149 antici-

656 4178 768 4233 pent
794 4183 883 4217 nos
905 4165 1260 4236 misericordiae
1278 4174 1408 4229 tute,
1435 4165 1649 4219 Domine
1668 4206 1683 4229 ,
1704 4166 1822 4236 quia
1849 4182 2091 4235 pauperes
2115 4168 2235 4235 [acti

652 4252 828 4288 sumus
858 4235 1025 4289 nimis.
1043 4235 1197 4307 _Nibil
1227 4236 1294 4289 ita
1325 4250 1607 4307 pauperem
1641 4235 1907 4307 hominem
1934 4236 2150 4307 exhibet
2180 4247 2235 4290 ιιι

589 4354 605 4372 ,
652 4314 961 4375 peccatum;
992 4304 1166 4359 adhuc
1186 4316 1360 4360 autem
1387 4304 1665 4374 pauperior
1685 4304 1942 4371 efﬁcitur,
1966 4322 2083 4360 cum
2108 4304 2235 4375 pec-

650 4385 769 4428 cato
789 4376 1031 4444 adjicitur
1052 4376 1310 4444 impietas.
1336 4375 1671 4445 Quapmpter
1690 4377 1755 4431 ad
1778 4376 1835 4429 de
1854 4377 1959 4429 cito
1978 4378 2234 4432 accedere

652 4445 1021 4498 miserationes
1050 4445 1137 4498 Dei
1165 4445 1495 4512 supplicant,
1521 4461 1588 4498 ne
1608 4446 1677 4499 ob
1696 4456 1985 4500 extremam
2010 4462 2234 4515 pauper-

653 4528 811 4566 tatem
840 4515 1183 4581 desperantes
1209 4516 1259 4567 in
1300 4516 1585 4583 perniciem
1621 4525 1763 4571 eant.
1795 4515 1847 4570 9.
1878 4515 2079 4583 Adjuva
2111 4534 2229 4581 nos,

653 4584 790 4637 Deus
817 4583 1054 4655 salutaris
1076 4594 1272 4655 noster;
1301 4595 1502 4654 prapter
1520 4584 1735 4655 gloriam
1757 4586 1970 4639 nominis
1996 4587 2100 4650 tui,
2130 4587 2232 4641 Do-

650 4655 815 4725 mine,
844 4654 1005 4725 libera
1022 4670 1130 4707 nos.
1160 4654 1328 4723 Prope
1354 4656 1421 4707 ad
1454 4654 1545 4708 Dei
1570 4657 1792 4725 gloriam
1817 4656 2071 4723 propheta
2104 4673 2230 4710 cou-

649 4724 780 4789 l‘ugit
803 4738 818 4787 ;
850 4724 1099 4795 quoniam
1120 4725 1350 4792 justitias
1373 4726 1549 4793 populi
1576 4724 1829 4779 exhibere
1855 4742 1959 4778 non
1988 4735 2226 4795 p‘itcrat;

646 4804 855 4866 estque
875 4794 1037 4861 gloria
1069 4794 1295 4866 nominis
1328 4795 1416 4849 Dei
1466 4806 1772 4863 peccatores
1802 4794 2039 4850 miserari
2066 4814 2077 4849 :
2108 4799 2226 4866 quia

650 4866 761 4924 ipse
790 4864 1139 4936 misericors:
1159 4865 1438 4919 miserator
1472 4875 1525 4918 et
1554 4866 1871 4936 longanimis
1897 4866 2109 4929 dicitur.
2126 4864 2228 4922 iAit

647 4935 787 4987 cuitu
814 4934 1023 5004 Moyses
1049 4951 1061 4985 :
1092 4931 1157 4985 Et
1184 4936 1373 4987 vocavit
1403 4936 1454 4987 in
1480 4931 1679 4989 nomine
1702 4935 1941 5000 Domini,
1975 4946 2019 4989 et
2064 4950 2226 4989 trans-

647 5005 732 5055 ivit
754 5014 870 5057 ante
889 5005 1065 5071 faciem
1086 5005 1217 5068 ejus,
1240 5016 1285 5056 et
1305 5007 1514 5067 vocavit,
1541 5004 1806 5070 Dominus,
1829 5006 2073 5061 Dominus
2091 5008 2227 5062 Dens

647 5076 909 5127 miserator
934 5084 979 5127 et
1009 5074 1317 5144 migericors,
1345 5075 1645 5144 longanimis
1669 5086 1716 5129 et
1746 5077 1916 5131 multat
1941 5079 2222 5131 miscricor-

643 5145 747 5197 dite
774 5154 821 5198 et
852 5159 1001 5197 verax
1029 5142 1234 5215 (Exod.
1263 5145 1349 5199 54.
1382 5142 1452 5215 6)
1478 5184 1491 5198 .

713 5301 766 5353 5.
798 5298 983 5354 Vidcn‘
1005 5313 1124 5353 cum
1148 5298 1245 5353 bas
1266 5298 1331 5353 ad
1361 5298 1627 5354 Christum
1652 5315 1833 5356 nreces
1856 5299 2095 5354 fundere.
2127 5301 2221 5356 Ille

641 5373 836 5441 quippe
860 5386 962 5441 non
986 5370 1144 5422 modo
1167 5369 1303 5441 licus
1323 5378 1431 5436 est,
1455 5370 1545 5423 sed
1573 5382 1623 5441 et
1646 5369 1896 5425 Servator
1924 5376 2102 5439 utique
2131 5389 2219 5422 vu-

640 5438 826 5495 c'atur:
863 5440 975 5501 ipse
1003 5449 1078 5493 cst
1116 5438 1278 5508 gloria
1311 5440 1539 5494 nominis
1577 5440 1666 5493 Dei
1688 5481 1703 5505 ,
1738 5441 1979 5495 videlicet
2012 5438 2215 5497 Patris:

640 5510 980 5580 quamobrem
1012 5511 1174 5580 illum
1224 5509 1413 5563 Paulus
1461 5511 1794 5578 splendorem
1826 5512 2006 5580 gloria:
2051 5512 2219 5568 Patris

577 5628 581 5631 .
642 5579 1211 5650 appellavitﬂicbral.
1238 5582 1323 5649 5).
1349 5580 1630 5649 chuentia
1672 5579 2083 5650 porro'arguunt
2107 5584 2218 5639 ha-c

643 5651 708 5704 tle
737 5650 951 5703 Christo
977 5651 1099 5703 dici.
1135 5649 1200 5701 Et
1228 5652 1471 5718 propitius
1501 5660 1604 5702 esto
1631 5654 1844 5718 peccatis
1868 5649 2046 5705 nostris
2093 5671 2212 5721 pro-

648 5731 766 5792 pter:
782 5737 957 5772 nomen
998 5730 1179 5792 litum;
1214 5721 1290 5775 I0.
1323 5737 1383 5772 ne
1418 5726 1547 5791 forte
1571 5722 1737 5773 dicant
1767 5722 1815 5773 in
1847 5725 2092 5792 gentibus,
2123 5724 2219 5777 Ubi

643 5803 711 5843 est
742 5788 874 5841 Deus
900 5792 1110 5843 eorum?
1140 5791 1203 5843 Ει
1249 5788 1519 5856 οιιῇυάθεῑ
1565 5805 1660 5857 per
1706 5788 1972 5859 proprium
2024 5811 2215 5849 ttuutctt

646 5864 867 5934 parcatis
899 5860 1179 5934 propitium
1194 5876 1323 5934 esse
1345 5861 1485 5934 ,_ni_si
1513 5860 1739 5924 Christi,
1771 5865 1856 5930 qui
1892 5864 2008 5916 ideo
2039 5869 2216 5934 propi-

643 5930 906 5984 tiatoriqu
941 5930 1208 6001 pgssidet?
1240 5930 1333 5983 llic
1362 5930 1664 5984 ιίιιιιίιειηηιιιι
1697 5934 1928 5999 peccatis
1961 5930 2208 6001 propitia-

642 6004 839 6054 tionem
865 5999 1161 6054 toni-iliavit
1179 6041 1194 6062 .
1223 6016 1342 6055 cunt
1369 6001 1652 6055 cruciﬁxus
1679 6001 1819 6058 Patri
1840 5999 2006 6058 dixit:
2042 5999 2213 6074 Pater,

2167 484 2433 541 secuta.

3770 102 3779 105 -
3846 102 3859 119 ,ν
3882 102 3993 123 ηι-ῖιινεηιῖ

3817 481 3915 540 ’31

2340 598 2532 669 dimitte
2551 598 2650 669 illis
2674 613 2694 661 ,'
2714 614 2813 669 non
2834 598 2965 650 enim
2988 599 3151 669 sciunt
3171 599 3293 668 quid
3308 599 3500 669 faciunt
3522 600 3541 663 ζ
3562 596 3781 669 Lycﬁﬁ.
3804 596 3915 660 δι).

2342 668 2466 723 Ideo
2494 667 2687 723 Paulus
2726 667 2794 721 de
2825 669 2912 720 illo
2950 669 3061 722 ait:
3098 667 3254 735 Quem
3294 667 3551 736 proposuit
3580 667 3719 722 Deus
3744 672 3915 737 propi-

2340 738 2594 790 tiatorium
2618 754 2706 806 per
2729 738 2879 805 ﬁdem
2916 739 2968 791 in
2998 739 3119 807 ejus
3148 740 3437 808 sanguinem
3455 780 3469 797 .
3512 739 3564 790 in
3592 739 3921 792 ostensioaerss

2332 808 2547 876 justitite
2574 809 2764 877 ipsius,
2795 809 2846 859 in
2888 809 3226 861 remissionem
3270 809 3651 875 pt-tecedentium
3692 819 3917 876 peccato-

2341 894 2451 930 rum
2504 878 2686 942 (Rom.
2736 878 2787 931 3.
2832 877 2903 932 15
2933 877 2973 947 ).
3032 878 3349 946 Propitiatur
3391 892 3565 931 autem
3613 878 3917 933 Judmorum

2342 949 2603 1017 peccatis,
2633 962 2736 1000 non
2770 959 2985 1019 prepter
3021 947 3162 1015 ipsos
3192 950 3360 1019 solum
3384 988 3397 1009 .
3440 949 3531 1019 sed
3564 950 3729 1001 multo
3758 950 3919 1019 magis

2342 1028 2559 1086 propter
2582 1027 2766 1083 gentes
2792 1037 2805 1071 :
2837 1033 2904 1071 ne
2930 1017 3065 1072 forte
3094 1019 3183 1071 Dei
3213 1018 3545 1073 clementiam
3576 1017 3879 1085 ignorantes
3899 1059 3916 1081 ,

2341 1089 2555 1142 dicant:
2587 1086 2683 1141 Ubi
2705 1097 2774 1141 est
2806 1087 2941 1142 Deus
2965 1088 3179 1141 eorum!
3200 1098 3253 1141 et
3282 1104 3345 1143 ex
3391 1090 3681 1157 ignorantia
3723 1088 3915 1154 impin-

2342 1166 2498 1224 gaut;
2546 1159 2637 1212 sed
2682 1168 2739 1211 ut
2785 1160 2833 1211 id
2879 1166 3263 1226 cognoscentes
3319 1159 3386 1211 ab
3426 1159 3609 1211 eadem
3640 1158 3919 1213 clementis

2301 1278 2307 1285 .
2342 1229 2621 1293 dtu-antur,
2641 1238 2695 1281 et
2720 1228 3040 1283 suadeautur
3062 1244 3181 1282 cum
3210 1243 3401 1297 magno
3420 1228 3596 1283 studio
3619 1243 3917 1292 accurrere,

2342 1307 2396 1368 et
2420 1298 2643 1351 salutem
2675 1298 2947 1368 consequi.
2975 1299 3103 1364 Quae
3132 1310 3425 1367 seQuuutur
3452 1310 3626 1352 autem
3657 1298 3738 1351 Itis
3762 1299 3923 1353 dictis

2345 1367 2500 1420 ﬁdem
2529 1368 2739 1439 facient.
2770 1368 2834 1421 Et
2861 1367 3052 1421 sciatur
3074 1370 3126 1421 in
3155 1370 3380 1439 gentibus
3422 1385 3590 1422 coram
3631 1368 3792 1422 oculis
3831 1383 3920 1421 Io-

2342 1439 2459 1509 stris
2487 1438 2611 1491 ultio
2650 1441 2909 1509 sanguinis
2950 1438 3203 1493 servorum
3248 1448 3446 1492 tuorum
3486 1440 3573 1505 qui
3609 1439 3798 1504 effusus
3826 1448 3916 1491 est.

2342 1507 2515 1574 Quare
2545 1508 2655 1562 vult
2682 1507 2858 1564 notam
2891 1525 3010 1564 esse
3034 1509 3277 1575 gentibus
3306 1509 3598 1563 ultionem?
3634 1510 3765 1577 Quia
3812 1510 3923 1563 ulze-

2342 1593 2529 1632 manas
2556 1579 2914 1634 debellaturus
2938 1588 3053 1633 erat
3074 1620 3087 1639 ,
3132 1579 3219 1647 qui
3249 1580 3556 1647 sanguinem
3578 1620 3593 1642 ,
3624 1581 3675 1633 id
3697 1589 3780 1633 est
3803 1580 3921 1632 ani-

2345 1663 2457 1700 mas
2499 1664 2771 1702 servorum
2818 1650 3169 1715 Dei,scilicet
3197 1649 3527 1712 Judatorum,
3561 1665 3653 1717 per
3696 1650 3921 1703 idolola-

2347 1719 2497 1771 triaui
2521 1718 2980 1773 labefactavcrant.
3004 1722 3254 1784 Quanam
3279 1728 3452 1773 autem
3480 1719 3608 1772 ultio
3628 1721 3780 1773 erat?
3803 1719 3921 1774 Ido-

2345 1791 2514 1844 lorum
2545 1791 2753 1843 eversio
2773 1832 2787 1853 ,
2834 1789 3213 1844 diaboliccirum
3246 1789 3558 1857 templorum
3586 1789 3919 1857 incendium,

2344 1860 2482 1929 quod
2514 1868 2636 1913 ante
2680 1860 2862 1914 oculos
2905 1860 3205 1915 Judmornm
3236 1859 3541 1927 perficitur:
3574 1861 3751 1912 vident
3779 1863 3919 1914 enim

2344 1947 2403 1984 ca
2422 1945 2537 1996 qua:
2556 1940 2889 1999 peraguntur,
2913 1944 3084 1998 neque
3102 1937 3479 1998 cooperantur:
3505 1929 3633 1982 nota
3649 1938 3822 1984 autem
3840 1943 3923 1985 est

2347 2000 2477 2054 ultio
2505 2000 2786 2067 gentibus:
2821 2002 2947 2068 ipsae
2980 2014 3207 2068 namque
3231 2000 3433 2062 sciunt,
3462 2015 3564 2068 qua
3596 2016 3751 2053 manu
3774 2041 3786 2055 .
3817 2016 3918 2068 qua

2344 2070 2541 2123 virtute
2571 2071 2681 2123 lia-c
2707 2080 2981 2137 patrantur
3003 2084 3065 2123 ac
3096 2079 3445 2138 peraguntur,
3477 2079 3531 2123 et
3558 2070 3697 2124 cruci
3725 2069 3919 2124 Christi

2344 2154 2527 2193 eorum
2552 2140 2639 2208 qui
2665 2140 2763 2197 hoc
2785 2140 2958 2193 vident
2988 2140 3204 2194 exitium
3230 2139 3555 2193 adscribunt.
3582 2140 3667 2193 Η.
3695 2138 3921 2194 lntrocat

2343 2212 2685 2281 inconspectn
2714 2221 2799 2264 tuo
2840 2212 3054 2281 gemitus
3090 2209 3484 2281 compeditorum
3505 2225 3525 2263 :
3554 2210 3664 2281 i‘ion
3704 2226 3921 2281 compe-

2346 2280 2496 2332 dibus
2521 2278 2584 2335 ex
2632 2281 2806 2343 ferro,
2838 2278 2930 2335 sed
2975 2296 3038 2334 ex
3072 2289 3287 2346 peccato
3315 2278 3500 2333 factis:
3542 2278 3742 2334 Catenis
3779 2280 3919 2335 enim

2348 2359 2666 2419 peccatorum
2711 2367 2916 2404 suorum
2953 2351 3291 2419 unusquisque
3328 2350 3590 2419 stringitur
3644 2348 3833 2418 (Prov.
3867 2351 3920 2405 5.

2345 2420 2379 2473 ‘2
2403 2424 2439 2484 ).
2494 2421 2643 2475 Ilunc
2675 2422 2926 2490 gemitum
2956 2420 3006 2473 in
3034 2427 3377 2492 conspectum
3406 2419 3495 2473 Dei
3526 2421 3720 2475 intrare
3751 2431 3918 2492 rugat,

2348 2500 2405 2544 ut
2429 2506 2489 2542 ea
2517 2507 2633 2558 qua“:
2664 2500 2957 2560 sequuntur
2979 2490 3212 2560 nancisci
3240 2490 3461 2560 possint.

2416 2557 2643 2615 Christus
2670 2557 2938 2631 brae/riunt
2966 2559 3158 2613 Patris.
3186 2557 3254 2599 -ἱ
3274 2557 3565 2631 Secundum
3614 2563 3919 2631 magnitudio

2346 2647 2456 2683 nent
2472 2632 2660 2684 brachii
2681 2634 2752 2684 ttti
2768 2629 2967 2701 posside
2985 2631 3117 2697 ﬁlios
3138 2641 3295 2701 morte
3310 2630 3622 2696 alfectorum.
3640 2629 3915 2687 Bracltiutn

2345 2700 2516 2755 Patris
2564 2700 2829 2755 Christum
2858 2702 3036 2753 vocari
3083 2714 3223 2769 sarpe
3269 2700 3655 2755 declaraviuuts
3687 2719 3700 2754 :
3733 2718 3920 2757 secun-

2345 2772 2469 2842 dum
2498 2772 2637 2826 illius
2679 2770 3090 2842 magnitudinem
3111 2812 3125 2834 ,
3152 2769 3397 2825 videlicet
3444 2788 3629 2842 magna
3661 2770 3918 2827 adventus

2347 2841 2465 2909 ejus
2508 2844 2756 2912 mysteria
2786 2881 2801 2905 ,
2830 2856 2948 2911 quas
2973 2848 3118 2912 sunt
3164 2855 3292 2894 crux
3329 2852 3383 2895 et
3425 2843 3762 2895 resurrectio.
3806 2844 3919 2899 Non

2347 2919 2518 2966 morte
2546 2910 2866 2975 mulctatos,
2895 2910 2987 2965 sed
3016 2926 3199 2965 eorum
3228 2911 3364 2965 ﬁlios
3386 2912 3583 2967 servari
3608 2928 3638 2967 a
3685 2912 3793 2966 Deo
3822 2930 3917 2981 po-

2347 2982 2502 3035 stulat
2534 3001 2548 3036 :
2580 2992 2747 3036 morte
2790 2981 2961 3036 allecti
3007 2993 3181 3035 autem
3226 2990 3378 3035 erant
3417 2984 3449 3035 ii
3478 2984 3565 3051 qui
3611 2984 3661 3035 in
3693 2985 3795 3036 vita
3824 2984 3919 3039 hac

2349 3068 2452 3104 nou
2482 3053 2824 3107 crediderant
2851 3067 2866 3113 ς
2893 3053 3192 3123 sericorum
3224 3052 3313 3123 lilii
3353 3053 3421 3105 ab
3452 3054 3701 3120 apostolis
3729 3069 3918 3123 sagena

2344 3123 2481 3191 Capti
2514 3123 2706 3192 ingenti
2739 3137 2958 3176 numero
2982 3121 3209 3176 fuerant.
3244 3122 3325 3175 12.
3358 3122 3527 3176 Redde
3545 3124 3717 3177 vicinis
3739 3121 3919 3179 nostris

2344 3194 2630 3264 septnplum
2650 3194 2699 3245 in
2716 3193 2829 3264 sinu
2854 3208 3040 3264 eorum.
3056 3194 3411 3264 improperiunt
3431 3193 3674 3262 ipsorum,
3686 3196 3820 3264 quod
3835 3212 3919 3249 ea:-

2346 3261 2702 3330 probraverunt
2729 3263 2835 3323 tibi,
2870 3261 3097 3316 Domine.
3130 3262 3242 3316 Non
3289 3278 3427 3330 nunc
3452 3261 3652 3317 vicinos
3682 3261 3920 3321 homines

2344 3332 2627 3402 appellavit
2659 3351 2670 3385 :
2702 3348 2876 3402 neque
2922 3333 3061 3386 enim
3112 3333 3188 3386 eis
3218 3332 3515 3402 septitplum
3561 3333 3706 3387 reddi
3739 3351 3918 3403 preca-

2348 3410 2429 3456 tus
2475 3413 2653 3465 esset,
2706 3418 2903 3472 gnarus
2937 3403 3169 3470 judicetn
3226 3403 3274 3457 id
3320 3419 3423 3456 non
3479 3405 3701 3457 laturum
3748 3420 3914 3460 esse:

2347 3481 2493 3526 certe
2515 3488 2620 3541 quo
2650 3481 2802 3541 pacto
2828 3473 2894 3526 ad
2927 3474 3095 3540 ipsum
3126 3474 3392 3540 psalleret,
3426 3473 3503 3527 Tu
3527 3474 3702 3526 reddes
3723 3477 3916 3529 nnieui.

2342 3559 2438 3613 que
2455 3543 2726 3596 secundum
2747 3560 2900 3611 opera
2925 3560 3015 3595 sua
3045 3541 3214 3610 (Psal.
3239 3548 3289 3597 6.
3318 3544 3431 3611 l5)?
3464 3544 3603 3613 Ergo
3630 3544 3695 3599 de
3722 3544 3917 3599 dmuta-

2345 3612 2498 3666 nibus
2546 3614 2794 3681 loquitur.
2848 3614 2923 3667 Illi
2955 3618 3096 3685 cutim
3127 3614 3426 3682 septuplum
3462 3612 3579 3682 jure
3610 3616 3911 3685 aenipiuut:

2346 3691 2527 3753 utpote
2555 3685 2641 3751 qui
2672 3698 2793 3737 cum
2823 3684 3207 3753 pmstaittioris
3234 3685 3338 3737 sint
3366 3694 3585 3748 natum,
3606 3700 3763 3753 quam
3792 3702 3905 3751 nos,

2343 3752 2409 3806 de
2434 3755 2568 3806 cado
2594 3753 2984 3823 autcnidejecti
3016 3752 3211 3807 fuerint
3230 3796 3244 3813 ,
3274 3769 3443 3823 neque
3474 3752 3646 3807 tamen
3674 3757 3749 3809 sic
3777 3766 3912 3809 tent-

2344 3822 2673 3891 perantiores
2714 3821 2886 3878 eﬂ'ecti
2905 3866 2917 3883 .
2944 3833 3136 3876 terram
3167 3824 3277 3877 suis
3301 3821 3761 3879 ad‘im-eutionitats
3792 3842 3912 3894 per-

2346 3894 2576 3955 turbent,
2606 3908 2778 3961 neque
2807 3893 2905 3947 soli
2928 3902 3166 3961 peccent,
3185 3895 3276 3947 sed
3304 3908 3400 3947 nos
3419 3894 3577 3948 etiam
3605 3894 3668 3947 ad
3704 3893 3911 3961 peccata

2344 3962 2616 4035 inducant,
2647 3974 2804 4035 atque
2827 3964 2990 4035 Deum
3014 3963 3271 4035 apud‘uos
3294 3964 3488 4034 probro
3513 3962 3740 4017 afficiant
3764 3970 3910 4035 quasi

2340 4033 2457 4098 ejus
2496 4033 2668 4102 imago
2711 4032 2967 4088 deciderit
2999 4052 3012 4084 :
3041 4032 3105 4085 ad
3162 4032 3274 4088 hzcc
3300 4032 3429 4087 vero
3481 4050 3549 4087 ne
3579 4050 3671 4102 per
3714 4032 3909 4093 Christi

2342 4103 2553 4169 quidem
2584 4105 2865 4157 adventum
2891 4103 2959 4156 ab
2988 4103 3281 4158 idololatria
3304 4103 3655 4160 desciverunt.
3685 4108 3777 4159 scd
3806 4108 3902 4170 ipsi

2340 4184 2463 4226 sunt
2490 4173 2705 4227 addicti.
2735 4174 2862 4239 Quis
2887 4184 3064 4227 autem
3106 4189 3287 4228 eorum
3316 4182 3396 4227 est
3418 4174 3605 4227 sinus?
3635 4175 3907 4231 Gula-una.

2342 4245 2472 4310 Ipsis
2500 4249 2641 4314 enim
2674 4245 2741 4298 ab
2768 4244 2916 4297 initio
2948 4244 3095 4314 iocus
3137 4244 3222 4298 ille
3248 4243 3529 4314 deputatus
3552 4257 3627 4297 est
3660 4263 3671 4296 :
3706 4247 3752 4298 ul
3785 4264 3907 4301 vero

2339 4305 2569 4367 declarat
2592 4305 2859 4368 'Dominus
2893 4331 2904 4366 :
2938 4311 3036 4377 Ite,
3058 4305 3334 4376 maledicti;
3357 4316 3409 4368 in
3443 4316 3606 4382 ignem
3646 4330 3903 4380 a'ternnm,

2339 4394 2572 4457 paratum
2621 4384 2821 4457 diabolo
2864 4393 2913 4437 et
2942 4385 3133 4454 angelis
3159 4386 3269 4453 ejus
3305 4384 3516 4453 (.llattlt.
3557 4385 3645 4439 9.3.
3676 4389 3786 4457 Η).
3820 4390 3902 4442 13.

2341 4452 2452 4507 Nos
2473 4464 2636 4507 autem
2665 4455 2879 4523 populus
2898 4452 3077 4507 tuus'et
3103 4452 3215 4508 oves
3240 4452 3441 4523 pascua!
3460 4466 3576 4510 tute.
3612 4452 3800 4510 Tutum
3830 4458 3904 4511 di-

2337 4526 2409 4594 cit
2435 4524 2724 4577 humanum
2765 4539 2933 4592 genus
2964 4541 2978 4577 :
3008 4539 3104 4579 nos
3138 4526 3330 4594 quippe
3353 4540 3628 4593 opponens
3650 4526 3904 4579 damnaui-

2337 4593 2436 4647 bus
2464 4594 2531 4647 de
2559 4594 2690 4649 ca-lo
2716 4594 3027 4665 deturbatis,
3059 4593 3306 4665 populum
3342 4595 3431 4649 Dei
3463 4606 3515 4651 et
3540 4610 3667 4652 oves
3699 4612 3902 4664 pascua-

2339 4665 2502 4735 ipsius
2528 4674 2682 4735 vocat
2716 4663 3005 4719 hominem.
3035 4665 3097 4718 Et
3125 4663 3224 4735 qua
3252 4666 3319 4719 de
3344 4680 3502 4719 causa
3534 4682 3665 4721 oves
3698 4683 3901 4735 pascua:

2335 4734 2493 4803 ejus?
2522 4734 2653 4801 Quia
2686 4750 2781 4789 nos
2812 4734 2992 4807 ﬁdeles
3021 4735 3136 4807 ipso
3182 4737 3231 4789 in
3264 4737 3661 4807 participatione
3700 4734 3900 4807 iuyste-

2336 4808 2531 4858 riorum
2553 4806 2833 4873 nascimur.
2859 4804 3217 4872 Conﬁtebimur
3241 4806 3349 4871 tibi,
3376 4805 3531 4868 Deus,
3563 4808 3613 4859 in
3640 4804 3899 4875 sarculum.

2335 4875 2399 4928 In
2420 4876 2785 4944 generationem
2812 4884 2859 4928 et
2888 4877 3252 4945 generationem
3278 4877 3682 4931 annuntiabimus
3703 4876 3900 4931 laudem

2334 4957 2489 4997 tuum.
2518 4945 2641 5000 Ilaec
2662 4945 2926 5017 confessio
2947 4948 3095 5013 quasi
3120 4948 3228 5014 jam
3255 4947 3358 5000 alia
3386 4948 3648 5017 confessio
3671 4963 3897 5017 pra'ces-

2332 5019 2463 5069 serit
2489 5026 2820 5069 recensetur.
2866 5015 3021 5070 Prius
3046 5018 3186 5069 enim
3232 5031 3330 5070 nos
3358 5031 3486 5071 oves
3510 5015 3754 5073 Christus
3772 5034 3888 5072 euu-

2332 5084 2503 5139 fessus
2529 5084 2696 5139 fuerat
2729 5086 2913 5139 dicens
2941 5102 2954 5138 :
2984 5086 3111 5139 Oves
3148 5103 3270 5140 mete
3296 5103 3464 5140 vocem
3500 5104 3657 5141 meam
3686 5089 3896 5143 audiunt

2330 5154 2510 5225 (Joan.
2540 5155 2623 5226 10.
2646 5155 2761 5226 2'7);
2792 5156 2983 5226 deinde
3002 5172 3121 5209 cum
3147 5166 3330 5221 gentes
3361 5158 3518 5211 etiam
3551 5158 3705 5213 vellet
3733 5159 3897 5215 adsci-

2329 5240 2479 5279 scere
2500 5265 2526 5298 ,Α
2543 5224 2747 5298 addidit
2775 5245 2787 5279 :
2824 5224 2997 5279 Habeo
3029 5235 3075 5279 et
3099 5228 3225 5281 alius
3252 5243 3399 5294 oves,
3420 5242 3655 5298 quianon
3696 5239 3810 5282 sunt
3837 5246 3895 5283 ex

2329 5299 2427 5369 [ioci
2454 5295 2659 5369 oviligict
2684 5296 2799 5350 illas
2835 5306 3029 5369 oportet
3067 5313 3145 5350 me
3180 5295 3479 5367 congregare
3506 5297 3734 5369 (lbid.iv.
3784 5299 3891 5369 16).

2332 5367 2431 5436 Ipsi
2472 5366 2804 5429 conﬁtemur,
2836 5366 2922 5435 qui
2957 5368 3103 5419 illum
3156 5366 3418 5435 pastorem
3468 5366 3523 5421 in
3564 5368 3773 5424 Psalmo
3809 5366 3891 5421 su-

2326 5436 2797 5508 queutt‘vocamus.
2826 5437 2879 5508 Id
2915 5452 3040 5490 vero
3071 5438 3289 5490 facituus
3316 5452 3417 5491 non
3442 5438 3507 5491 ad
3539 5450 3765 5508 tempus,
3800 5441 3890 5495 scd

2329 5508 2380 5561 in
2426 5506 2677 5560 sreculum
2702 5546 2717 5570 ,
2748 5507 2949 5560 scilicet
2998 5519 3290 5575 perpetuo:
3322 5517 3370 5560 et
3405 5508 3454 5560 in
3498 5506 3888 5577 generationem

2328 5586 2379 5631 ct
2402 5578 2796 5646 generationem
2826 5578 3253 5631 aunuutiabimus
3283 5578 3486 5631 laudem
3517 5580 3632 5647 ejus
3651 5620 3665 5641 ,
3696 5582 3745 5633 in
3772 5598 3885 5636 om-

2328 5648 2481 5717 nibus
2550 5646 2981 5717 generationibus
3049 5647 3257 5701 Iaudem
3319 5646 3600 5717 gratiarum
3669 5652 3883 5707 actionis

2325 5716 2642 5788 otI‘ercutcs,
2686 5726 2775 5769 aut
2821 5716 2940 5788 quia
2986 5732 3053 5771 ex
3083 5727 3306 5787 utraque
3347 5721 3688 5788 generatione
3719 5720 3885 5788 ipsum

2328 5786 2635 5840 laudamus:
2664 5802 2768 5839 non
2811 5787 2981 5841 solum
3022 5802 3086 5842 ex
3134 5787 3197 5840 iis
3222 5786 3308 5855 qui
3351 5786 3523 5843 adhuc
3550 5790 3599 5842 in
3627 5786 3787 5855 carne
3814 5796 3879 5847 vi-

2325 5856 2601 5932 vunt,_sed
2630 5858 2787 5911 etiam
2828 5872 2893 5911 ex
2925 5858 2987 5911 iis
3016 5857 3103 5932 qui
3131 5872 3163 5913 a
3187 5858 3882 5932 carne_discesserunt':'pa-

2326 5927 2580 6004 triarcbas
2614 5941 2806 5997 nempe
2827 5968 2843 5988 ,
2871 5930 3137 5997 apostolos
3159 5968 3175 5994 ,
3209 5928 3520 5999 ριιοριιριςιε,
3548 5940 3601 5984 οι
3629 5927 3883 6004 maqu

2324 6001 2377 6056 in
2408 6003 2640 6058 tuediunt
2667 6004 2982 6057 advocantes
3005 6045 3020 6072 ,
3044 6020 3161 6058 cum
3195 6006 3361 6075 ipsum
3388 6018 3683 6074 prccattzur.
