4198 6432
253 376 363 432 755

250 487 542 560 terrogatio
568 483 775 560 esset),
808 484 898 560 sed
929 480 1408 560 Numitieaaiﬂatus
1453 481 1766 560 ittiuieusam
1793 491 1848 536 et

251 552 850 630 ineott'tmrabib-m'Dei
883 555 1298 630 niagnitttdiuetu
1343 552 1644 622 cht't'ipsit.
1679 552 1849 630 Nemo

249 632 397 688 enim
426 622 484 685 se
511 628 621 681 θρα
651 627 888 680 omnium
920 622 1122 678 auctori
1151 625 1201 676 in
1224 623 1402 692 aliquo
1427 622 1847 690 comparandum

249 715 374 756 esse
399 698 729 770 gloriabitur.
773 698 905 761 Quia
936 711 1073 770 vero
1103 695 1394 770 dictionum
1425 692 1713 770 discrimen
1743 693 1849 747 oh-

248 763 573 825 serratndum
620 777 738 825 est;
771 780 943 834 neque
991 767 1132 818 enim
1177 765 1330 828 dixit,
1358 765 1488 830 Quis
1533 763 1722 817 similis
1765 771 1849 816 est

249 840 369 905 tibi,
392 839 508 906 sed,
541 837 666 904 Quis
695 837 874 889 similis
912 835 1004 888 erit
1029 836 1136 898 tibi,
1167 843 1224 907 et
1245 835 1343 907 bis
1369 835 1601 907 futurum
1635 843 1848 907 tempus

250 904 502 973 iudicat:
531 918 679 962 certe
725 907 1144 960 incarnationem
1206 905 1472 974 Unigeniti
1524 904 1844 970 adumbrat,

247 993 498 1049 timeretis
518 993 638 1033 cttm
661 977 978 1049 quibusnam
1007 975 1293 1049 prophetis
1308 975 1422 1045 ejus
1437 975 1602 1049 gloria
1631 989 1848 1049 compa-

249 1043 418 1105 fanda
434 1049 505 1104 sit
529 1065 543 1102 :
569 1043 917 1117 quamobrem
940 1043 1060 1100 cuiu
1074 1047 1161 1100 alii
1182 1043 1407 1117 Heliam,
1427 1043 1514 1099 alii
1531 1043 1845 1117 Jeretniam,

248 1120 340 1175 alii
368 1136 432 1175 ex
462 1114 740 1199 prophetis
770 1117 1014 1199 aliquem
1043 1116 1450 1199 esseputabaat
1495 1131 1508 1167 :
1537 1114 1633 1196 sed
1667 1115 1846 1199 nullus

249 1206 314 1244 ex
350 1185 614 1258 prmdictis
645 1188 715 1240 illi
740 1185 928 1242 similis
952 1203 1072 1242 esse
1100 1196 1326 1256 poterat.
1352 1186 1447 1241 Ille
1471 1185 1670 1255 quippe
1699 1185 1846 1258 solus

248 1256 370 1315 erat
415 1259 555 1313 Deus
581 1269 637 1313 et
686 1259 867 1321 homo,
899 1260 1046 1314 solus
1081 1271 1251 1327 genus
1299 1267 1540 1327 nostrum
1591 1256 1843 1327 servavit.

253 1329 337 1383 Λα
364 1330 534 1393 sileas,
567 1344 726 1399 neque
753 1324 1105 1399 compescaris',
1136 1325 1311 1399 Deus;
1340 1326 1440 1399 hoc
1480 1334 1581 1390 est,
1614 1324 1692 1381 Ne
1722 1325 1844 1380 diu—

249 1401 358 1455 tius
387 1399 582 1454 toleres
614 1397 926 1453 {silentium
951 1397 1092 1453 enim
1121 1397 1333 1466 judicis,
1361 1397 1478 1465 ejus
1507 1410 1632 1466 erga
1661 1409 1847 1463 pecca-

249 1481 398 1526 tores
441 1469 778 1524 tolerantiam
829 1471 1057 1524 vocavit.
1107 1466 1215 1524 Cur
1262 1478 1439 1522 autem
1497 1467 1549 1520 id
1595 1466 1846 1534 rogavit?

251 1540 505 1605 Quoniam
544 1555 655 1593 ecce
684 1537 876 1592 inimici
915 1539 990 1592 tui
1013 1548 1307 1601 sonuerunt,
1336 1547 1384 1592 et
1409 1535 1494 1605 qui
1519 1537 1733 1591 oderunt
1759 1543 1806 1588 te
1826 1575 1843 1602 ,

249 1611 536 1664 extulerunt
579 1618 753 1674 caput.
803 1608 858 1663 In
903 1617 1128 1674 tantum,
1172 1609 1360 1677 inquit,
1390 1608 1460 1662 ob
1508 1606 1844 1677 tolerantiam

250 1690 397 1734 tuam
424 1680 548 1734 elati
574 1688 698 1732 sunt
725 1679 945 1745 inimici,
977 1689 1036 1734 ut
1063 1676 1356 1743 sonarent;
1387 1677 1439 1732 id
1459 1688 1540 1732 est
1560 1676 1844 1732 conliden—

251 1762 334 1804 ter
365 1752 726 1821 loquerentur,
758 1759 813 1804 et
841 1749 1130 1821 nequitiam
1155 1763 1305 1803 suam
1334 1747 1485 1818 quasi
1516 1746 1647 1821 tuba
1670 1747 1844 1821 impu-

249 1815 633 1889 denter'palzun
663 1815 1380 1889 facerent;extollerentque
1407 1826 1586 1889 caput,
1615 1815 1685 1872 de
1711 1816 1842 1869 faci-

250 1892 471 1945 noribus
490 1889 602 1944 suis
622 1904 728 1944 non
741 1891 1139 1951 erubescentes.
1163 1889 1256 1944 sed
1274 1898 1588 1958 arroganter
1603 1895 1840 1957 agentes,

246 1963 400 2032 quasi
449 1959 626 2014 nullus
675 1969 817 2014 esset
858 1975 1016 2084 quem
1063 1959 1330 2014 timerent.
1375 1958 1622 2013 Inimicos
1664 1965 1844 2012 autem

260 2031 355 2084 Dei
387 2041 692 2084 peccatores
713 2030 868 2084 annel
895 2040 946 2084 at
979 2049 994 2084 :
1033 2030 1154 2084 quia
1181 2039 1358 2084 autem
1383 2029 1620 2084 sibiinsis
1647 2027 1843 2082 inimici

260 2027 355 2086 Dei
387 2041 692 2100 peccatores
713 2027 946 2100 appellat
979 2049 994 2084 :
1033 2030 1154 2100 quia
1181 2039 1358 2085 autem
1383 2029 1620 2097 sibiipsis
1647 2027 1843 2100 inimici

257 2097 398 2156 sunt
411 2101 497 2155 illa
525 2097 891 2170 agentesquae
920 2101 1021 2154 sibi
1051 2097 1300 2167 noceant,
1331 2097 1845 2170 benignusucumusit

255 2170 415 2233 Deus,
446 2169 499 2224 et
518 2167 743 2224 mortem
783 2167 1076 2238 peccatoris
1101 2170 1266 2235 nolit,
1296 2167 1538 2224 inimicos
1568 2168 1686 2222 illos
1714 2167 1847 2220 sibi-

250 2242 382 2306 ipsis
409 2241 720 2294 insidiantes
749 2242 912 2308 ponit.
946 2241 1002 2296 4.
1034 2239 1203 2309 Super
1241 2241 1487 2310 populum
1526 2248 1668 2292 tuum
1694 2238 1845 2291 calli-

250 2311 371 2364 dum
400 2313 620 2364 inierunt
661 2311 948 2378 consilium,
990 2311 1397 2365 consultaveruut
1439 2321 1616 2364 contra
1645 2318 1846 2362 sanctos

251 2393 384 2436 tuos.
413 2381 493 2436 En
516 2379 656 2451 aliud
677 2395 846 2451 genus
869 2381 1160 2436 inimicitia:
1185 2390 1369 2436 contra
1397 2381 1562 2451 Deum
1585 2379 1845 2451 propheta

251 2453 520 2521 exposuit.
548 2448 701 2505 Nam'
728 2452 817 2520 qui
848 2459 902 2506 et
945 2451 1141 2521 populo
1170 2451 1264 2506 Dei
1301 2460 1356 2507 et
1396 2450 1610 2521 sanctis
1642 2448 1845 2521 inimici

249 2518 427 2587 erant,
457 2520 715 2576 adversus
739 2518 862 2576 eum
885 2518 1080 2576 bellum
1109 2524 1390 2586 suscitant,
1422 2521 1575 2590 cujus
1599 2519 1677 2573 illi
1702 2518 1846 2590 servi

249 2602 307 2645 et
350 2591 538 2646 fratres
585 2600 760 2646 erant.
805 2592 1008 2646 Bellum
1047 2601 1227 2646 autem
1273 2588 1502 2656 indicat,
1547 2605 1654 2644 non
1687 2588 1849 2644 modo

253 2662 408 2726 illud,
433 2661 575 2731 quod
601 2662 856 2731 deinceps
893 2661 1232 2729 describitur,
1261 2663 1315 2716 in
1343 2677 1450 2732 quo
1471 2675 1566 2715 eas
1593 2675 1712 2730 quae
1736 2659 1849 2732 bel-

251 2733 362 2786 lum
388 2730 643 2786 adversus
667 2730 880 2803 Iudaios
895 2733 1152 2801 gerebant
1173 2730 1844 2803 gentes—comiiientoravit;

251 2803 347 2856 sed
368 2804 528 2857 etiam
555 2802 816 2870 quoddam
845 2799 1112 2858 occultum
1141 2799 1336 2858 bellum
1361 2801 1680 2867 subindicat,
1704 2799 1847 2869 quod

253 2873 454 2928 sanctis
483 2881 788 2941 peceatores
819 2873 1016 2927 inl'erre
1041 2872 1237 2928 solent.
1282 2873 1512 2942 Ideoque
1543 2887 1647 2925 non
1674 2871 1846 2925 solum

254 2944 378 2997 illos
401 2943 589 2998 callide
619 2943 754 2997 inire
779 2944 1058 2998 consilium
1089 2945 1237 3011 dicit,
1265 2945 1360 2999 sed
1385 2944 1544 2998 etiam
1575 2956 1698 2996 cum
1730 2955 1847 3011 ma-

253 3014 398 3068 xima
427 3013 738 3080 calliditate,
771 3014 821 3067 id
853 3025 953 3078 est,
999 3010 1234 3069 versutia
1271 3015 1414 3069 varia
1446 3026 1501 3066 et
1541 3010 1850 3066 omnimoda

253 3093 510 3155 utentes;
543 3084 726 3153 quales
751 3094 876 3137 sunt
919 3086 1098 3155 ii,7qui
1131 3086 1279 3154 prius
1319 3083 1697 3155 pecuniis,_aut
1721 3095 1848 3151 pos-

254 3153 606 3218 sessionibus,
648 3163 738 3208 aut
763 3155 880 3208 aliis
923 3153 1083 3209 rebus
1111 3153 1206 3210 eos
1230 3153 1331 3225 qui
1355 3155 1465 3225 Deo
1502 3153 1698 3225 addicti
1723 3161 1852 3225 sunt

253 3225 595 3296 defraudant,
638 3234 696 3296 ut
725 3239 820 3279 eos
863 3225 928 3279 ad
969 3227 1174 3296 ingrate
1216 3221 1480 3296 agendum
1509 3233 1565 3279 et
1594 3221 1849 3296 blasphe-

255 3295 510 3348 maudum
554 3295 789 3350 excitent
822 3314 836 3350 :
867 3310 988 3350 eum
1035 3294 1212 3351 autem
1255 3294 1343 3351 res
1389 3297 1490 3350 hoc
1535 3294 1698 3348 modo
1741 3306 1850 3346 non

255 3362 514 3441 succedit,
542 3364 841 3435 voluptates
857 3367 999 3441 ipsis
1023 3375 1335 3441 suggerunt,
1367 3381 1519 3441 vance
1538 3365 1725 3434 gloria:
1752 3378 1851 3441 cu-

257 3435 555 3506 piditatem,
601 3438 983 3504 arrogantiam,
1052 3435 1282 3502 fastum,
1328 3437 1623 3491 amicorum
1670 3435 1851 3506 specie

257 3504 594 3576 inimicorum
642 3507 864 3576 consilia
917 3508 1105 3560 dantes
1150 3524 1163 3560 :
1207 3508 1259 3562 id
1305 3507 1447 3576 quod
1501 3504 1852 3576 sequentibus

257 3575 541 3632 indicatur.
572 3577 626 3633 5.
657 3575 906 3630 Dixerunt
933 3593 952 3631 :
991 3576 1181 3641 Venite,
1223 3587 1268 3631 et
1297 3575 1648 3646 disperdamus
1687 3591 1770 3646 eos
1791 3575 1854 3628 de

256 3659 420 3720 gente,
440 3655 483 3701 et
496 3664 595 3720 non
608 3658 917 3720 _ntemoretur
933 3663 1113 3702 nomen
1128 3647 1295 3702 Israel
1311 3645 1465 3720 ultra.
1486 3645 1642 3702 Clare
1664 3645 1853 3720 istbtee

255 3715 327 3774 de
349 3717 580 3771 inimicis
606 3717 769 3772 Israel
793 3719 926 3772 infra
949 3720 1308 3774 memorandis
1331 3719 1470 3773 dicta
1487 3727 1632 3783 sunt,
1658 3724 1714 3771 et
1738 3715 1854 3770 haec

255 3790 329 3844 ab
355 3790 434 3843 eis
461 3799 577 3842 acta
605 3799 728 3842 sunt
761 3805 774 3841 :
807 3804 983 3858 neque
1012 3787 1100 3843 hic
1129 3789 1455 3858 intelligendi
1497 3797 1626 3858 sunt
1653 3786 1731 3858 illi
1762 3785 1854 3858 qui

257 3860 398 3914 mala
451 3858 582 3912 dant
615 3860 858 3923 consilia,
887 3856 942 3914 et
974 3859 1065 3928 qui
1105 3858 1173 3913 ad
1224 3856 1424 3928 malum
1442 3856 1597 3925 quasi
1619 3857 1671 3910 vi
1698 3856 1854 3910 indu-

257 3940 386 3983 cunt
410 3930 490 3999 (α)
521 3947 534 3984 :
567 3928 620 3983 hi
651 3930 794 3983 enim
824 3944 924 3984 nos
947 3927 1014 3984 de
1037 3937 1199 3998 gente
1225 3927 1537 3998 disperdere
1562 3932 1768 3993 volunt,
1795 3933 1855 3980 ut

263 4016 335 4054 ne
359 4015 478 4053 cum
519 4000 715 4068 iniquis
740 4000 954 4068 quidem
983 4000 1342 4065 nominemur,
1380 4000 1504 4069 quia
1533 4013 1654 4052 cum
1681 3999 1852 4067 legem

261 4070 576 4136 habeamus,
600 4085 886 4139 peccamus
908 4080 1106 4136 tamen,
1129 4084 1303 4139 neque
1321 4084 1445 4124 cum
1472 4070 1537 4124 iis
1564 4070 1653 4138 Qui
1682 4069 1855 4138 legem

261 4139 592 4206 custodiunt,
623 4142 745 4210 quia
767 4142 1223 4210 prtevaricamur;
1255 4141 1347 4195 sed
1367 4141 1419 4194 id
1446 4140 1630 4193 volunt
1674 4146 1857 4210 utno-

262 4227 386 4265 men
416 4211 574 4265 Israel
597 4208 852 4264 oblivioni
879 4209 1138 4265 tradatur.
1160 4209 1292 4265 Nam
1311 4211 1354 4265 si
1383 4210 1546 4265 Israel
1567 4219 1651 4263 est
1669 4208 1857 4264 videns

263 4283 453 4345 Deum,
482 4291 536 4336 et
563 4281 608 4335 si
637 4281 897 4351 quispiam
927 4296 1034 4336 non
1059 4288 1182 4350 agat
1219 4295 1281 4336 ea
1325 4295 1457 4351 quae,
1477 4280 1646 4336 Deum
1673 4279 1858 4335 viden-

263 4364 372 4407 tem
413 4361 468 4404 ct
495 4351 560 4406 ad
587 4350 706 4405 eum
738 4351 923 4407 oculos
947 4353 1144 4406 mentis
1177 4354 1409 4406 intentos
1447 4350 1730 4420 habentem
1761 4364 1858 4420 par

262 4432 346 4478 est
375 4437 554 4493 agere,
574 4436 821 4493 necesse
851 4429 909 4476 ut
952 4423 997 4477 is
1026 4422 1247 4476 omnino
1273 4421 1532 4476 oblivioni
1573 4419 1814 4493 tradatur
1837 4461 1854 4486 ,

263 4491 439 4562 neque
466 4507 533 4546 an
564 4492 722 4546 fuerit
749 4491 909 4546 Israel
933 4493 1080 4547 credi
1109 4493 1298 4562 possit,
1327 4493 1372 4547 is
1397 4493 1487 4562 qui
1512 4491 1857 4562 spiritualiter

263 4561 383 4617 illos
411 4563 646 4624 videbat,
678 4562 865 4633 idest.
913 4578 1087 4633 neque
1112 4561 1285 4616 Deum
1313 4564 1529 4617 novisse
1565 4561 1636 4617 ob
1676 4571 1858 4617 extre-

261 4648 405 4688 mam
434 4633 691 4687 incuriam
719 4632 823 4686 dici
852 4632 1038 4702 possit.
1070 4635 1125 4688 6.
1161 4633 1417 4698 Quoniam
1449 4633 1859 4686 consultaverunt

263 4705 586 4768 unanimiter,
602 4702 755 4758 simul
771 4705 1036 4772 advers—um
1055 4713 1102 4757 te
1115 4713 1461 4757 testamentum
1477 4703 1855 4772 disposuerunt.

265 4773 464 4844 Ecquis
503 4773 759 4828 adversus
800 4770 988 4840 Deum,
1029 4774 1119 4839 qui
1166 4789 1273 4828 non
1318 4774 1488 4828 oculis
1538 4770 1721 4844 modo,
1763 4772 1860 4826 sed

263 4845 426 4898 etiam
473 4844 884 4914 cogitationibus
911 4843 1216 4900 inaccessus
1255 4852 1358 4908 est,
1405 4843 1605 4912 aliquid
1640 4844 1860 4914 consul-

267 4925 402 4979 tare,
452 4912 888 4982 aut'disiioncre,
935 4925 1026 4968 aut
1065 4915 1345 4983 imaginari
1389 4915 1628 4983 poterit?
1662 4912 1861 4968 Verum

265 4985 358 5038 ille
385 4994 574 5039 contra
603 4999 662 5038 se
693 4984 827 5039 facta
868 4994 1076 5052 reputat
1101 4999 1164 5039 ea
1193 5000 1313 5054 quae
1351 4997 1535 5039 contra
1566 4998 1659 5039 eos
1687 4998 1780 5052 qui
1806 4984 1862 5037 in

269 5055 387 5124 ipso
411 5054 688 5108 conlidunt
709 5064 970 5124 geruntur
999 5073 1012 5109 :
1045 5055 1273 5125 ideoque
1299 5054 1506 5109 insidia:
1532 5056 1583 5108 in
1605 5068 1700 5110 eos
1723 5064 1865 5107 stru-

265 5137 366 5181 ctae
389 5125 440 5179 in
477 5127 647 5194 ipsum
676 5126 838 5179 Deum
868 5133 1053 5194 utpote
1094 5141 1278 5180 eorum
1326 5135 1550 5194 patrem,
1579 5134 1863 5194 patronum

275 5205 327 5248 et
353 5205 657 5249 curatorem
687 5194 929 5251 conﬂata:
971 5196 1238 5249 dicuntur.
1268 5196 1495 5263 Quinam
1527 5205 1654 5249 sunt
1682 5207 1862 5250 autem

264 5267 356 5336 qui
384 5266 618 5336 insidias
650 5266 1014 5336 mediuntur?
1040 5267 1091 5320 7.
1128 5265 1474 5320 Tubernacula
1519 5264 1865 5320 ldumworuin

267 5335 315 5390 et
364 5335 659 5408 Ismaelitte,
694 5335 849 5390 Moab
876 5347 922 5389 et
960 5337 1200 5408 Agareni,
1229 5337 1281 5391 8.
1315 5337 1472 5390 Gebal
1497 5346 1544 5390 et
1573 5337 1788 5391 Ammon
1818 5345 1865 5390 et

269 5408 492 5460 Amalec.
534 5407 598 5461 Ili
627 5424 812 5477 omnes
849 5423 914 5461 ex
962 5407 1269 5462 Abrahamo
1315 5420 1483 5477 genus
1523 5409 1744 5471 duetmt,
1793 5409 1866 5461 ita

269 5487 328 5530 ut
375 5478 586 5546 cognati
641 5476 855 5532 Israelis
900 5486 1101 5533 essent.
1149 5477 1281 5532 Nam
1329 5476 1604 5532 lsmaelitae
1659 5491 1864 5547 patrem

270 5549 565 5618 habuerant
610 5548 888 5604 lsmaclcm
936 5549 1222 5604 Abrabatni
1271 5549 1459 5602 lilium.
1517 5549 1747 5618 Agarcni
1799 5565 1866 5602 ex

269 5617 577 5673 Abrabatnu
618 5619 832 5686 quidem
873 5635 978 5672 non
1023 5629 1207 5681 erant,
1254 5621 1350 5675 sed
1395 5633 1461 5673 ex
1512 5617 1672 5686 Agar,
1705 5635 1864 5688 quam

274 5691 404 5744 Sara
434 5703 556 5742 cum
586 5689 891 5744 Abrahamo
934 5690 998 5743 ad
1029 5689 1298 5760 quoddam
1331 5701 1538 5759 tempus
1559 5690 1826 5759 junxisset
1847 5731 1863 5755 ,

336 5802 408 5861 (α)
443 5809 557 5916 ιιωεῖ
594 5810 819 5867 corrupta
856 5805 1053 5856 omnino
1073 5811 1187 5856 sunt
1212 5819 1223 5855 :
1253 5819 1362 5856 nam
1402 5805 1480 5856 bic
1515 5806 1715 5867 negatio
1734 5804 1866 5856 nulla

408 5877 536 5916 (inec
562 5901 576 5916 .

273 5877 383 5916 otiae
408 5877 576 5929 quem.

1551 368 1614 424 IN
1663 364 1985 426 PSALMUM
2022 364 2284 423 LXXXII.
3457 377 3558 433 πει

1960 480 2330 561 ιοῑυιχιιίεημθ
2358 494 2539 561 postea
2589 491 2733 538 mota
2772 493 2950 561 esset,
3005 500 3124 561 cum
3161 486 3385 546 Ismaele
3438 493 3559 561 ejici

1956 555 2198 630 curavit:
2225 553 2483 622 alterique
2513 564 2692 630 postea
2731 555 3018 630 copulata,
3061 556 3243 630 aliise
3288 553 3560 630 prognatis

1956 627 2328 692 Agarenortuu
2400 637 2592 676 nomen
2643 623 2806 678 dedit.
2845 625 2974 680 Item
3025 624 3092 681 ab
3145 623 3300 683 Esat't'
3337 623 3562 689 Amalec

1956 693 2233 762 oriebatur
2259 692 2356 762 (a).
2385 693 2538 748 Moab
2568 703 2622 747 et
2649 698 2876 748 Ammon
2913 697 3003 750 lilii
3032 697 3132 751 Lot
3157 710 3310 753 erant
3335 715 3402 756 es
3428 703 3562 757 dua-

1955 761 2056 817 bus
2084 763 2200 833 ejus
2229 761 2440 818 IiIiabus
2485 765 2753 832 suscepti,
2799 775 2913 834 post
2959 767 3263 823 incendium
3294 771 3560 826 Sodomo—

1955 847 2072 886 rum
2093 875 2107 897 ,
2132 833 2325 902 quibus
2363 835 2730 887 conterminus
2757 833 2866 889 erat
2891 835 3088 902 Gebal,
3124 848 3177 892 et
3205 840 3430 897 fortasse
3473 842 3558 896 af-

1956 902 2114 979 finis;
2143 915 2470 979 quapropter
2517 905 2568 956 in
2597 906 2775 979 medio
2801 921 2986 979 eorum
3035 919 3368 965 numeratur.
3417 911 3559 979 Quid

1955 971 2222 1050 igiturliis
2253 971 2744 1050 sigmlicatur?_aut
2781 991 2884 1050 qua
2911 976 2980 1050 de
3003 993 3164 1033 causa
3197 979 3341 1048 ipsus
3361 971 3561 1050 cogna-

1954 1051 2037 1118 tos
2059 1044 2318 1118 exhibet?
2350 1043 2611 1118 U_t_di_~reas
2640 1043 3048 1118 inter‘iuiuticos
3067 1090 3083 1116 ,
3111 1043 3335 1118 eos'qui
3371 1043 3563 1108 deinec

1952 1114 2071 1168 stici
2101 1124 2260 1182 sunt,
2291 1125 2345 1169 ut
2371 1113 2620 1191 Christus
2659 1117 2768 1179 ait,
2821 1116 2874 1170 id
2915 1126 3039 1191 _est,
3068 1113 3329 1191 cognatos
3357 1123 3559 1191 primas

1957 1194 2134 1252 partes
2159 1199 2321 1254 agere
2353 1202 2366 1238 :
2397 1185 2744 1256 quamobrem
2777 1186 3034 1256 propheta
3066 1187 3118 1242 in
3144 1185 3559 1252 iiltituo'ordiue

2025 1256 2130 1332 sttit
2159 1255 2366 1332 alienos
2394 1272 2406 1306 :
2440 1255 2520 1310 sic
2556 1256 2734 1332 itaque
2757 1255 3035 1332 subjunxit
3058 1276 3070 1312 :
3098 1258 3411 1332 Alienigena:
3437 1279 3554 1316 cum

1990 1325 2301 1396 abitantibus
2323 1325 2541 1396 Tyrum.
2573 1325 2625 1381 9.
2659 1325 2867 1380 Etenim
2913 1330 3074 1382 Assur
3099 1332 3231 1383 venit
3268 1325 3393 1384 'cum
3431 1333 3556 1387 illis.
3641 1379 3658 1394 .

1951 1393 2067 1449 Non
2098 1409 2219 1449 cum
2249 1397 2314 1450 iis
2342 1393 2432 1464 qui
2460 1395 2660 1466 Tyrum
2702 1397 2976 1462 habitant,
3010 1399 3103 1452 sed
3143 1415 3265 1453 cum
3311 1402 3466 1456 Moab
3503 1413 3560 1458 et

1950 1466 2182 1537 Ammon
2203 1507 2218 1532 ,
2246 1475 2302 1520 et
2338 1480 2462 1537 cum
2487 1467 2608 1520 aliis
2647 1482 2785 1536 quos
2813 1477 3070 1537 cognatos
3098 1469 3410 1526 Judrenrum
3433 1486 3556 1528 esse

1949 1535 2306 1607 oSIendimus.
2337 1534 2520 1607 Itaque
2544 1534 2774 1592 non'suo
2805 1534 2952 1592 motu
2985 1538 3036 1592 in
3060 1538 3164 1594 hoc
3195 1540 3392 1595 bellant
3414 1583 3429 1607 ,
3458 1543 3556 1598 sed

1951 1619 1984 1680 a_
2026 1606 2283 1680 cognatis
2299 1606 2517 1680 excitati
2545 1647 2559 1672 ,
2586 1621 2645 1680 se
2664 1609 3028 1680 _contulerunt
3060 1627 3073 1662 :
3103 1606 3433 1680 quapropter
3460 1614 3559 1666 ad-

1945 1673 2064 1747 jicit
2094 1673 2117 1731 Ξ
2134 1674 2286 1730 Facti
2310 1685 2430 1747 sunt
2477 1677 2532 1730 in
2551 1675 2892 1747 _adjutorium
2944 1680 3066 1746 [iliis
3093 1673 3227 1743 Εοιξ
3266 1673 3328 1735 Μ’
3358 1696 3472 1747 est,
3502 1685 3554 1737 iit

1949 1745 2164 1820 illorum
2197 1744 2856 1820 ausiliumadvenerunt.
2889 1744 3032 1820 Cave
3073 1751 3233 1820 igitur
3272 1744 3558 1808 interiores

1950 1814 2229 1888 inimicos;
2263 1816 2363 1888 ipsi
2395 1816 2536 1872 enim
2567 1816 2872 1888 exteriores
2899 1818 3075 1872 adhuc
3091 1814 3335 1875 'armant.
3372 1823 3556 1888 Neque

1952 1887 2256 1960 cogitationi
2287 1885 2453 1960 ﬁdas,
2481 1889 2602 1955 quia
2632 1887 2717 1939 illa
2741 1887 2794 1940 in
2823 1885 3153 1960 inimicitiam
3179 1903 3234 1944 ut
3264 1885 3554 1960 plurimum

1951 1957 2210 2021 vertitur;
2255 1957 2567 2027 consideres
2615 1967 2795 2010 autem
2863 1958 3024 2013 velint
3084 1957 3554 2027 ntaledictionem,

1951 2041 2112 2102 quam
2142 2027 2246 2081 illis
2267 2027 2475 2102 intulit.
2508 2025 2857 2102 _Diapsalma,
2885 2031 3007 2102 quia
3030 2044 3344 2102 sermonem
3378 2025 3556 2087 trans-1

1951 2096 2047 2169 l'crl
2075 2099 2126 2150 in
2145 2096 2466 2169 orationem.
2500 2098 2590 2152 Ill.
2609 2097 2838 2169 Facillis
2863 2096 2993 2152 sicut
3022 2099 3233 2153 Madiun
3261 2112 3309 2156 et
3337 2103 3554 2169 Sisartc,

1949 2167 2101 2291 gch
2130 2165 2305 2220 labini
2333 2168 2389 2222 in
2437 2177 2657 2222 torrente
2710 2166 2909 2223 Cisson.
2965 2171 3054 2224 11.
3104 2169 3458 2241 Disperierunt
3505 2165 3558 2228 in

2031 2255 2062 2290 η
2103 2254 2181 2291 or.

2031 2254 2181 2293 naor.

2020 2307 2098 2384 ξς
2121 2307 2245 2384 Non
2275 2305 2476 2384 frustra
2515 2307 2616 2364 bos
2647 2323 2712 2362 ex
2751 2309 3002 2366 omnibus
3045 2310 3277 2379 delegit;
3309 2313 3403 2368 sed
3435 2313 3557 2384 quia

1950 2375 2150 2433 bellum
2199 2378 2268 2432 ab
2320 2379 2452 2447 ipsis
2489 2393 2595 2432 non
2649 2389 3021 2448 exspectatum
3074 2375 3280 2436 exitum
3324 2375 3556 2440 habuit:

1953 2448 2162 2518 Madian
2205 2449 2350 2504 enim
2378 2458 2574 2504 terram
2606 2449 2948 2506 multitudine
2977 2452 3309 2518 operientem
3335 2453 3558 2510 Gedeon

1951 2517 2069 2574 sine
2108 2519 2274 2593 armis
2303 2519 2563 2593 invadens
2607 2519 2828 2586 cecidit,
2853 2533 2907 2575 et
2951 2517 3253 2593 proﬂigavit
3282 2539 3404 2578 cum
3427 2527 3558 2583 viris

1953 2590 2244 2664 trecemis,
2275 2589 2511 2664 qui__non_
2529 2605 2686 2644 enses
2707 2632 2722 2656 ,
2747 2606 2854 2651 non
2877 2589 3096 2664 clypeos
3115 2589 3135 2658 ζ
3157 2609 3267 2648 non
3295 2595 3558 2664 cassides,

1952 2673 2134 2735 neque
2151 2659 2258 2713 aiia
2285 2659 2470 2715 bellica
2499 2661 2853 2735 instrumenta
2881 2659 3150 2718 habebant
3169 2704 3184 2728 ,
3216 2664 3307 2719 sed
3357 2659 3560 2735 Iantpa;

1951 2730 2048 2784 des
2077 2738 2322 2798 tantum,
2349 2741 2411 2804 _et
2447 2730 2608 2786 tubas
2650 2747 2877 2804 corneas
2898 2773 2916 2796 ,
2947 2735 3100 2804 queis
3141 2743 3440 2790 uterentur.
3470 2730 3552 2791 Si-

1953 2815 2130 2874 saram
2158 2815 2288 2855 vero
2328 2800 2520 2874 ducem
2551 2803 2725 2874 gentis
2753 2800 3080 2874 .Iabim,'qui
3111 2819 3231 2859 cum
3275 2819 3562 2874 nongentis

1952 2869 2145 2944 ferreis
2199 2872 2448 2944 curribus
2499 2869 2800 2944 pugnabat,
2855 2869 3453 2944 Deus-perterrefacti,
3508 2879 3560 2931 iu

1953 2939 2154 3018 fugam.
2175 2942 2368 3018 vertit,
2401 2950 2456 2996 et
2483 2939 2641 2997 uxori
2669 2943 2880 2998 Cbaber
2929 2939 3098 3018 (limiti
3136 2947 3393 3018 tradidit,
3441 2963 3564 3018 qua:

1955 3011 2104 3066 illum
2140 3011 2384 3068 immisso
2405 3027 2502 3082 per
2524 3023 2766 3082 tempora
2800 3026 2953 3070 recte
2985 3015 3271 3070 interfecit.
3307 3011 3562 3073 l’rcca'lur

1953 3096 2084 3150 ergo
2109 3092 2167 3136 ut
2193 3083 2645 3158 quemadmodum
2675 3083 2758 3148 bi,
2807 3085 2885 3158 sic
2911 3086 3175 3158 etiamilli
3197 3127 3210 3150 ,
3255 3101 3390 3158 quos
3413 3091 3564 3158 prius

1954 3154 2328 3218 enumeravit,
2377 3154 2577 3207 inimici
2631 3169 2792 3209 manu
2853 3156 2943 3209 Dei
2996 3155 3211 3211 cadant.
3277 3154 3563 3214 t'I‘ori-entis

1953 3222 2152 3293 quippe
2179 3221 2368 3278 Cisson
2395 3232 2452 3279 et
2493 3222 2724 3291 IEndor,
2755 3226 2897 3293 quod
2938 3225 3049 3280 illic
3090 3238 3277 3282 contra
3324 3227 3562 3285 Sisaram

1956 3307 2130 3364 pugna
2154 3293 2384 3364 fuisset,
2414 3297 2742 3349 mentionem
2769 3293 2916 3349 facit.
2949 3295 3102 3350 Facti
3130 3307 3248 3352 sunt
3278 3309 3332 3351 ut
3369 3310 3564 3355 stercus

1956 3363 2122 3417 terra.
2151 3363 2229 3418 Eo
2255 3377 2424 3434 usque
2449 3364 2659 3434 deiecta
2695 3379 2790 3434 per
2815 3365 3023 3421 cladem
3055 3368 3152 3421 fuit
3179 3383 3366 3422 eorum
3399 3385 3562 3424 arro-

1953 3435 2165 3504 gantia,
2196 3444 2254 3488 ut
2286 3450 2396 3504 pra:
2424 3436 2626 3508 vilitate
2652 3437 2802 3508 quasi
2843 3446 3052 3508 stercus
3081 3448 3479 3508 reputarcntur.
3516 3438 3562 3496 Ε

1955 3519 2016 3576 re
2037 3514 2216 3559 autem
2241 3515 2451 3576 stercus
2490 3504 2702 3560 dicitur.
2735 3504 3194 3575 Quemadmodum
3227 3511 3372 3563 enim
3407 3511 3560 3576 illud,

1957 3574 2080 3647 licet
2109 3575 2212 3630 vile
2255 3575 2631 3647 abjectumque
2661 3577 2729 3632 sit
2747 3574 2772 3639 ,7
2813 3579 3011 3632 terram
3056 3579 3231 3633 reddit
3278 3582 3510 3634 feracem
3545 3574 3561 3635 ξ

1955 3644 2028 3718 ita
2069 3654 2123 3700 et
2169 3644 2518 3718 superborum
2543 3644 2709 3718 ruina
2760 3647 3044 3718 vilitasque
3092 3652 3300 3704 animas
3349 3659 3564 3706 nostras

1957 3715 2467 3791 virtutumjferaces
2515 3715 2700 3791 efl‘t_cit.
2752 3718 2854 3791 ﬁ:
2883 3715 3031 3791 Pone
3077 3721 3332 3791 principes
3387 3737 3563 3776 eorum

1956 3787 2085 3840 sicut
2114 3785 2265 3852 Oreb,
2291 3795 2337 3839 et
2361 3785 2487 3853 Zeb,
2511 3797 2555 3840 et
2579 3787 2730 3841 Zebte
2748 3799 2793 3842 et
2816 3785 3123 3844 Salmonan.
3146 3785 3302 3845 Viros
3323 3805 3567 3848 ennime-

1960 3866 2135 3932 morat
2179 3871 2210 3910 a
2255 3855 2512 3932 Gedeone
2538 3857 2869 3932 _interfecws
2899 3875 2924 3932 ε
2978 3872 3237 3930 rogatque
3293 3863 3566 3932 principes

1959 3925 2195 4002 hostium
2217 3940 2402 4002 parem
2434 3927 2616 3982 subire
2643 3925 3238 4002 sortem._aQuos'autem
3270 3925 3562 4002 principes,
3627 3974 3634 3980 .

1956 4000 2196 4071 apertius
2215 3997 2812 4071 declarantsequcntia.
2847 3998 3034 4071 Omnes
3081 3997 3338 4071 principes
3364 3997 3560 4067 eorum,

1959 4068 2058 4141 [ὗε
2081 4069 2169 4141 qui
2188 4068 2456 4141 digerunt,
2477 4066 2532 4141 _H
2540 4066 2779 4141 creditote
2816 4066 3166 4140 possideantus
3210 4066 3564 4127 sanetuarium

1961 4134 2389 4211 Dei.'Pri_neipes
2421 4139 2594 4211 igitur;
2615 4155 2721 4193 non
2745 4134 3005 4210 dignitate
3037 4152 3240 4196 tantum
3260 4183 3275 4210 ,
3301 4152 3565 4211 quantum

1958 4209 2162 4264 malitia
2184 4209 2315 4278 dicit
2344 4225 2358 4262 :
2386 4209 2733 4278 quamobrem
2763 4209 2860 4265 Dei
2891 4214 3255 4266 sanetuarium
3288 4209 3564 4269 hereditao

1961 4287 2068 4335 tem
2092 4294 2242 4335 suam
2275 4277 2388 4334 fore
2407 4277 2868 4349 imaginabuntur,
2897 4284 2970 4336 ita
3006 4292 3067 4336 ut
3091 4284 3291 4338 sanctis
3329 4286 3394 4337 ad
3423 4284 3566 4339 divi-

1965 4350 2102 4417 tias,
2149 4359 2204 4405 et
2228 4349 2424 4420 divinis
2466 4355 2532 4404 ad
2565 4351 2772 4405 lucrum
2823 4354 2896 4406 uti
2931 4361 3168 4420 possent.
3213 4354 3334 4408 Non
3389 4355 3567 4410 solum

1961 4430 2150 4493 autem»
2173 4421 2276 4475 hoc
2302 4418 2500 4493 faciunt
2541 4423 2631 4490 qui
2662 4418 2967 4493 saeravasa
3007 4423 3266 4493 diripiunt
3294 4433 3349 4478 et
3381 4435 3568 4482 sancta

1961 4490 2290 4563 divendunt;
2321 4490 2416 4546 sed
2455 4493 2780 4562 quicumque
2806 4491 2986 4548 diiiua
3013 4490 3386 4563 cauponantur
3431 4512 3567 4551 ven-

1961 4559 2151 4634 dentes
2181 4571 2236 4616 et
2265 4559 2509 4634 ementes
2534 4577 2596 4615 ea
2634 4559 2752 4630 qua:
2783 4564 2879 4618 Dei
2909 4573 3070 4631 sunt,
3103 4559 3158 4619 et
3185 4575 3337 4634 pacta
3386 4567 3568 4621 illicita

1965 4633 2248 4686 ineuntes:
2282 4631 2453 4700 qualis
2478 4643 2594 4686 erat
2624 4634 2808 4687 Simon
2831 4676 2846 4701 ,
2871 4635 2959 4704 qui
2991 4631 3310 4690 charismata
3341 4639 3572 4704 pecunia

1964 4718 2146 4776 emere
2183 4703 2404 4776 voluit:
2457 4705 2808 4776 quamobrem
2855 4703 3049 4760 Ρὲιτυδ
3093 4707 3241 4760 illum
3287 4703 3568 4776 indignqu

1959 4772 2220 4848 judicavit
2248 4773 2392 4827 dono
2423 4775 2592 4848 sancti
2618 4774 2848 4844 Spiritus
2889 4777 3026 4847 (Act.
3059 4776 3115 4832 8.
3152 4779 3236 4830 l8.
3282 4772 3440 4848 sqq.)'.
3477 4780 3569 4837 14.

1965 4843 2104 4896 Deus
2147 4859 2305 4912 meus,
2340 4859 2468 4912 pone
2497 4844 2614 4897 illos
2657 4854 2711 4896 ut
2736 4843 2938 4912 rotam;
2993 4849 3042 4899 id
3092 4856 3208 4912 cst,
3241 4848 3294 4901 itt
3321 4843 3571 4902 comnio-

1969 4915 2115 4968 tione
2150 4911 2206 4967 ἒι
2251 4911 2482 4967 instabili
2510 4927 2704 4985 cursu,
2729 4927 2783 4970 et
2803 4927 3061 4985 perpetua
3097 4911 3431 4973 mutatione:
3468 4919 3571 4976 hoc

1966 4985 2110 5038 enim
2141 4993 2272 5037 rota:
2302 4985 2598 5052 proprium.
2621 4984 2765 5038 Sicut
2791 4984 3033 5058 stipulam
3059 4999 3177 5042 ante
3198 4990 3380 5058 faciem
3403 4986 3531 5042 renti
3554 5007 3573 5056 ;

1967 5058 2048 5129 ita
2078 5065 2136 5108 ut
2163 5069 2423 5129 nusquam
2470 5065 2614 5108 stare
2666 5057 2906 5129 possint,
2966 5067 3023 5112 et
3069 5057 3330 5129 nusquam
3385 5075 3573 5116 eorum

1968 5126 2263 5196 substantia
2316 5135 2607 5194 appareat,
2665 5127 2866 5195 impetu
2921 5137 3098 5182 motus
3143 5126 3421 5196 dissipata.
3480 5132 3570 5186 l5.

1971 5195 2116 5269 Sicut
2163 5196 2294 5266 ignis
2317 5196 2403 5264 qui
2449 5196 2693 5269 comburit
2749 5199 2967 5267 sylram,
3009 5200 3136 5252 sicut
3162 5195 3373 5269 [innima
3429 5217 3574 5254 com-

1969 5267 2156 5342 burens
2184 5277 2397 5342 montes.
2453 5267 2821 5342 Ittl't'ttctQOStis
2851 5269 2969 5322 illos
3021 5267 3171 5324 esse'
3202 5279 3386 5342 rugat.
3431 5271 3576 5342 Ignis

1971 5339 2171 5405 quippe
2198 5337 2338 5390 utilis
2368 5337 2532 5409 estad
2564 5337 2905 5409 cuuﬂundnm
2935 5355 3125 5393 aurum
3158 5341 3236 5395 vel
3266 5337 3581 5409 argentum,

1970 5422 2233 5482 partemve
2256 5406 2590 5482 coquendum
2610 5447 2626 5470 ,
2657 5407 3110 5478 pltat-mactantque
3132 5421 3223 5466 aut
3251 5406 3376 5482 quid
3399 5414 3580 5468 simile

1971 5478 2043 5550 ad
2066 5478 2405 5532 commodum
2435 5488 2676 5550 nostrum
2710 5497 2721 5530 :
2767 5481 2905 5548 ignis
2932 5496 3059 5535 vero
3081 5497 3187 5550 quo
3218 5478 3578 5540 incenduntur

1972 5549 2171 5623 sylvae,
2202 5556 2294 5601 aut
2339 5547 2731 5623 comburuntur
2756 5547 3002 5623 montes,
3050 5547 3185 5623 nihil
3235 5554 3392 5608 nobis
3441 5556 3578 5623 parit

1975 5619 2101 5674 utile
2125 5628 2216 5671 aut
2245 5618 2610 5684 commodum,
2640 5619 2734 5674 Sed
2759 5621 2912 5675 ardet
2937 5621 3152 5690 quidem
3180 5618 3574 5689 vehementius,

1974 5690 2298 5746 exstinctum
2342 5698 2521 5744 autem
2555 5692 2684 5745 nihil
2715 5691 2858 5747 aliud
2889 5693 3126 5764 profert,
3155 5710 3314 5766 quam
3341 5697 3576 5756 favillam

2045 5862 2114 5926 (υ)
2151 5872 2286 5918 liuor
2311 5865 2640 5929 gravissimas.
