4198 6428
296 397 394 454 73⁸1

290 512 527 584 potentia
554 512 608 568 in
637 513 950 584 potentiam,
976 513 1045 570 de
1070 514 1262 569 virtute
1297 514 1361 584 in,
1381 513 1661 582 virtutem.
1690 514 1759 571 de
1783 515 1883 570 lut-

290 583 513 638 inilitate
542 585 592 638 iu
625 583 820 656 luctum
849 598 948 656 pro
971 585 1235 655 peccatis;
1278 583 1404 640 inde
1434 585 1484 639 in
1513 587 1881 640 mansuetudi-

290 671 412 726 nem
435 694 453 726 ,
482 664 664 726 postea
703 655 756 710 in
787 655 1099 725 perpetuum
1141 669 1266 726 erga
1299 657 1548 726 virtutem
1589 658 1877 721 allectum;

291 723 414 779 hinc
446 725 498 797 in
528 723 958 797 eleemosynam,
986 733 1096 778 tum
1142 723 1399 797 in'cordis
1428 727 1747 795 puritatem;
1786 727 1882 782 de-

291 810 435 849 mum
457 795 510 847 in
528 795 671 863 pacis
685 795 1138 850 constitutionem.
1161 795 1426 854 Coronam
1445 806 1621 851 autem
1639 798 1878 852 omnium

287 874 444 919 vocat
471 862 570 933 pro
591 862 814 936 Christo,
835 865 1306 936 persequutiones;
1333 867 1386 920 in
1413 866 1604 935 quibus
1631 868 1720 936 qui
1747 883 1879 922 con-

285 944 582 1004 summatus
615 943 670 990 et
700 933 966 1004 perfectus
989 933 1073 988 est
1109 933 1312 991 videbit
1359 933 1522 991 Deum
1551 933 1776 991 deorum
1822 937 1874 992 in

285 1003 414 1061 Sion
447 1006 499 1059 in
530 1003 747 1074 specula
787 1007 1023 1075 auium:
1055 1004 1183 1062 Sion
1211 1007 1354 1061 enim
1399 1007 1610 1075 specula
1655 1007 1872 1062 dicitur.

286 1075 561 1134 Proiectus
602 1089 730 1145 ergo
769 1074 1110 1130 beatitudinis
1155 1085 1239 1130 est
1288 1074 1456 1132 Deum
1493 1077 1717 1143 videre,
1768 1092 1874 1132 non

283 1145 608 1218 qualisest,
647 1145 1002 1218 sedqualiter
1033 1146 1147 1215 ipse
1188 1145 1428 1218 largitur.
1479 1147 1664 1202 Dicere
1699 1148 1876 1218 possis

284 1161 464 1216 quatis
495 1161 608 1208 est,
647 1161 742 1200 seu
770 1161 1002 1217 qllalllel’
1033 1161 1147 1215 ipse
1188 1161 1428 1272 migttur.
1479 1161 1664 1202 lucere
1699 1162 1873 1218 possis

284 1216 446 1288 etiam
474 1215 790 1288 liaecomnia
817 1232 848 1270 a
873 1216 1226 1288 diapsalmate
1284 1232 1318 1273 e
1335 1231 1441 1288 quo
1461 1218 1662 1287 loquuti
1687 1232 1873 1273 smnus

283 1285 353 1341 de
375 1285 532 1359 _Pet‘ro
556 1284 695 1359 diei_._
713 1285 906 1343 Beatus
931 1287 1127 1356 quippe
1159 1286 1285 1353 fuit,’
1307 1284 1396 1359 qui
1426 1284 1668 1359 tempore
1697 1288 1871 1359 _abne-

283 1355 511 1428 gationis
537 1354 788 1428 auxilium
815 1354 1005 1411 nactus
1027 1354 1112 1412 est
1139 1374 1153 1410 :
1175 1354 1521 1428 quamobrem
1537 1354 1658 1413 'non
1679 1356 1872 1428 despe-

283 1427 440 1496 ravit,
474 1424 597 1496 quia
614 1430 966 1483 .asrensiones
983 1441 1078 1495 per
1105 1424 1470 1496 pmnitentiam
1502 1429 1555 1483 iu
1583 1429 1745 1484 corde
1771 1424 1873 1484 suo

283 1493 545 1570 disposuit
571 1493 640 1550 In
658 1497 799 1570 valle
831 1493 1192 1570 (amararum.
1227 1496 1394 1570 iVides
1431 1500 1572 1554 enim
1598 1501 1872 1570 quomodo

283 1557 447 1628 ﬂevit,
472 1575 525 1621 et
549 1567 668 1619 novi
702 1557 1016 1635 legislaioris
1042 1565 1238 1623 Christi
1284 1557 1685 1624 benediction'es
1722 1572 1887 1626 acci-

281 1637 436 1705 piens
464 1637 531 1692 de
561 1637 753 1692 virtute
794 1639 845 1692 in
868 1638 1117 1692 virtutem
1149 1638 1242 1692 ivit
1286 1654 1303 1693 :
1348 1653 1572 1696 currens
1615 1641 1758 1695 enim
1800 1640 1868 1696 ad

281 1708 760 1780 resurrectionem.
792 1717 847 1763 et
882 1707 1071 1763 videns
1116 1708 1439 1773 linteamina,
1471 1711 1658 1765 videns
1684 1721 1868 1780 postea

277 1775 546 1832 Christum
571 1777 667 1847 ipsi
685 1786 1075 1844 occurrentem,
1094 1787 1150 1832 ut
1170 1781 1406 1836 narravit
1432 1780 1624 1847 Lucas,
1649 1775 1731 1840 his
1760 1798 1865 1837 non

277 1859 581 1922 contentus,
608 1848 664 1902 in
687 1849 848 1922 aliam
875 1849 1122 1922 virtutem
1152 1850 1202 1903 in
1229 1849 1358 1906 Sion
1383 1851 1657 1922 ascendit;
1690 1851 1866 1922 ibique

277 1933 462 1974 rursus
514 1919 654 1990 Deus
699 1917 920 1990 deorum
951 1919 1196 1974 Christus
1233 1921 1511 1990 apparuit.
1538 1917 1869 1978 benedictio-

279 2004 508 2062 nemque
538 1988 848 2062 impertivit,
891 2004 1181 2062 pacemque
1204 1988 1360 2062 quam
1389 1991 1662 2062 discipulis
1690 1992 1860 2060 dedit,

275 2068 331 2134 et
375 2058 574 2134 donum
624 2060 853 2128 Spiritus
894 2058 1179 2134 (Lucii.
1214 2058 1300 2117 ἐξ.
1333 2060 1489 2134 sqq.).
1527 2058 1595 2119 '9.
1649 2058 1866 2117 Domine

276 2128 415 2204 Deus
442 2131 709 2204 uirtutum,
736 2131 922 2204 exaudi
946 2132 1224 2204 orationem
1250 2128 1413 2204 meum
1440 2128 1465 2204 ἑν
1490 2133 1698 2204 auribus
1741 2151 1863 2204 per-

273 2199 576 2274 cipe,_Dcus
594 2198 774 2274 Iacob.
815 2200 1004 2274 Nonne
1025 2201 1216 2256 suﬂicit
1247 2203 1474 2274 audire?
1502 2203 1641 2272 Neu,
1670 2198 1861 2274 inquit,

265 2270 368 2325 scd
391 2270 550 2326 debet
577 2269 737 2326 etiam
757 2272 972 2327 auribus
995 2274 1301 2341 percipere;
1329 2273 1432 2328 hoc
1457 2283 1541 2328 est
1564 2269 1858 2330 inauribus

273 2355 501 2410 ponere;
534 2351 587 2394 ut
613 2342 776 2416 etiam
799 2344 996 2416 einunc
1013 2357 1120 2416 _non
1141 2343 1378 2411 perﬁciat
1402 2343 1453 2399 id
1481 2345 1622 2414 quod
1644 2347 1856 2416 petitur,

273 2423 457 2479 postea
509 2423 683 2485 tamen
728 2412 854 2467 illud
898 2413 1146 2482 impleat;
1181 2430 1303 2468 nam
1347 2412 1530 2482 utpote
1574 2412 1857 2485 propheta,

270 2491 496 2554 noverat
544 2484 724 2551 longo_
743 2492 982 2554 tempore
1012 2499 1153 2554 ropus
1195 2499 1316 2541 esse
1358 2500 1454 2554 pro
1485 2487 1550 2540 iis
1578 2484 1706 2553 quae
1733 2495 1859 2542 tunc

271 2552 593 2634 posutlabat.
638 2552 940 2636 piapsaliua
970 2552 1056 2608 hic
1078 2569 1290 2679 quoque
1315 2552 1432 2611 e're
1460 2552 1655 2625 posuit,
1687 2558 1858 2639 inter-

271 2631 489 2677 tuttlcns
517 2635 833 2679 orationem.
863 2633 1094 2679 ut'same
1123 2641 1183 2679 ea
1225 2636 1309 2679 em
1340 2635 1685 2679 precaretur.
1733 2641 1858 2679 nuta

267 2623 489 2697 mittens
517 2623 833 2697 orationem,
863 2623 1309 2697 ut'safpe’eadem
1340 2623 1685 2697 precaretur,
1733 2627 1859 2697 quia

267 2689 386 2747 hare
426 2693 490 2747 ad
521 2693 803 2748 humanam
843 2689 1132 2749 tendebaut
1179 2689 1423 2750 salutem.
1461 2696 1549 2752 10.
1595 2689 1861 2752 Protei-tor

266 2773 457 2848 auster,
487 2765 676 2848 aspice,
725 2762 884 2828 Deus,
923 2774 970 2818 et
1007 2767 1199 2848 respice
1239 2767 1500 2848 iri-faciem
1543 2768 1729 2848 (_Jltrt'sti
1763 2769 1857 2848 tui.

266 2831 405 2905 _Vide
436 2831 535 2905 nos
573 2843 660 2888 tua
699 2848 801 2903 ope
836 2850 1025 2905 egere;
1055 2831 1175 2905 vide
1221 2831 1412 2897 vulnus
1453 2837 1858 2894 medicamentis

264 2903 519 2958 humanis
541 2919 644 2958 non
666 2907 841 2966 satum
860 2903 1019 2970 {vide
1044 2904 1374 2961 cenl‘ractum
1406 2921 1498 2961 vas
1527 2923 1666 2963 esse.
1717 2907 1856 2964 Cor-

265 2988 365 3042 pus
393 2985 543 3050 tuum
574 2989 677 3050 non
707 2985 791 3030 est
804 2991 849 3050 ιι-
873 2985 1056 3050 nostro
1080 2978 1334 3050 alienum.
1378 2976 1444 3050 Et
1467 2979 1780 3050 sicirespice
1804 2983 1855 3035 in

264 3059 388 3118 nos.
419 3044 548 3118 a_tin
581 3046 766 3102 faciem
792 3045 986 3118 Christi
1019 3048 1128 3111 tui;
1163 3047 1212 3101 id
1240 3057 1356 3114 est,
1387 3048 1444 3102 in
1466 3046 1605 3104 facie
1632 3044 1853 3118 Christi,

263 3124 320 3186 u_t
353 3115 404 3169 in
434 3114 568 3186 Filio
592 3131 694 3170 nos
726 3130 916 3171 onines
940 3117 1095 3172 Pater
1126 3119 1444 3186 respiceret,
1472 3127 1525 3172 et
1549 3133 1671 3174 cum
1696 3114 1859 3176 bene;

302 3184 462 3259 laci_to
493 3185 664 3242 Patris
691 3195 1098 3259 corisurmntetur
1124 3184 1436 3259 mysterium
1465 3189 1620 3244 nobis
1648 3191 1852 3247 datum.

284 3254 371 3310 lur
395 3255 622 3330 Patrem
646 3271 741 3330 per
770 3257 983 3330 Filium,
1027 3273 1131 3312 non
1161 3254 1254 3330 per
1277 3258 1560 3328 prophetas
1588 3262 1856 3330 respicere

264 3326 536 3394 postulas?
570 3326 655 3381 Η.
688 3325 821 3390 Quia
851 3328 1030 3380 melior
1048 3337 1121 3381 est
1140 3325 1247 3382 dies
1269 3325 1450 3384 una-in
1477 3331 1622 3384 atriis
1648 3325 1746 3385 tuis
1767 3347 1855 3387 stt-

263 3411 354 3460 per
383 3395 567 3449 millia.
615 3397 764 3467 Atria
812 3398 904 3450 Dei
940 3397 1209 3452 Bethleem
1240 3410 1430 3465 vocat,
1472 3414 1722 3467 crucem,
1770 3417 1856 3458 re-

259 3470 668 3540 surrectionem.
717 3465 772 3520 In
820 3482 1138 3540 unaquaque
1183 3483 1311 3540 ergo
1355 3465 1715 3540 earum’dies'
1749 3487 1852 3526 una

261 3537 459 3608 melior
475 3549 576 3604 est,
607 3552 764 3606 quam
789 3537 959 3591 millia
979 3537 1299 3607 temporum.
1341 3539 1493 3608 Quod
1522 3541 1665 3596 enim
1710 3551 1848 3596 tem-

259 3619 390 3676 pora
415 3607 484 3677 ab
510 3618 629 3661 ortu
685 3608 866 3663 tnundi
893 3608 1070 3677 elapsa
1101 3625 1206 3663 non
1237 3607 1516 3674 fecerunt,
1566 3610 1618 3665 id
1665 3612 1717 3665 in
1759 3612 1848 3669 die

259 3684 411 3732 ortus
437 3676 654 3752 Christi,
679 3688 770 3752 aut
796 3676 1000 3743 crucis,
1030 3689 1122 3752 aut
1142 3682 1552 3752 resurrectionis
1575 3722 1588 3752 ,
1617 3683 1851 3752 itemque

258 3747 637 3820 assumptiouis
660 3751 906 3820 universo
925 3750 1110 3818 generi
1149 3751 1382 3805 humano
1412 3751 1679 3820 pratstitit.
1708 3747 1838 3819 Qua.

258 3823 480 3892 propter
506 3818 624 3892 haze
639 3819 776 3892 atria
801 3820 1076 3892 celebrans
1101 3820 1356 3892 propheta
1385 3818 1590 3892 eaquae
1619 3818 1853 3892 sequun-

259 3896 346 3941 tur
369 3889 556 3964 dix_it_:_
578 3887 725 3964 [Περὶ
765 3888 988 3957 abjectus
1027 3887 1133 3964 esse
1159 3887 1210 3943 in
1248 3892 1400 3944 domo
1562 3894 1666 3964 _mei
1690 3887 1852 3964 magis

255 3973 411 4032 quam
439 3959 664 4032 liabiiare
685 3961 735 4032 in
754 3961 1091 4032 tabernaculis
1113 3971 1450 4032 peccatorum.
1473 3961 1632 4026 Malo,
1653 3959 1843 4032 inquit,

259 4027 312 4102 in
337 4029 604 4102 praedictis
619 4031 766 4082 atriis
782 4045 903 4102 cum
923 4027 1184 4102 vilihns’et
1202 4031 1423 4100 abjectis
1444 4034 1665 4097 versari,
1690 4027 1848 4102 quam

259 4097 502 4173 habitare
531 4099 583 4169 in
611 4100 894 4173 synagogis
920 4100 1228 4173 Judscorum
1257 4097 1281 4163 ,⁷
1303 4119 1421 4170 qua:
1451 4117 1555 4156 non
1600 4097 1848 4158 tabérna-

255 4167 524 4240 cula'ltei,
545 4167 653 4240 sed
670 4167 1006 4238 peccatorum
1039 4172 1206 4239 legem
1250 4167 1702 4240 tra'nsgrrssorum
1729 4190 1850 4230 esse

255 4237 526 4293 dicuntur.
555 4237 750 4292 Mavult
772 4254 898 4308 ergo
923 4237 1176 4309 propheta
1204 4256 1323 4294 eum
1350 4237 1558 4296 latrone
1581 4244 1848 4298 heredita-

257 4317 366 4362 tem
395 4310 637 4376 accipcre
662 4310 748 4376 qui
775 4309 1062 4365 vilissimus
1092 4312 1142 4364 in
1173 4311 1409 4365 Ecclesia
1441 4313 1532 4366 Dei
1557 4328 1677 4369 esse
1699 4315 1847 4371 vidc-

257 4327 366 4362 tem
395 4327 637 4376 aCCIpCI'e
662 4327 678 4358 ι
701 4327 748 4363 ιιι
775 4327 1062 4365 vmssnnus
1092 4328 1142 4364 tn
1173 4327 1409 4365 bCCIBSla
1441 4327 1532 4366 vet
1557 4328 1677 4369 esse
1699 4327 1847 4371 vtae-

257 4387 363 4444 tur,
395 4389 487 4432 aut
513 4395 632 4434 cum
664 4327 984 4444 éhauanma,
1035 4397 1157 4450 qute
1183 4382 1386 4450 dejecta
1413 4383 1580 4436 micas
1603 4399 1635 4437 e
1663 4399 1847 4440 mensa

259 4451 514 4521 cadentes
543 4451 826 4518 expetebat
864 4491 878 4515 ,
909 4466 1066 4520 quam
1098 4463 1218 4504 cum
1258 4452 1461 4521 Caipha
1497 4463 1552 4506 et
1580 4469 1702 4507 cum
1731 4456 1847 4510 aliis

256 4520 584 4592 principibus
613 4521 946 4592 sacerdotum
975 4562 988 4583 ,
1036 4524 1125 4589 qui
1158 4523 1208 4575 in
1236 4520 1498 4592 synagoga
1538 4521 1846 4580 Iudaeorum

256 4590 458 4657 primas
503 4590 771 4644 tenebant.
827 4591 1054 4659 ldipsum
1086 4603 1139 4646 et
1186 4590 1283 4645 nos
1329 4590 1692 4659 post’ulemus,
1725 4610 1848 4651 eSse

256 4673 450 4732 nempe
476 4661 688 4732 ultimos
707 4662 969 4729 justOrum
1001 4673 1055 4715 et
1083 4663 1410 4728 abortivum,
1437 4673 1493 4716 ut
1525 4664 1720 4718 Paulus
1747 4667 1842 4732 ait,

254 4729 309 4807 ei
349 4746 452 4782 non
481 4729 719 4807 habitare
743 4745 862 4785 cum
896 4735 1263 4807 peccatoribus
1295 4732 1518 4807 (Ᾱίηϐοι-ἶ
1544 4735 1628 4788 15.
1661 4735 1712 4789 8.
1743 4737 1798 4807 9)
1829 4729 1842 4792 Ξ

253 4799 402 4854 disce
427 4801 568 4854 enim
599 4815 661 4856 ea
689 4817 808 4870 qua!
836 4799 1148 4870 sequuntur.
1182 4803 1266 4857 12.
1294 4802 1426 4866 Quia
1451 4799 1847 4861 misericordiam

253 4879 303 4944 et
332 4870 602 4944 _reritatem
620 4871 800 4944 diligit
841 4871 1252 4927 Dominus'Deus
1274 4915 1288 4938 ,
1313 4875 1529 4942 gratiam
1560 4886 1604 4926 et
1630 4877 1846 4944 gloriam

253 4940 393 4993 dabit
419 4940 870 5012 :tnisericordiam
892 4952 945 4996 et
967 4947 1240 4997 veritatem
1264 4940 1358 5012 pro
1383 4946 1445 4997 iis
1461 4946 1547 5012 qui
1565 4940 1846 5012 de'pecca-

255 5014 322 5082 tis
353 5011 714 5078 paenitentiam
745 5011 1005 5082 egerunt,
1049 5024 1102 5066 et
1131 5029 1222 5082 per
1253 5011 1675 5069 misericordiam
1706 5019 1845 5074 inter

247 5079 425 5161 justos
446 5081 677 5161 coeptati
698 5079 852 5161 sunt;
881 5097 976 5151 per
992 5079 1281 5161 veritatem
1300 5093 1499 5161 autem.
1525 5100 1629 5161 non
1661 5102 1843 5156 parem

255 5152 384 5222 ipsis
409 5161 606 5205 sortem
653 5152 851 5206 habent
879 5170 892 5205 :
946 5155 1085 5207 unde
1116 5163 1169 5208 et
1199 5154 1391 5222 abjecti
1423 5170 1543 5209 esse
1572 5152 1843 5214 dicuntur.

255 5220 437 5298 Itaque
467 5221 638 5298 iocum
672 5223 723 5275 in
753 5224 880 5292 ipsis
927 5224 1169 5298 ultimum
1214 5220 1553 5298 obtinentes,
1594 5231 1762 5298 gratia
1793 5241 1847 5285 et

250 5291 417 5359 gloria
455 5291 722 5346 donantur
767 5291 785 5345 ἐ
822 5295 988 5363 gratia
1013 5333 1028 5357 ,
1063 5296 1183 5362 quia
1222 5311 1316 5364 per
1354 5297 1579 5364 gratiam
1596 5291 1844 5354 'salutem

251 5364 684 5434 consequuntur;
730 5365 895 5432 gloria
919 5406 935 5429 ,
983 5365 1104 5431 quia
1132 5380 1254 5418 cum
1277 5366 1436 5434 jusus
1456 5410 1470 5433 ,
1506 5367 1629 5421 licet
1656 5370 1846 5425 ordine

255 5432 529 5502 postremi,
563 5432 946 5502 glorilicantur.
994 5435 1145 5501 Quod
1171 5432 1348 5491 autem
1380 5437 1430 5491 id
1465 5453 1646 5491 verum
1675 5441 1762 5502 sit,
1787 5451 1846 5496 et

250 5501 394 5570 quod
416 5500 882 5578 j_u_sti;neecssario
909 5500 1345 5578 primasteneant
1362 5549 1376 5573 ,
1401 5509 1674 5578 sequentia
1704 5500 1844 5578 indi-

250 5580 393 5647 cant.
427 5572 512 5625 l5.
547 5570 795 5647 Dominus
824 5570 924 5628 non
953 5575 1167 5647 privabit
1191 5576 1335 5630 bonis
1364 5570 1447 5632 eos
1467 5570 1556 5647 qui
1585 5573 1845 5634 ambulant

251 5642 303 5719 in
334 5643 640 5719 innocentia.
663 5643 764 5710 Qui
791 5647 906 5719 sine
933 5642 1131 5719 malitia
1159 5647 1428 5714 vixerunt,
1460 5642 1515 5703 et
1541 5650 1592 5702 in
1611 5650 1840 5719 justitia,

249 5711 301 5788 id
331 5712 534 5788 cst,_in
571 5713 871 5788 innocentia
911 5717 1108 5771 versati
1137 5727 1280 5788 sunt,
1315 5711 1422 5772 non
1449 5711 1724 5788 privantur
1750 5711 1845 5775 bo;

247 5782 350 5845 nis,
383 5780 477 5836 sed
506 5797 659 5862 pares
685 5785 890 5862 meriiis
917 5801 1146 5840 coronas
1171 5780 1596 5862 a_ccipient,'quia
1627 5790 1835 5862 Singuli

244 5867 394 5906 suam
424 5854 700 5909 mercedem
727 5857 974 5920 accipient
1018 5854 1304 5913 secundani
1324 5854 1586 5932 praprium
1612 5854 1835 5918 laborem

1527 400 1592 458 IN
1631 401 1952 460 PSALMUM
1995 402 2278 462 LXXXIV.

3498 396 3610 454 738

1997 516 2078 591 (ΙἹ
2114 514 2234 571 Cor.
2265 517 2322 591 δέ
2355 516 2434 586 8).
2488 515 2707 591 [lumine
2757 515 2898 591 Deus
2933 515 3179 591 virtutum
3201 511 3419 591 .ﬁratus
3452 512 3601 591 {ionio

1991 579 2078 653 qui
2109 599 2279 655 sperat
2305 589 2358 639 in
2386 579 2450 641 ie.
2486 587 2772 642 Pulchrum
2826 585 3041 641 l’salmo
3083 583 3344 655 propheta
3369 579 3601 650 sigillum

1989 653 2274 726 inposuit,
2325 671 2478 724 spem
2525 660 2577 712 iu
2627 659 2816 723 Deum,
2861 657 2948 712 cui
2995 653 3203 709 haerere
3231 653 3446 707 beatum
3493 661 3600 726 est.

1989 719 2206 802 Etenim
2248 719 2445 782 ancora
2487 719 2813 802 estjactatis
2839 741 2870 780 a
2916 733 3256 795 tempestate.
3288 719 3603 802 murus'ob-

1986 798 2150 872 sees-is
2193 797 2548 854 inconcussus
2593 797 2693 872 est.
2729 798 2787 852 lu
2819 801 3388 872 ettm__aulcm_$l)°'_‘"‘v
3419 797 3508 862 (1⁸η
3542 797 3597 872 if!

1987 866 2131 921 nulla
2174 883 2354 922 rerum
2399 869 2744 936 praesentium
2785 863 3033 932 conlidit,
3087 864 3183 920 sed
3214 861 3377 919 totius
3407 861 3596 918 mundi

1985 949 2138 1008 spem
2169 937 2224 992 in
2255 937 2422 994 Deum
2453 939 2734 1016 prmeiligit.

2167 1050 2216 1104 Ι.
2245 1047 2312 1104 In
2339 1051 2516 1120 ﬁnem,
2542 1050 2666 1121 [iliis
2694 1048 2843 1114 Core,
2878 1047 3119 1105 Psalmus
3171 1060 3400 1102 Lxxxtv.

2052 1138 2368 1198 Necessario
2391 1143 2554 1198 etiam
2586 1157 2729 1196 nunc
2782 1135 3126 1206 Psalmus'ln
3155 1140 3310 1209 ﬁnem
3338 1139 3590 1194 inscribi-

1983 1217 2106 1280 tur,
2155 1211 2240 1266 vel
2282 1212 2578 1268 secundum
2621 1206 3166 1280 aliosinterprcti-s,
3204 1206 3590 1273 Triumphalia.

1979 1279 2230 1336 Continet
2257 1283 2401 1337 enim
2432 1284 2702 1354 mysteria
2723 1284 2803 1354 in,
2818 1286 2935 1354 _ltne
2948 1279 3292 1335 isteculorum
3309 1289 3593 1354 __Ct_)nS_I.Iill-

1981 1362 2122 1424 [nata
2146 1391 2163 1417 ,
2207 1348 3017 1424 quaevere'tritmphaliasunt
3056 1361 3244 1405 contra
3289 1348 3588 1424 diabolum.

1976 1421 2031 1476 2.
2072 1419 2400 1496 Beneplacita
2447 1419 2701 1496 fuittibi,’
2737 1421 2954 1496 Domine
2975 1463 2990 1486 ,
3033 1432 3169 1496 terra
3216 1430 3334 1485 tua,
3365 1423 3589 1493 αυξτιὶκᾷ

1976 1489 2317 1561 captivitatem
2347 1489 2530 1548 Jacbb.
2559 1489 2896 1547 'Communia
2940 1489 3142 1546 homini
3169 1499 3226 1546 et
3257 1502 3416 1547 terra:
3460 1489 3590 1551 sunt

1975 1576 2037 1617 ea
2077 1577 2197 1632 quae
2241 1565 2587 1634 contingunt.
2610 1563 2743 1618 Nam
2787 1579 2909 1618 cum
2959 1572 3104 1617 terra
3139 1577 3396 1634 prospere
3441 1563 3582 1634 agit.

1975 1647 2233 1703 prOSpere
2257 1635 2368 1706 agit
2386 1632 2546 1706 etiam
2577 1633 2770 1699 homo;
2792 1643 2849 1689 et
2885 1649 3006 1706 cum
3029 1647 3091 1686 ea
3118 1632 3409 1701 castigatur
3425 1674 3440 1695 ,
3468 1632 3586 1706 ipso

1974 1717 2189 1774 quoque
2201 1703 2520 1772 corripitur,
2544 1713 2728 1772 utpote
2756 1706 2843 1772 qui
2871 1719 2958 1774 ex?
2975 1703 3088 1772 ipsa
3115 1714 3179 1774 et
3200 1715 3378 1757 ortqu
3401 1712 3456 1758 et
3483 1703 3584 1760 ali-

1974 1772 2216 1844 mentum
2251 1774 2484 1830 duxerit.
2516 1775 2880 1842 Quamobrem
2913 1773 2963 1827 id
2985 1814 3000 1837 ,
3041 1772 3183 1842 quod
3216 1787 3356 1844 nuuc
3383 1788 3414 1827 a
3447 1788 3581 1844 pro-

1911 1858 1918 1865 ·
1973 1843 2134 1913 pheta
2157 1845 2359 1899 dictum
2390 1855 2492 1910 est.
2515 1846 2878 1901 communiter
2898 1851 2981 1898 est
3008 1842 3378 1912 accipiendum
3391 1862 3412 1903 _:
3440 1842 3580 1915 quo-

1973 1915 2117 1970 niam
2149 1925 2424 1986 creatura,
2457 1917 2611 1986 cujus
2637 1915 2967 1986 elementum
2992 1924 3131 1968 terra
3162 1922 3277 1978 est,
3312 1924 3576 1986 nostram,

1971 1985 2264 2040 tsi-cundum
2305 1983 2562 2051 Paulum',
2619 1985 2828 2054 atcepit
2879 1983 3498 2054 redemptionemUlom.
3520 1987 3576 2044 8.

1973 2002 2264 2040 St'CIlllallm
2305 2002 2562 2051 ramum,
2619 2002 2746 2041 arce
2787 2002 2828 2040 ιι
2879 2002 3576 2054 reuempmnenttuont.5.

1973 2054 2203 2126 19-22),
2228 2071 2387 2126 quam
2419 2071 2561 2112 nunc
2610 2002 2870 2126 prepiieta
2901 2054 3299 2124 beneplaeitum
3327 2057 3576 2122 vocavit,

1969 2139 2263 2181 commune
2275 2126 2490 2197 quidem
2513 2141 2640 2198 erga
2669 2127 2938 2198 hominem
2961 2128 3256 2196 generatim
3276 2137 3572 2197 sumptum,

1969 2199 2060 2267 qui
2087 2209 2184 2251 cur
2212 2207 2352 2252 terra
2385 2197 2605 2252 vocetur
2633 2212 2780 2267 δίψα
2809 2197 3139 2267 declaratum
3186 2207 3301 2267 est;
3335 2199 3575 2267 particu-
3671 2204 3674 2208 '

1969 2265 2083 2321 lare
2113 2282 2242 2339 vero
2278 2282 2407 2339 erga
2446 2283 2543 2324 eos
2568 2284 2634 2339 ex
2671 2265 2868 2338 populo
2892 2265 3118 2339 Judaico
3145 2266 3239 2335 qui
3263 2265 3344 2339 _ad
3395 2268 3574 2338 ipsum
3658 2307 3661 2312 -

1967 2338 2214 2410 conversi
2233 2335 2376 2410 sutii,
2407 2353 2544 2410 quos
2560 2335 2924 2410 Captivitatem
2938 2335 3102 2410 [aeoli
3124 2336 3384 2410 propheta
3416 2335 3577 2394 voca-

1968 2407 2177 2479 vit.Sed
2194 2407 2464 2478 quodnam
2497 2407 2887 2477 beneplacitum
2916 2407 3046 2461 illud
3066 2409 3235 2479 luerit
3252 2423 3319 2472 ex
3340 2422 3576 2479 sequen-

1966 2477 2109 2532 tibus
2128 2477 2300 2534 diSce.
2329 2480 2382 2535 5.
2407 2480 2663 2534 Remisistt'
2697 2479 2988 2548 iniquitates
3018 2478 3152 2546 plebi
3180 2488 3300 2540 tute,
3329 2477 3574 2546 aperuisti

1966 2549 2137 2602 omnia
2153 2560 2362 2620 peccata
2387 2566 2580 2604 eorum.
2607 2549 3008 2619 Beneplacitum
3041 2564 3166 2620 erga
3207 2563 3304 2602 nos
3331 2549 3454 2618 jure
3483 2550 3572 2605 di-

1965 2627 2119 2690 catur
2139 2619 2163 2672 :'
2186 2635 2293 2684 non
2321 2636 2482 2675 unam
2509 2621 2728 2690 quippe,
2749 2621 2842 2674 sed
2868 2633 3060 2675 omnes
3085 2619 3394 2690 iniquitates
3416 2622 3572 2678 nobis

1965 2689 2219 2756 remisit;
2246 2691 2357 2745 imo
2372 2689 2733 2746 etiam’omnia
2767 2700 2982 2758 peccata
3015 2701 3202 2760 nostra
3219 2690 3572 2760 perclemen-

1965 2761 2092 2813 tiam
2119 2776 2272 2816 suam
2301 2763 2536 2832 operuit,
2570 2760 3024 2832 quemadmodum
3056 2759 3300 2816 medicus
3325 2761 3566 2818 medica-

1964 2832 2161 2914 mentis
2187 2831 2406 2914 vuinera
2431 2834 2632 2902 operit.
2661 2831 2978 2914 Iniquitates
3006 2839 3186 2914 autem
3218 2841 3272 2914 et
3301 2832 3521 2914 peccata
3544 2876 3560 2896 .

1964 2915 2072 2973 non
2105 2909 2165 2956 ut
2196 2900 2427 2973 itlipsum
2458 2900 3123 2973 repeteret,‘memoravit,
3155 2900 3252 2957 sed
3284 2900 3344 2956 ut
3378 2915 3568 2960 osten-

1962 2970 2138 3038 deret,
2171 2970 2290 3044 non
2317 2972 2492 3027 solum
2523 2970 2734 3028 ’Judzeis
2760 2987 2988 3043 quorum
3018 2971 3229 3044 scelera
3255 2973 3568 3044 iniquitates

1962 3051 2151 3124 contra
2204 3043 2378 3124 legem
2420 3052 2701 3124 vocantur,
2727 3043 3030 3124 utpotequi
3076 3043 3180 3097 sub
3221 3043 3568 3124 lege’b‘loysis

1962 3059 2151 3097 contra
2204 3059 2378 3168 legem
2420 3059 2701 3108 vocantur,
2727 3059 2914 3113 ulp0le
2940 3059 3030 3124 qui
3076 3059 3180 3097 sun
3221 3059 3340 3113 tege
3367 3059 3566 3116 uoysts

1962 3122 2168 3182 essent,
2191 3128 2250 3168 se
2315 3114 2566 3185 gentibus
2594 3115 2757 3169 etiam
2791 3114 3088 3180 remisisse,
3117 3128 3346 3183 quorum
3380 3114 3566 3185 lapsus

1964 3193 2178 3254 peccata
2205 3184 2565 3254 appellantur,
2589 3186 2843 3254 quoniam
2868 3185 2950 3239 sic
2975 3197 3220 3254 peccant,
3235 3195 3295 3239 ut
3318 3184 3566 3244 caelestes

1959 3254 2313 3378 CogitatiOnes
2333 3254 2400 3308 ad
2425 3253 2704 3309 stultitiam
2735 3253 3074 3309 convertant.
3109 3253 3411 3326 Diapsalma
3439 3271 3562 3310 mo-

1959 3323 2031 3378 du
2057 3324 2222 3378 ationi
2252 3324 2501 3378 additur.
2527 3325 2788 3378 nronheta
2820 3340 2927 3378 non
2958 3327 3226 3378 incassum
3255 3340 3562 3378 sermonem

1959 3323 2222 3378 dulationi
2252 3324 2501 3390 additur,
2527 3325 2788 3394 propheta
2820 3340 2927 3380 non
2958 3323 3226 3378 incassum
3255 3340 3563 3383 sermonem

1959 3395 2348 3466 intermitteute
2371 3435 2388 3460 ,
2419 3396 2513 3452 sed
2539 3398 2660 3466 quia
2708 3411 2904 3466 magna
2944 3395 3288 3463 expositurus
3313 3406 3460 3464 erat,
3491 3401 3564 3452 ob

1959 3464 2304 3534 defatigatam
2347 3465 2715 3535 magnitudine
2759 3464 3144 3520 révelationum
3186 3475 3460 3532 mentem,
3506 3478 3565 3524 ιιι

1958 3536 2260 3607 accuratius
2279 3551 2466 3592 eorum
2499 3537 3011 3607 contemplationem
3037 3546 3357 3601 resumeret,
3388 3537 3562 3592 inter-

1959 3606 2217 3662 missione
2242 3619 2376 3675 opus
2396 3607 2645 3660 habebat.
2671 3606 2726 3661 4.
2751 3606 2997 3676 Mitigasli
3023 3622 3222 3659 onmem
3242 3607 3374 3658 iram
3395 3617 3562 3672 tuam;

1956 3677 2177 3730 auertisti
2202 3677 2264 3748 ab
2301 3677 2381 3730 ira
2407 3677 2773 3748 indignationis
2798 3688 2917 3731 tute.
2952 3677 3088 3731 Iram
3137 3692 3243 3731 non
3272 3693 3337 3730 ex
3369 3687 3560 3748 parte,

1959 3749 2054 3802 sed
2079 3747 2301 3802 omnino
2339 3747 2568 3814 sedavit,
2597 3762 2704 3802 non
2735 3757 2791 3802 ut
2821 3749 2964 3802 illam
2997 3747 3296 3802 remitteret
3321 3749 3386 3801 ad
3418 3747 3558 3804 tem?-

1957 3833 2078 3888 pus,
2105 3817 2198 3872 sed
2246 3827 2302 3872 ut
2351 3819 2496 3872 illam
2544 3819 2760 3887 penitus
2803 3819 3063 3884 aboleret,
3097 3817 3412 3887 nullumque
3442 3820 3560 3889 ejus

1958 3889 2350 3960 monimentum
2400 3889 2733 3960 relinqueret
2765 3907 2778 3943 :
2810 3889 3332 3960 quaprpptcriaverti
3376 3889 3445 3944 ab
3478 3893 3558 3947 ira

1957 3959 2340 4027 indignationis
2378 3973 2490 4012 sua:
2519 3957 2717 4013 dicitur
2749 3977 2762 4013 :
2797 3957 3046 4014 videlicet
3097 3957 3163 4013 ad
3209 3959 3556 4017 clementiatn

1955 4029 2268 4084 declinavit.
2295 4029 2400 4083 Sed
2421 4031 2672 4099 quoniam
2706 4029 2880 4083 futura
2913 4041 2968 4082 ut
3003 4030 3284 4097 praesentia
3311 4043 3554 4099 expone-

1956 4100 2066 4164 bat,
2093 4101 2412 4170 prophetico
2463 4115 2590 4170 usus
2635 4100 2950 4156 charactere
2979 4116 2991 4150 :
3024 4100 3144 4153 vide
3173 4105 3446 4170 quomodo
3488 4101 3556 4158 ad

1955 4169 2320 4240 precationem
2374 4169 2712 4240 prophetiam
2757 4171 3056 4232 convertit,
3090 4169 3385 4224 ostendens
3440 4173 3558 4229 ha-c

1956 4241 2190 4295 nondum
2222 4240 2512 4304 accidisse,
2542 4241 2637 4295 sed
2679 4242 2730 4294 in
2774 4255 2869 4309 Spe
2898 4241 3131 4310 reposita
3162 4254 3301 4294 esse.
3330 4241 3381 4295 5.
3415 4240 3554 4296 Con-

1954 4323 2086 4365 verte
2122 4326 2213 4363 nos
2235 4352 2248 4374 ,
2287 4311 2421 4364 Deus
2449 4312 2752 4364 salutarium
2782 4322 3073 4366 nostrorum
3092 4352 3106 4372 ,
3139 4319 3188 4364 et
3220 4320 3386 4364 averte
3423 4313 3556 4366 iram

1955 4391 2095 4434 luant
2115 4397 2145 4433 a
2165 4381 2325 4452 nobis.
2342 4381 2456 4436 Non
2476 4397 2604 4452 ergo
2626 4382 2848 4436 allectus
2871 4382 3022 4445 estin
3049 4381 3159 4436 Deo
3180 4381 3384 4444 ira,sed
3407 4399 3556 4437 com-

1955 4452 2176 4506 minatio
2196 4451 2262 4505 ad
2289 4453 2528 4508 nostram
2553 4453 2861 4508 utilitatem.
2883 4452 3222 4520 Quapropter
3249 4453 3292 4505 si
3321 4468 3554 4508 ccttver-

1956 4533 2154 4588 tamur,
2191 4526 2451 4576 avertitur
2470 4533 2524 4578 et
2569 4525 2681 4593 ipse
2705 4523 2774 4577 ab
2813 4524 2912 4590 ira,
2942 4531 2996 4576 et
3022 4523 3284 4592 quiescit,
3312 4535 3555 4579 nostram

1954 4593 2180 4646 salutem
2225 4594 2610 4662 magnifaciens
2631 4636 2644 4656 ,
2672 4595 2741 4646 ita
2773 4603 2828 4646 nt
2855 4593 3051 4648 multas
3081 4593 3222 4646 illius
3249 4594 3361 4646 vias
3398 4594 3551 4648 inve-

1955 4663 2084 4725 niat.
2106 4663 2408 4732 multosque
2426 4665 2489 4717 ad
2517 4664 2566 4718 id
2587 4664 2776 4719 modos
2793 4664 3095 4732 excogitet;
3125 4662 3247 4717 ideo
3266 4667 3385 4730 jure
3417 4666 3557 4719 licus

1953 4734 2259 4787 salutarium
2286 4745 2528 4789 vocatur.
2559 4736 2611 4789 6.
2644 4733 2915 4802 Numquid
2949 4735 3000 4787 in
3031 4744 3278 4788 arternnm
3317 4736 3557 4791 irasceris

1953 4805 2117 4868 nobis,
2141 4805 2491 4875 autrextendes
2519 4807 2650 4858 iram
2681 4815 2820 4858 tuam
2847 4824 2878 4857 a
2906 4805 3228 4875 generatione
3254 4805 3306 4857 in
3336 4821 3554 4874 genera-

1956 4876 2180 4928 tionem?
2205 4874 2466 4930 Terribile
2483 4877 2697 4944 quidem
2720 4877 2880 4929 etiam
2910 4874 3050 4929 nunc
3067 4885 3144 4928 est
3173 4877 3336 4928 [leum
3356 4875 3554 4931 adver-

1953 4959 2045 4999 sus
2076 4946 2321 5000 homines
2353 4948 2532 5011 irasci,
2556 4947 2653 5002 sed
2690 4949 2812 5017 quia
2859 4948 2910 5000 in
2953 4945 3204 5014 prmsenti
3239 4947 3555 5016 plerumque

1957 5017 2234 5070 tolerantia
2260 5017 2443 5081 utitur,
2480 5017 2637 5086 longe
2661 5017 2953 5072 terribilior
2982 5017 3164 5081 utique
3193 5027 3276 5070 est
3316 5017 3394 5070 ira
3415 5032 3554 5072 vcn-

1955 5095 2095 5159 iura.
2121 5087 2294 5157 [legat
2321 5088 2480 5157 igitur
2507 5103 2571 5142 ne
2594 5088 2752 5159 nobis
2792 5087 3223 5159 irascatur_Deus
3253 5101 3349 5159 per
3381 5095 3552 5144 totum

1953 5156 2057 5210 hoc
2101 5156 2378 5223 saeculum,
2412 5173 2548 5212 neve
2588 5172 2618 5210 a
2657 5157 3005 5227 generatione
3057 5156 3157 5210 hac
3211 5158 3262 5211 in
3320 5158 3554 5214 futuram

1955 5229 2241 5281 transferat
2264 5227 2395 5281 iram
2427 5243 2613 5292 suam;
2645 5230 2739 5282 sed
2767 5237 2826 5282 ut
2846 5243 2907 5280 ea
2933 5243 3031 5298 per
3055 5229 3174 5296 ejus
3204 5229 3550 5285 clementiam

1953 5299 2343 5367 cxstinguatur.
2373 5302 2486 5364 Qua
2517 5301 2726 5354 ratione
2748 5309 2926 5353 autem
2958 5307 3012 5353 et
3037 5315 3145 5368 quo
3175 5299 3366 5364 modo,
3397 5301 3556 5357 nobis

1955 5368 2161 5436 supinis
2192 5368 2258 5421 ad
2299 5370 2708 5423 conversionem
2760 5370 3122 5434 manentibus,
3155 5369 3204 5422 id
3243 5370 3512 5424 el’liciatur
3536 5411 3552 5435 ,

1953 5440 2230 5508 sequentia
2252 5439 2702 5496 demunstrantﬂ.
2728 5439 2884 5505 Deus,
2903 5451 2954 5492 tu
2978 5455 3248 5493 conversus
3278 5441 3556 5503 viviﬁcabt's

1954 5515 2044 5562 no's
2064 5558 2077 5570 ,
2100 5518 2145 5562 et
2172 5509 2312 5577 plebs
2333 5519 2422 5564 tua
2451 5509 2703 5563 ltetabitur
2729 5511 2780 5564 in
2821 5519 2888 5562 te.
2938 5510 3094 5564 Dices
3139 5512 3550 5566 conversionem

1956 5581 2048 5651 Dei
2080 5594 2201 5634 esse
2236 5580 2404 5651 illam,
2426 5597 2586 5651 quam
2615 5596 2713 5634 nos
2734 5579 3072 5646 exhibemus,
3103 5581 3552 5651 conversionem;

1953 5649 2046 5704 scd
2075 5649 2292 5720 proprie
2321 5665 2382 5705 ea
2407 5649 2670 5719 estquam
2703 5651 2819 5720 ipse
2843 5667 2939 5719 pro
2971 5651 3125 5704 nobis
3146 5650 3401 5720 exhibet:
3424 5651 3558 5708 dicit

1953 5718 2097 5790 enim
2128 5737 2142 5773 :
2176 5718 2313 5775 Deus
2338 5762 2350 5783 ,
2379 5731 2431 5774 tu
2461 5718 3029 5790 conversusviviﬁcabis
3071 5737 3182 5772 nos.
3213 5719 3367 5787 Quod
3408 5720 3554 5778 claro

1953 5789 2150 5845 factum
2173 5792 2256 5846 est
2281 5831 2296 5855 ,
2328 5807 2449 5845 cum
2479 5793 2784 5846 incarnatus
2814 5801 2866 5846 et
2898 5793 3058 5845 homo
3090 5791 3282 5854 factus.
3315 5793 3550 5861 seipsum

1952 5875 2054 5934 pro
2080 5861 2235 5919 nobis
2261 5861 2453 5919 obtulit
2477 5904 2493 5934 ,
2524 5872 2578 5918 et
2605 5863 3011 5920 conversionem
3040 5871 3280 5918 nostram
3302 5862 3354 5918 in
3378 5863 3556 5922 seinse
