4198 6436
689 398 792 456 767

690 512 818 568 dicit
847 509 1113 582 apostolos
1141 522 1347 582 omnes.
1378 505 1442 562 lli
1469 504 1608 582 enim
1635 501 1949 582 ipsumnplus
1966 513 2270 582 quamnon-

690 599 787 638 nes
813 568 899 640 alii
929 589 1205 647 noverant,
1222 587 1281 634 ut
1305 579 1475 646 ipsqu
1498 575 1550 629 in
1571 568 2078 647 Evangeliisaudisti
2097 568 2271 624 dicen-

689 669 794 707 tem
831 670 843 705 :
880 642 1035 706 Pater
1047 642 1206 720 juste,
1238 642 1455 720 mundus
1483 655 1530 698 te
1558 642 1657 698 non
1679 642 1912 720 cognovit
1938 655 1955 694 :
1985 649 2272 720 ego_attt_ent

687 723 802 776 novi
823 731 892 783 te,
911 731 952 776 et
973 709 1072 789 ipsi
1093 709 1333 774 noverunt
1346 717 1474 789 quia
1489 725 1544 768 tu
1564 731 1642 789 me
1660 709 1840 789 ntiiisti
1855 709 2030 789 (Joan'.
2047 710 2133 764 17.
2154 709 2267 780 15).

689 782 935 847 Attamen
966 782 1182 862 propter
1217 782 1478 862 passionis
1525 785 1792 862 miseriam
1830 782 1894 835 ad
1922 790 2130 862 tempus
2154 795 2271 862 om-

687 877 784 916 nes
815 851 1045 932 elongati
1068 851 1232 914 sunt:
1257 857 1316 932 _ld
1347 865 1526 932 autem
1559 869 1664 909 non
1695 853 1842 922 ipsis,
1859 851 1958 932 sed
1990 851 2131 932 Patri
2163 851 2268 903 int-

688 939 919 999 putatur.
942 924 1162 1002 illorum
1185 929 1326 983 enim
1353 927 1601 1002 virtutem
1629 924 2130 1002 superat'it_crttcis
2152 935 2267 1002 ψει

685 989 924 1056 sterinm.
947 999 1078 1055 Illud
1097 1013 1258 1070 porro
1276 1012 1342 1052 ex
1365 996 1634 1050 voluntate
1659 989 1713 1049 et
1739 991 2070 1060 bcncplacito
2091 989 2266 1045 Patris

682 1072 975 1126 eveniebat.

1019 1160 1071 1214 1.
1105 1156 1398 1212 Intellectus
1426 1154 1645 1210 ﬁniam
1673 1151 1944 1208 Israelita.

1211 1249 1450 1304 Psalmus
1488 1261 1740 1302 Lxxxvm.

754 1342 807 1396 1.
847 1340 998 1395 Alius
1035 1349 1118 1395 est
1166 1338 1250 1394 hic
1280 1340 1601 1409 psalmorum
1632 1345 1831 1409 cantor
1871 1333 1941 1389 ab
1969 1349 2034 1390 eo
2075 1336 2263 1409 qui__i_n

684 1411 839 1465 titulo
865 1411 1172 1480 octogesimi
1199 1404 1409 1480 septimi
1452 1407 1642 1462 Psalmi
1674 1404 2139 1480 commemoratur.
2166 1404 2262 1460 Ille

681 1481 877 1550 quippe
912 1475 1106 1535 Einan
1127 1520 1141 1542 ,
1172 1475 1507 1534 hic'IEtltam
1538 1477 1830 1545 appellatus
1856 1485 1956 1529 est.
1992 1475 2261 1550 Erantque

685 1546 825 1605 forte
839 1551 1049 1620 cognati
1071 1560 1161 1604 aut
1180 1550 1426 1620 concives
1451 1564 1464 1600 :
1488 1557 1809 1620 quapropter
1847 1555 2069 1620 uterque
2101 1546 2260 1620 Israe-

683 1622 802 1676 lites
819 1617 1038 1676 vocatus
1062 1627 1162 1682 est,
1192 1619 1242 1672 id
1271 1618 1699 1688 cognominisvel
1715 1631 1788 1688 ex
1817 1617 2151 1688 cognatione,
2175 1619 2255 1671 vel

683 1707 749 1745 ex
777 1691 892 1744 loco
915 1690 1074 1746 nacti.
1100 1685 1391 1744 Intellectus
1414 1687 1574 1743 etiam
1603 1686 1688 1742 hic
1713 1685 1952 1742 Psalmus
1973 1686 2258 1755 inscriptus

681 1771 765 1814 est
793 1779 806 1813 :
837 1759 1138 1829 de'magnis
1166 1760 1305 1814 enim
1329 1768 1384 1812 et
1407 1758 1472 1812 ad
1504 1757 1598 1812 Dei
1631 1755 1955 1829 intellectum
1977 1757 2258 1829 pertinen-

683 1831 822 1884 tibus
859 1831 912 1885 in
943 1825 1044 1886 hac
1085 1829 1358 1897 prophetia
1387 1829 1582 1898 agitur.
1626 1825 1682 1881 2.
1706 1825 2092 1898 AMisericordias
2117 1835 2251 1892 tuas,

679 1899 914 1959 Domine.
945 1901 997 1952 in
1023 1896 1262 1953 siccatum
1287 1896 1516 1952 cantabo.
1548 1896 1809 1952 Saeculum
1839 1896 1967 1950 dicit
1995 1911 2250 1962 praesens.

683 1970 777 2023 llic
801 1969 1220 2024 misericordiam
1249 1983 1354 2023 non
1385 1969 1544 2022 unius
1563 2009 1577 2030 ,
1606 1967 1698 2020 sed
1737 1965 2017 2020 multarum
2043 1969 2250 2035 specie-

681 2056 796 2093 rum
844 2053 972 2094 nutu
1020 2053 1118 2095 suo
1161 2038 1422 2094 concedit.
1491 2037 1796 2105 Baptisms,
1848 2037 2248 2105 pmnitentiam,

681 2111 1096 2180 olcemosynam,
1127 2123 1356 2180 quorum
1381 2107 1605 2177 singulis
1630 2122 1757 2180 usus
1787 2115 2054 2180 peccator,
2087 2109 2251 2163 mise-

680 2175 960 2234 ricordiam
990 2188 1045 2234 et
1072 2175 1450 2249 indulgentiam
1473 2175 1732 2249 consequi
1766 2186 1962 2249 potest.
2000 2175 2068 2230 In
2097 2194 2248 2247 gene.

679 2251 922 2304 rationem
947 2259 992 2319 et
1018 2247 1386 2319 generationem
1411 2248 1730 2319 annuntiabat
1750 2247 2006 2301 veritatem
2038 2257 2175 2301 tuam
2196 2249 2252 2303 in

677 2336 762 2372 ore
789 2336 917 2374 meo.
949 2317 1411 2389 ln'generationem
1436 2328 1484 2372 et
1511 2317 1898 2389 generationem,
1931 2327 2248 2389 praesentem

676 2389 877 2444 scilicet
915 2398 968 2443 ct
995 2387 1223 2443 l‘u'turam
1258 2407 1271 2441 :
1305 2389 1356 2442 in
1400 2387 1622 2456 utraque
1644 2388 1804 2456 enim
1847 2387 2122 2442 veritatem
2154 2388 2248 2444 Dei

677 2473 973 2521 narramus,
1001 2474 1140 2513 nunc
1166 2458 1309 2512 illam
1336 2472 1402 2512 ex
1430 2455 1605 2512 divina
1632 2455 1901 2525 Scriptura
1927 2457 2244 2525 ediscentes,

674 2529 866 2584 deinde
895 2543 1022 2584 vero
1061 2529 1188 2597 ipsis
1216 2543 1332 2582 eam
1360 2527 1608 2597 operibus
1635 2527 1956 2597 accipientes
1974 2567 1989 2591 ,
2017 2527 2248 2582 claram-

675 2613 779 2666 que
795 2601 1070 2654 veritatem
1083 2596 1144 2654 in
1165 2599 1376 2652 critcrio
1397 2596 1580 2652 nostro
1598 2596 1963 2667 splendentem
1983 2597 2243 2662 videntes,

672 2684 795 2722 rum
824 2669 1123 2724 mercedem
1150 2683 1369 2736 operum
1409 2683 1628 2722 suorum
1651 2667 1877 2736 quisque
1907 2668 2112 2736 recipit.
2140 2667 2245 2723 Sed

670 2754 774 2806 qua
803 2738 871 2793 de
910 2754 1068 2793 causa
1114 2738 1530 2793 misericordiam
1577 2739 1625 2790 in
1659 2738 1938 2806 przcsenti,
1968 2739 2242 2792 veritatem

670 2817 846 2862 autem
875 2818 980 2863 tam
1010 2810 1063 2862 in
1090 2809 1334 2878 praesenti
1371 2823 1526 2878 quam
1557 2807 1607 2860 in
1651 2807 1826 2861 futuro
1855 2808 2050 2861 smeulo
2075 2809 2166 2862 dat
2192 2810 2243 2878 in

674 2887 870 2932 sortem
893 2920 908 2944 ,
939 2877 1211 2945 sequentia
1252 2877 1555 2934 ostendunt.
1585 2878 1637 2931 5.
1671 2879 1918 2942 Quoniam
1942 2879 2147 2942 dixisti,
2176 2877 2244 2932 In

671 2960 914 3002 teternum
957 2949 1298 3002 misericordia
1339 2947 1670 3019 tediﬁcabitttr
1696 2949 1749 3000 in
1776 2947 1948 3011 aclis;
1980 2964 2241 3019 praepara-

672 3020 803 3070 bitur
827 3019 1004 3071 veritas
1047 3028 1152 3072 tua.
1189 3019 1277 3072 Dei
1299 3059 1314 3083 ,
1343 3018 1543 3086 inquit,
1577 3018 1850 3073 decretum
1887 3018 2106 3086 utraque
2129 3019 2240 3086 jam

671 3088 809 3141 dicta
836 3089 1125 3142 constituit.
1157 3088 1306 3153 Quod
1334 3088 1458 3141 illud
1485 3097 1572 3140 aut
1593 3089 1784 3157 quale?
1814 3086 1973 3143 Forte
1996 3088 2085 3142 Dei
2108 3105 2241 3157 pra:-

669 3157 865 3212 dicatio
898 3175 911 3211 :
947 3157 1299 3228 Paenitentiam
1337 3159 1468 3228 agite
1493 3159 1963 3228 :iapprOpinquavit
2003 3159 2133 3212 enim
2158 3177 2242 3212 re-

669 3243 824 3299 gnum
843 3230 1080 3283 caelorum
1105 3227 1384 3299 (Matt/n5.
1402 3228 1480 3296 2).
1508 3227 1754 3297 Urgentis
1773 3229 1914 3282 enim
1935 3238 2018 3284 est
2043 3229 2240 3284 dictum

669 3297 820 3361 illud,
849 3308 902 3353 et
932 3297 1233 3367 peccatores
1261 3298 1325 3351 ad
1354 3298 1716 3366 paenitentiam
1745 3299 2086 3357 concitantis.
2118 3300 2241 3354 ideo

669 3369 817 3433 dicit,
841 3367 1195 3421 Paenitentiam
1237 3378 1387 3438 agite.
1428 3368 1559 3433 Quia
1597 3384 1737 3422 nunc
1769 3368 2128 3422 misericordia
2162 3371 2242 3424 lo-

667 3453 789 3492 cum
821 3439 975 3492 habet
1017 3450 1071 3493 et
1102 3439 1184 3491 hic
1213 3439 1589 3508 indulgentiam
1636 3438 1788 3492 nobis
1818 3439 2015 3508 salutis
2045 3450 2240 3492 nostra:

667 3508 988 3563 architectus
1033 3508 1310 3562 aediﬁcavit
1339 3507 1513 3561 :illud
1561 3518 1735 3562 autem
1779 3507 2064 3578 obsignans
2107 3509 2239 3564 sub-

664 3579 834 3647 jungit
865 3596 880 3632 :
905 3579 1334 3649 Appi-apinquavit
1363 3580 1493 3631 enim
1520 3594 1728 3649 regnum
1755 3579 1993 3633 ctelorum
2019 3594 2037 3632 :
2061 3589 2241 3633 osten-

663 3650 797 3703 dens
817 3663 936 3702 cum
950 3647 1174 3717 regnum
1195 3649 1449 3702 czelorum
1469 3647 1760 3712 advenerit,
1779 3663 1884 3703 non
1908 3649 2040 3702 ultra
2065 3650 2236 3703 locum

665 3722 781 3773 fore
808 3719 1128 3787 paenitentiae
1149 3760 1162 3783 ,
1188 3719 1309 3787 quia
1341 3719 1615 3772 veritatem
1649 3719 1806 3786 judex
1835 3733 1985 3772 suam
2024 3720 2075 3773 in
2105 3723 2238 3775 caelo

669 3791 908 3856 paravit;
950 3790 1146 3842 veritas
1172 3799 1346 3843 autem
1384 3789 1573 3856 judicis
1602 3791 1716 3843 sine
1761 3790 1864 3843 ulla
1891 3790 2236 3844 commisera-

666 3861 809 3913 tione
834 3859 1088 3929 judicium
1117 3869 1348 3912 exercet.
1381 3859 1497 3926 Quo
1535 3869 1691 3927 pacto
1719 3858 2076 3913 misericordia
2105 3861 2234 3914 acdi-

668 3932 886 3993 ticatur,
919 3929 969 3982 id
1012 3939 1126 3992 est,
1170 3939 1530 3996 praeparatur,
1573 3938 1627 3981 et
1655 3929 1918 3998 quomodo
1947 3933 2140 3983 veritas
2185 3932 2234 3984 iu

663 4000 810 4069 cadis
847 3999 1103 4069 paratur?
1147 3999 1427 4054 Przeeunte
1451 3999 1696 4053 videlicet
1734 3999 1964 4067 judicio;
2008 4001 2101 4054 sed
2146 4017 2238 4068 per

663 4067 864 4122 Christi
891 4068 1173 4124 adventum
1204 4078 1485 4135 utrumque
1514 4086 1526 4120 :
1559 4071 1901 4137 quamobrem
1927 4069 2096 4138 ipsum
2125 4067 2236 4124 cla-

665 4139 876 4193 rissime
906 4141 958 4192 in
989 4139 1328 4208 sequentibus
1352 4139 1582 4192 exhibet.
1614 4139 1666 4192 tl.
1697 4139 1934 4207 Disposui
1975 4149 2237 4194 testamen-

667 4219 773 4260 tum
819 4210 986 4263 electis
1025 4211 1166 4262 meis.
1215 4208 1539 4278 Quodnam?
1577 4208 1982 4278 Evangelicum,
2026 4211 2090 4264 de
2134 4227 2238 4276 quo

667 4279 923 4332 Jcremias
950 4282 1204 4348 propheta
1237 4279 1351 4333 hinc
1374 4281 1447 4332 ait
1479 4297 1490 4329 :
1523 4277 1651 4331 Ecce
1692 4283 1796 4332 dies
1843 4282 2043 4332 veniunt
2065 4321 2078 4344 ,
2119 4282 2238 4332 dicit

667 4349 935 4414 Dominus,
954 4358 999 4402 et
1018 4350 1281 4418 disponam
1302 4349 1472 4400 domui
1494 4348 1656 4401 Israel
1677 4360 1717 4401 et
1737 4351 1902 4401 domui
1925 4349 1956 4401 J
1965 4352 2062 4402 uda
2085 4360 2236 4403 testa-

667 4429 888 4471 mentum
915 4434 1097 4471 novum
1121 4436 1138 4471 :
1165 4436 1261 4471 non
1290 4419 1563 4471 secundum
1590 4429 1952 4482 testamentum,
1973 4420 2106 4486 quod
2132 4421 2239 4474 dis-

669 4490 814 4555 posui
838 4505 950 4540 cum
989 4490 1213 4557 patribus
1239 4489 1410 4541 vestris
1431 4529 1442 4550 ,
1471 4506 1566 4555 qua
1595 4491 1674 4540 die
1699 4491 2008 4557 apprehendi
2034 4507 2240 4543 manum

669 4574 840 4611 rerum
862 4599 875 4621 ,
905 4568 956 4610 ut
981 4559 1236 4612 educerem
1265 4575 1346 4610 eos
1372 4559 1432 4610 de
1459 4569 1589 4611 terra
1615 4558 1832 4628 Angpti
1863 4561 2008 4628 (Jer.
2032 4561 2120 4613 51.
2149 4561 2237 4614 51.

673 4628 786 4698 52).
828 4628 894 4681 Et
929 4630 1046 4697 quis
1085 4630 1236 4697 hujus
1279 4630 1579 4698 testamenti
1613 4631 1871 4683 mediator
1899 4631 2023 4683 est?
2061 4629 2241 4683 Juravi

672 4697 839 4750 David
862 4713 999 4750 servo
1028 4714 1137 4750 meo
1167 4714 1184 4751 :
1213 4699 1264 4752 5.
1294 4697 1462 4768 Usque
1489 4699 1541 4750 in
1563 4708 1806 4751 wtcrnum
1837 4700 2129 4767 prarparabo
2159 4718 2240 4754 se-

672 4784 783 4839 men
807 4776 970 4833 tuum,
994 4778 1040 4821 et
1060 4767 1318 4839 a’diﬁcabo
1345 4767 1394 4820 in
1418 4770 1781 4837 generationem
1806 4781 1850 4822 et
1875 4772 2242 4839 generationem

669 4834 850 4909 solium
874 4847 1030 4890 tuum.
1059 4838 1215 4892 Vides
1239 4853 1382 4896 cum,
1404 4834 1492 4906 qui
1519 4855 1581 4891 ex
1608 4840 1810 4892 semine
1838 4834 1993 4892 David
2026 4841 2238 4909 prodiit,

673 4908 828 4974 hujus
860 4909 1153 4980 testamenti
1180 4909 1531 4980 mediatorem
1574 4925 1708 4962 esse.
1755 4909 1869 4963 Non
1903 4911 1953 4963 in
1996 4908 2240 4980 promptu

671 4979 983 5048 mysterium
1011 4979 1233 5047 perlicit,
1261 4979 1428 5046 inquit
1452 5019 1464 5040 ,
1496 4980 1585 5031 sed
1621 4981 1672 5031 in
1699 4980 1834 5033 caelo
1861 4992 2026 5048 parat.
2049 4979 2241 5035 Consi-

672 5047 799 5101 lium
827 5048 967 5100 enim
1006 5057 1120 5102 erat
1146 5049 1416 5116 antiquum
1446 5064 1507 5101 ac
1535 5064 1718 5103 verum
1740 5047 1995 5104 adventus
2021 5052 2240 5105 Clu-isti.

670 5119 1024 5184 Quamobrem
1048 5118 1257 5170 Davidis
1277 5134 1458 5171 semen
1484 5120 1531 5189 in
1553 5126 1808 5189 a‘ternnm
1832 5132 2242 5189 prmparaturunt

672 5204 732 5258 se
761 5189 1021 5258 promisit.
1051 5189 1316 5240 Christum
1351 5205 1476 5241 vero
1505 5188 1630 5242 dicit
1652 5230 1663 5251 ,
1696 5191 1761 5242 de
1787 5188 1892 5258 quo
1920 5195 2075 5244 etiam
2106 5194 2241 5245 Pau-

670 5257 755 5310 lus
793 5256 1047 5311 Romanis
1092 5259 1352 5311 scribebat
1399 5275 1409 5308 ε
1451 5258 1645 5310 Paulus
1688 5256 1856 5312 servus
1894 5261 2018 5314 Jesu
2061 5263 2245 5316 Christi

671 5335 875 5380 vocatus
912 5329 1190 5401 apostolus,
1218 5340 1519 5401 segregatus
1548 5329 1599 5380 in
1621 5331 1930 5401 euangelium
1953 5329 2048 5384 Dei
2068 5373 2082 5395 ,
2111 5337 2247 5401 quod

672 5405 790 5450 ante
815 5400 1108 5466 promiserat
1132 5400 1182 5449 in
1207 5398 1485 5464 Scripturis
1511 5400 1696 5451 sanctis
1714 5441 1728 5461 ,
1751 5398 1820 5454 de
1846 5400 1981 5454 Filio
2007 5419 2098 5456 suo
2122 5398 2245 5457 nato

673 5483 740 5540 ea:
761 5465 946 5520 semine
961 5465 1126 5540 David
1147 5467 1420 5520 secundum
1440 5485 1639 5520 carnem
1660 5470 1830 5538 (Rom.
1855 5475 1904 5523 1.
1931 5474 2072 5540 1-5).
2097 5474 2246 5528 Hunc

675 5537 948 5613 thronum,
981 5537 1185 5613 scilicet
1213 5540 1538 5613 regnum,_in
1565 5537 1958 5613 generationem
1993 5537 2046 5596 et
2082 5559 2245 5613 gene-

670 5605 931 5679 rationem
962 5605 1340 5679 tedilicaturu'm
1381 5623 1439 5663 se
1470 5605 1606 5662 Deus
1635 5612 1927 5678 pollicetur.
1977 5605 2246 5679 Qui'enim

673 5691 740 5752 ex
770 5677 972 5730 semine
1000 5677 1172 5752 David
1193 5680 1481 5752 secundum
1512 5677 1724 5734 carnem
1754 5693 1907 5736 natus
1927 5677 2027 5748 est,
2056 5695 2250 5752 prtBlL‘l'

671 5743 1060 5823 l_t_oc_regnum,
1106 5749 1264 5802 etiam
1309 5749 1537 5823 futurum
1569 5752 1834 5823 passidet,
1881 5755 1948 5806 de
1991 5743 2096 5823 quo
2137 5761 2250 5809 hate

679 5815 862 5872 Daniel
891 5818 1133 5887 loquutus
1174 5831 1252 5874 est
1285 5837 1296 5872 :
1329 5820 1393 5874 Et
1423 5821 1518 5890 ipsi
1543 5815 1689 5876 datus
1713 5833 1786 5878 cst
1822 5815 1989 5878 nonor
2009 5815 2061 5879 ἐτ
2085 5826 2245 5895 impe-

2169 383 2441 442 SPURIA-

2376 496 2511 550 riunt
2537 505 2581 549 et
2606 511 2818 566 regnum
2835 511 2855 550 :
2883 511 3053 550 ontnes
3075 492 3254 566 populi
3269 537 3288 554 .
3313 494 3494 556 tribus,
3524 496 3709 564 lingua:
3736 499 3942 552 servient

2380 568 2463 631 ei;
2486 582 2695 637 regnum
2719 567 2845 648 ejus,
2875 567 3469 648 regnutlisentpitelttum
3484 605 3514 648 ,_
3528 577 3575 620 et
3602 570 3945 648 potestas_ejls

2378 652 2480 690 non
2503 632 2845 706 corrumpitur
2869 632 3043 706 (Dan.
3072 636 3124 689 7.
3150 632 3274 705 μ’).
3304 632 3611 704 Βὶθρθιιιιιε
3631 637 3682 690 in
3713 632 3940 692 medium

2376 706 2607 774 Spiritus
2632 705 2842 778 induxit
2859 705 2887 768 ,’
2899 709 3024 778 quia
3054 720 3354 778 sermonem
3382 705 3650 778 transtulit
3676 705 3728 778 in
3755 721 3942 778 perso-

2379 773 2498 846 nam
2547 775 2836 846 pmphetaz.
2882 773 2935 830 6.
2973 773 3354 843 Conﬁtcbuntur
3388 776 3499 846 ccli
3543 773 3793 832 mirabilia
3833 788 3940 845 tua,

2375 844 2592 900 Domine
2611 863 2630 912 ,°
2647 844 2842 900 etenim
2865 847 3120 901 veritatem
3144 855 3283 899 luant
3310 847 3363 899 in
3388 845 3615 900 Ecclesia
3638 844 3944 906 sanctorum;

2373 917 2544 972 Canos
2587 917 2672 986 hic
2702 916 2932 986 intelligo
2973 931 3067 972 eos
3092 915 3201 986 qui
3246 915 3475 986 ctelestia
3522 918 3748 982 sapiunt.
3793 917 3942 974 Talis

2373 988 2572 1058 quippe
2597 985 2759 1058 homo
2782 985 3009 1058 caelestis
3029 985 3195 1058 etiath
3215 985 3675 1058 aLPaulotdicitur.
3704 986 3942 1058 Quapro-

2372 1055 2618 1128 pter'ltict
2647 1056 2762 1128 ipse
2789 1057 3044 1128 propheta
3074 1055 3197 1110 alibi
3223 1055 3352 1128 dicit
3378 1073 3394 1112 :
3417 1056 3539 1110 Caeli
3563 1068 3798 1110 enarrant
3822 1055 3942 1128 'glo.

2369 1123 2499 1180 riam
2524 1125 2621 1180 Dei
2663 1123 2959 1195 (PsalJS.
2992 1127 3096 1194 l);
3142 1127 3444 1195 apostolos,
3485 1134 3544 1180 nt
3585 1129 3742 1182 etiam
3773 1123 3935 1192 nunc,

2370 1195 2730 1252 subindicaus.
2780 1195 2844 1250 lli
2871 1195 3222 1266 conﬁtentur,
3254 1195 3306 1250 id
3345 1206 3458 1258 est,
3504 1211 3623 1250 cum
3650 1199 3940 1266 gratiarum

2368 1267 2578 1321 actione
2607 1267 2920 1320 annuntiant
2949 1267 3038 1321 Dei
3080 1265 3338 1319 mirabilia
3365 1276 3418 1320 et
3443 1265 3718 1321 veritatem
3747 1269 3799 1322 iu
3830 1268 3937 1323 Ec-

2371 1335 2529 1390 clesia
2552 1347 2874 1391 sanctorum.
2902 1336 3175 1404 Quorum?
3201 1335 3395 1389 Eorum
3420 1337 3508 1406 qui
3534 1336 3585 1390 in
3608 1337 3934 1393 Jerusalem:

2367 1406 2506 1474 quod
2535 1406 2707 1461 Lucas
2731 1407 2798 1460 de
2832 1407 3066 1460 Barnaba
3096 1415 3149 1459 et
3177 1405 3340 1460 Paulo
3371 1405 3514 1470 clare
3541 1407 3671 1461 dixit
3711 1409 3761 1460 in
3787 1409 3935 1464 Actis

2363 1477 2759 1544 apostolorum,
2788 1478 2998 1546 quando
3033 1477 3333 1546 congregati
3363 1485 3486 1531 sunt
3512 1478 3733 1544 apostoli
3762 1489 3816 1533 et
3843 1494 3933 1533 se-

2365 1547 2564 1611 niores,
2586 1547 2654 1601 de
2677 1549 2946 1616 pr0posita
2967 1548 3259 1616 qua-sticus
3284 1546 3620 1600 deliberaturi
3650 1566 3666 1602 :
3693 1549 3769 1602 sic
3789 1551 3936 1604 enim

2362 1616 2436 1686 ait
2469 1634 2482 1670 :
2521 1616 2677 1670 Siluit
2720 1618 2880 1670 omnis
2921 1628 3072 1670 (tctus
3095 1657 3108 1677 ,
3157 1616 3519 1686 audiebatith
3560 1616 3845 1672 Barnabatn
3882 1631 3932 1674 et

2365 1684 2587 1759 Paulum
2611 1701 2904 1759 narrantes,
2922 1702 3048 1759 quite
3077 1687 3231 1759 signa
3258 1684 3509 1759 Deusper
3543 1687 3679 1756 ipsos
3704 1690 3932 1759 gentibus

2359 1757 2556 1878 iecisset
2576 1758 2713 1825 (Act.
2739 1757 2822 1811 l5.
2850 1757 2956 1810 12).
2983 1756 3034 1810 7.
3059 1756 3307 1824 Quoniam
3328 1757 3438 1824 quis
3456 1757 3507 1809 in
3528 1756 3734 1812 nubibus

2393 1829 2490 1878 itur
2521 1826 2782 1878 Domino?
2825 1827 2897 1878 De
2931 1826 3136 1878 anaelis
3181 1827 3409 1878 loquitur
3447 1837 3500 1878 et
3541 1828 3608 1878 de
3651 1830 3734 1878 vir

2393 1829 2490 1878 itur
2521 1826 2782 1880 Domino?
2825 1827 2897 1881 Dc
2931 1826 3136 1897 angelis
3181 1827 3409 1897 loquitur
3447 1837 3500 1881 et
3541 1828 3608 1882 dc
3651 1826 3930 1885 virtutibus

2361 1895 2410 1967 in
2441 1897 2548 1950 alto
2575 1898 2895 1951 constitutis.
2944 1895 3140 1951 Similis
3180 1897 3274 1950 erit
3312 1895 3528 1950 Domino
3557 1898 3608 1951 in
3651 1899 3772 1967 ﬁliis
3815 1899 3926 1956 Dei.

2360 1965 2455 2019 llic
2483 1970 2932 2040 comparationem
2970 1983 3002 2020 a
3029 1968 3229 2022 sanctis
3265 1967 3431 2040 sumit
3454 1985 3467 2020 :
3495 1965 3727 2023 attamen
3755 1985 3928 2040 neque

2356 2037 2576 2104 angelus
2603 2053 2775 2110 neque
2805 2048 3016 2110 sanctus
3032 2046 3218 2110 potest
3243 2053 3364 2110 cum
3391 2037 3675 2110 Creatore,
3701 2040 3793 2110 qui
3829 2037 3933 2095 iu-

2357 2119 2451 2180 per
2477 2107 2655 2180 omnia
2682 2105 2786 2180 est,
2814 2105 3072 2180 conferri.
3109 2109 3364 2180 Apposite
3402 2117 3580 2180 autem
3617 2108 3686 2163 de
3719 2105 3926 2180 angelis

2355 2175 2578 2249 loquens
2606 2177 2758 2242 dixit,
2786 2177 3114 2249 Equabitur,
3136 2175 3385 2249 quoniam
3410 2178 3484 2233 illi
3514 2193 3723 2249 quoque
3752 2175 3930 2236 itiwr-

2357 2247 2503 2313 porei
2529 2257 2652 2302 sunt
2677 2265 2690 2300 :
2719 2248 2810 2302 sed
2848 2260 3020 2320 tamen
3059 2263 3166 2320 non
3196 2247 3391 2320 habent
3413 2247 3547 2320 cum
3565 2247 3677 2304 Deo
3703 2251 3922 2320 aequali-

2356 2326 2548 2383 tatem,
2577 2327 2759 2387 utpote
2787 2320 2875 2387 qui
2911 2319 2963 2372 itt
3004 2318 3135 2372 locis
3164 2318 3271 2372 sint
3298 2327 3352 2372 et
3378 2318 3881 2375 cit'cumscribantur
3906 2339 3921 2376 :

2353 2388 2696 2472 quamobrem
2721 2389 3004 2472 multitudo
3032 2397 3155 2468 sunt
3182 2389 3414 2472 inﬁnita;
3445 2388 3514 2443 de
3546 2392 3743 2472 sanctis
3768 2406 3919 2472 vero,

2353 2456 2549 2512 Similis
2573 2459 2684 2511 erit.
2719 2457 3109 2531 Etiamsi‘enitn
3139 2459 3523 2512 multitudinem
3548 2469 3603 2531 et
3639 2456 3920 2531 imaginem

2351 2541 2508 2594 quam
2537 2538 2860 2597 acceperunt
2883 2543 2912 2581 a
2940 2527 3050 2582 Deo
3073 2537 3287 2583 servent
3315 2539 3366 2581 et
3395 2528 3722 2594 custodiant,
3750 2527 3807 2586 at
3835 2531 3922 2587 illa

2350 2611 2414 2649 ex
2445 2607 2594 2665 parte
2622 2606 2824 2652 tantum
2851 2607 2902 2652 et
2929 2616 2957 2651 a
2985 2600 3094 2653 Deo
3121 2599 3237 2652 data
3263 2607 3382 2654 est:
3410 2601 3754 2666 quamobrem
3777 2616 3924 2656 com-

2349 2668 2554 2735 paratio
2589 2669 2880 2722 secundum
2902 2668 3004 2722 hoc
3034 2682 3139 2722 non
3170 2671 3375 2737 plenam
3413 2669 3809 2724 similitudinem
3837 2671 3940 2726 di-'

2348 2737 2438 2811 cit.
2473 2737 2602 2791 Nam
2633 2739 2720 2808 qui
2751 2740 2954 2808 accepit
2978 2739 3246 2811 quomodo
3265 2739 3408 2793 danti
3435 2740 3622 2795 similis
3646 2738 3804 2795 fuerit
3828 2743 3914 2811 qui

2348 2806 2525 2880 datum
2571 2806 2812 2877 repetere
2856 2806 3068 2878 potest?
3115 2808 3169 2863 8.
3199 2808 3334 2862 Deus
3358 2811 3488 2880 ,qtu'
3527 2806 3919 2880 gloriﬁcatar'in

2347 2879 2917 2952 consilio_sanctorunt,
2963 2895 3177 2949 magnus
3211 2890 3256 2932 et
3285 2879 3709 2951 tenibilis’super
3751 2897 3924 2952 omnes

2345 2950 2433 3014 qui
2454 2946 2506 3001 in
2534 2949 2747 3002 circuitu
2774 2950 2882 3020 ejus
2906 2946 3062 3020 suntf
3237 3018 3249 3020 _
3338 3019 3345 3020 ί
3621 2946 3632 2951 ⁷
3827 2946 3841 2969 ’⁸

2413 3020 2469 3074 2.
2508 3019 2767 3085 Quoniam
2794 3018 3088 3073 admodum
3116 3018 3308 3089 gaudet
3335 3019 3385 3073 in
3413 3027 3556 3076 cuitu
3583 3029 3911 3086 sanctorum,

2346 3095 2403 3142 et
2430 3089 2566 3142 hanc
2591 3089 2814 3158 gloriam
2847 3091 3113 3158 propriam
3137 3089 3234 3143 sibi
3258 3098 3434 3158 putat;
3469 3090 3717 3146 terribilis
3742 3101 3916 3157 tanien

2349 3157 2453 3232 illis
2503 3157 2613 3212 est.
2638 3157 2706 3232 lli
2729 3157 2871 3214 enim
2908 3159 2962 3214 itt
2984 3159 3206 3232 circuitu
3235 3161 3357 3232 ejus
3389 3169 3514 3216 sunt
3549 3161 3688 3232 quod
3729 3175 3916 3232 appro-

2344 3229 2600 3301 pinquant
2643 3229 2709 3283 ad
2736 3244 2858 3301 eum
2887 3245 2979 3298 per
3007 3230 3168 3283 vitam
3195 3229 3471 3286 sanctitate
3514 3229 3720 3301 plenam
3739 3229 3777 3298 ;“
3795 3229 3905 3289 ter-

2343 3299 2510 3370 ribilis
2544 3307 2722 3370 autem
2749 3300 2877 3366 ipsis
2918 3311 2972 3352 et
3001 3300 3213 3368 quando
3257 3313 3472 3369 peccant
3499 3299 3528 3364 ;’
3564 3316 3737 3370 neque
3772 3302 3916 3358 enim

2343 3367 2452 3423 ullo
2475 3369 2634 3423 modo
2656 3370 2708 3422 in
2729 3370 2904 3438 justos
2927 3367 3205 3438 peccantes
3227 3367 3447 3440 gratiam
3477 3367 3665 3432 inlcrti
3694 3373 3800 3426 imo

2344 3439 2448 3492 tius
2490 3439 2738 3494 terribilis
2776 3441 2938 3494 etiam
2975 3449 3056 3494 est
3085 3456 3190 3494 non
3237 3444 3588 3498 neccamibus.
3636 3441 3706 3495 it.
3735 3453 3788 3496 ut
3816 3388 3916 3498 flii;

2344 3439 2448 3492 tius
2490 3439 2738 3494 terribilis
2776 3441 2938 3494 etiam
2975 3449 3056 3494 est
3085 3456 3190 3494 non
3237 3439 3588 3508 peccantibus,
3636 3441 3706 3495 it.
3735 3453 3788 3496 ut
3816 3439 3917 3498 Joh

2343 3509 2490 3580 illum
2532 3511 2612 3563 sic
2652 3510 2987 3579 alloquatur:
3018 3511 3201 3563 Amore
3224 3528 3255 3563 a
3287 3528 3365 3564 me
3405 3529 3611 3564 manum
3625 3523 3832 3580 uuam;
3864 3522 3911 3567 et

2342 3578 2490 3632 timor
2517 3589 2632 3632 tuus
2661 3596 2761 3632 non
2781 3578 2881 3633 ’me
2908 3590 3086 3633 terreat
3113 3580 3231 3650 (Job
3255 3582 3337 3635 15.
3359 3583 3478 3648 Sil).
3509 3578 3696 3646 Terret
3741 3593 3916 3639 autem

2344 3664 2449 3702 non
2479 3649 2603 3703 odio
2630 3650 2846 3714 habens,
2878 3650 2970 3720 sed
2995 3649 3253 3717 parcens;
3281 3650 3425 3704 Beati
3449 3654 3593 3707 enim
3627 3669 3796 3707 attines
3833 3654 3916 3720 qui

2341 3720 2509 3791 timent
2543 3720 2831 3791 Dominum.
2856 3720 2907 3774 9.
2931 3717 3144 3791 Domine
3171 3720 3303 3775 Deus
3330 3723 3585 3786 virtutum,
3608 3725 3717 3791 quis
3739 3717 3915 3779 similis

2340 3790 2429 3842 tibi
2457 3789 2626 3860 (Psal.
2660 3790 2851 3864 127._i.
2878 3791 2974 3858 1)?
3004 3789 3331 3864 Frequenter
3350 3791 3485 3846 hanc
3517 3789 3702 3847 vocem
3728 3795 3916 3864 repetit

2341 3863 2618 3940 propheta,
2648 3876 2750 3940 non
2782 3861 3132 3940 interrogans,
3160 3863 3250 3940 sed
3281 3863 3662 3940 obstupesceus
3686 3905 3700 3926 ,
3743 3861 3801 3918 et
3824 3864 3913 3919 Dei

2341 3931 2771 3999 incomparabilia
2819 3931 3132 4000 praedicans.
3179 3931 3536 3998 Quamobrem
3593 3938 3761 4000 ipsum
3805 3949 3908 3989 non

2339 4001 2649 4070 simpliciter
2691 4001 2971 4055 Dominum
3003 4043 3016 4064 ,
3061 4001 3156 4056 sed
3212 4003 3375 4057 Deum
3440 4004 3692 4058 virtutum
3760 4019 3916 4059 voca-

2338 4072 2450 4143 vit;
2527 4071 2769 4125 videlicet
2836 4071 3182 4143 angelorum,
3251 4073 3722 4143 archangclorum,
3797 4075 3917 4130 sive

2340 4141 2862 4213 aliarumvirtutum
2907 4142 3080 4213 nobis,
3107 4143 3428 4198 occultarum
3456 4141 3488 4197 ἐ
3535 4160 3752 4213 quarum
3806 4146 3916 4200 sin-

2339 4212 2473 4290 gula:
2507 4212 2598 4264 Dei
2626 4211 2848 4290 imperio
2897 4212 3263 4280 subjiciuntur.
3304 4211 3584 4290 Quomodo
3631 4215 3786 4290 igitur
3815 4215 3914 4290 Do-

2340 4287 2486 4334 mino
2533 4297 2630 4334 suo
2669 4282 2871 4336 similes
2917 4296 3037 4336 esse
3065 4284 3325 4352 possunt?
3367 4283 3552 4338 Potens
3578 4282 3911 4349 millemille,

2343 4363 2390 4403 et
2440 4352 2618 4403 veritas
2652 4360 2739 4404 tua
2758 4353 2811 4405 in
2848 4354 3058 4406 circuitu
3110 4364 3214 4406 tuo.
3258 4353 3396 4408 Dixit
3424 4354 3790 4409 excellentiam
3822 4356 3913 4411 Dei

2344 4435 2501 4494 supra
2553 4431 2851 4486 creaturas;
2900 4437 3026 4476 ecce
3073 4422 3181 4491 jam
3239 4425 3590 4494 arqualitatem
3626 4428 3737 4494 ejus
3793 4440 3913 4481 eum

2344 4490 2691 4565 Filio_narrat
2722 4509 2734 4545 :
2780 4507 2846 4546 ne
2889 4490 3115 4565 fortasse
3141 4490 3462 4560 imaginaris,
3493 4504 3550 4548 ut
3580 4490 3790 4565 quidam
3818 4499 3914 4552 im-

2346 4561 2435 4637 pii,
2472 4561 2843 4637 _Fi|ium__es_se
2888 4563 3028 4617 Patri
3057 4563 3391 4637 dissimilem,
3435 4561 3610 4634 quem
3638 4568 3954 4637 veritatem;
3999 4629 4008 4637 ,

2344 4631 2514 4705 Patris
2538 4631 2842 4705 appellavit,
2887 4643 3069 4705 utpote
3111 4635 3201 4704 qui
3232 4650 3296 4689 ex
3340 4636 3432 4689 illo
3453 4631 3747 4705 procedat;
3777 4647 3830 4690 et
3857 4631 3930 4695 ἧκ’
3975 4671 3984 4692 .

2344 4702 2573 4774 circuitu
2611 4703 2780 4757 Patris
2810 4717 2928 4774 esse
2967 4704 3095 4758 dicit
3113 4702 3138 4768 ,7
3157 4706 3277 4774 quia
3322 4702 3667 4774 solus‘potest
3706 4707 3912 4761 Patrem

2345 4773 2841 4844 comprehendere:
2875 4773 2981 4842 ligo
3003 4773 3378 4844 enim,’lnqttit,
3398 4779 3449 4828 in
3484 4773 3656 4841 Patre,
3687 4787 3731 4829 et
3759 4775 3915 4831 Pater

2345 4843 2396 4892 in
2428 4859 2503 4894 me
2535 4841 2710 4913 (Joan.
2747 4843 2835 4897 lO.
2865 4841 2976 4913 58).
3009 4841 3473 4913 Comprehendere
3515 4857 3702 4917 autem;
3741 4856 3915 4917 potest

2347 4921 2402 4965 ut
2450 4927 2669 4993 magnus
2713 4923 3081 4993 magnanimut
3133 4915 3915 4993 potens_tpotetttem.__ldeoqu_c

2347 4997 2469 5035 cum
2526 4984 2667 5036 Patri
2711 4981 2950 5044 dixisset,
2983 4981 3166 5038 Poteris
3203 5001 3274 5050 es,
3308 4981 3551 5050 Domine,
3583 4987 3772 5054 adjecit
3803 4981 3916 5042 {Et

2346 5054 2525 5106 veritas
2569 5065 2656 5105 tua
2683 5054 2735 5106 in
2773 5055 2984 5106 circuitu
3030 5072 3113 5108 tuo
3144 5072 3162 5107 :
3193 5065 3249 5108 ut
3287 5058 3460 5111 discas
3490 5062 3773 5111 manum...
3799 5075 3826 5112 e
3861 5074 3916 5113 se

2347 5123 2557 5176 Patrem
2609 5135 2663 5198 et
2702 5133 2970 5198 potentem
2995 5165 3010 5188 ,
3059 5127 3431 5198 neminemque
3481 5143 3635 5198 posse
3677 5145 3795 5181 cum
3827 5131 3917 5182 illo

2348 5144 2557 5176 ι’ςιιΐρῐη
2609 5144 2663 5177 ει
2703 5144 2970 5192 μοιειιιυιη
2995 5165 3010 5188 ,
3059 5144 3431 5198 neminemque
3517 5144 3635 5182 0558
3677 5145 3795 5181 CUIII
3827 5144 3912 5182 1110

2348 5193 2681 5264 comparari;
2713 5195 2967 5263 aqualem
2999 5205 3172 5250 tamen
3196 5197 3292 5264 ipsi
3339 5213 3458 5252 esse
3481 5144 3694 5261 gilium,
3745 5199 3811 5252 ita
3857 5209 3912 5252 ut

2349 5264 2400 5316 in
2418 5262 2642 5340 circuitu
2661 5262 2914 5332 ejusesse
2934 5266 3155 5340 dicatur.
3181 5262 3265 5320 10.
3293 5266 3368 5340 Tu
3387 5270 3661 5322 dominaris
3691 5271 3916 5340 potestati

2349 5337 2754 5409 ntar_is_,t_motun_t
2779 5338 3212 5409 autem/luctuum
3254 5339 3363 5406 ejus
3385 5349 3437 5391 tu
3476 5337 3700 5409 mitigas.
3726 5342 3807 5394 Ah
3835 5343 3917 5394 in-

2350 5404 2646 5457 visibilibus
2689 5406 2753 5458 ad
2794 5404 3019 5460 visibilia
3048 5408 3138 5461 Dei
3167 5404 3391 5476 gloriam
3419 5404 3763 5472 transl‘érens,
3793 5428 3918 5465 cou-

2350 5485 2602 5544 gruenter
2649 5490 2828 5546 mare,
2889 5485 3069 5546 utpote
3119 5479 3383 5543 terribile,
3437 5483 3912 5535 connncmoravit:

2350 5547 2432 5599 cui
2464 5560 2630 5614 usque
2659 5545 2791 5620 adeo
2819 5545 3140 5611 dominatur,
3191 5558 3488 5620 utiarenam
3515 5552 3611 5620 ipsi
3640 5555 3919 5608 terminum

2353 5619 2623 5683 posuerit;
2657 5617 2859 5685 mitigat
2880 5627 3053 5690 autem
3083 5620 3196 5688 ejus
3238 5619 3427 5674 ﬂuctus
3465 5617 3694 5676 et'sedat
3726 5635 3920 5690 tempe-

2353 5695 2537 5748 states,
2585 5695 2771 5763 vcutos
2823 5689 3131 5763 retrahetts,
3157 5691 3251 5763 qui
3275 5690 3567 5763 perﬂantes
3604 5696 3776 5763 ipsum
3818 5689 3914 5763 agi-

2355 5765 2468 5809 tant
2517 5767 2570 5810 et
2613 5758 2890 5810 extollunt.
2923 5761 3007 5812 11.
3044 5759 3118 5812 Tu
3143 5762 3418 5815 lunniliasti
3464 5765 3591 5818 sicut
3620 5758 3918 5818 uulneratum

2357 5827 2644 5895 superbum.
2691 5828 2961 5884 Diabolum
2994 5831 3151 5894 dicit;
3199 5849 3260 5887 ex
3290 5834 3534 5902 superbia
3574 5837 3712 5889 enim
3743 5838 3912 5890 \nlne-
