4190 6424
261 331 370 392 γεδ

262 449 536 514 Dominus,
565 457 611 501 et
638 461 764 515 puer
792 460 965 515 meus,
984 459 1131 515 quem
1154 442 1280 513 elegi
1308 439 1457 515 (I_sai.
1483 441 1575 515 s3.
1605 437 1715 513 10).
1746 436 1855 492 Te-

258 521 361 575 stis
390 511 752 588 porrohﬁdelis
784 515 907 583 jure
936 511 1219 588 dicebatur
1233 511 1401 588 ,__quia
1429 511 1603 588 verbis
1633 511 1858 588 operum

258 580 427 644 tidem
457 586 661 642 addidit
687 604 702 640 :
726 580 911 640 verum
945 594 1068 638 tunc
1097 583 1278 637 Davidi
1299 580 1447 637 Deus
1473 580 1858 651 pollicebatur,

260 674 389 714 cum
408 672 554 713 erue
577 657 795 710 domum
820 669 1079 723 apparare
1102 653 1355 715 curabat;
1383 646 1630 723 sici'enim
1657 650 1731 703 ait
1754 665 1768 700 :
1795 646 1861 701 Et

261 728 513 785 suscitabo
554 742 721 781 semen
760 722 900 778 tuum
931 733 1042 791 post
1080 734 1127 776 te
1145 763 1162 788 ,
1202 724 1287 792 qui
1323 722 1607 792 egredietur
1630 738 1657 774 e
1684 728 1862 792 centre

260 808 376 865 tuo,
402 808 450 851 et
480 797 777 866 pmparabo
809 789 1019 866 regnum
1051 793 1163 863 ejus
1190 789 1631 866 :ipse'tediﬁcabit
1655 791 1863 866 domum

260 859 458 923 nomini
480 859 626 930 meo,
653 876 701 920 et
732 859 923 933 erigain
949 859 1185 917 thronum
1221 859 1330 933 ejus
1360 859 1520 932 usque
1542 862 1595 914 in
1622 859 1864 914 secutum

262 884 457 923 stomun
484 882 626 930 meo,
653 882 701 920 et
732 882 803 918 ert
839 882 923 916 ain
949 882 1185 917 tnronum
1221 882 1330 933 qus
1360 882 1520 932 usque
1542 882 1595 914 in
1622 882 1863 914 saccutum

262 938 360 1003 (3.
394 939 521 1008 Reg.
555 937 607 989 7.
638 935 725 990 12.
759 882 867 1008 ig)
898 952 913 989 :
939 947 1122 988 semen
1152 933 1315 1008 David
1340 933 1611 1008 Christuln
1644 937 1863 1008 propter

260 1000 495 1080 earneni
515 1020 728 1080 vocans.
757 1000 1096 1080 Quapropter
1124 1004 1200 1058 sic
1230 1003 1510 1080 Mattbzeus
1537 1000 1863 1080 Iivangplio:

263 1093 386 1150 rum
404 1077 636 1150 _init_ium
661 1069 893 1150 scripsit
921 1092 941 1150 _:
979 1069 1492 1150 Liiq_gennationis
1521 1069 1861 1150 lanuginis“

262 1147 362 1217 ﬁlii
394 1147 561 1202 David
583 1187 617 1217 ,ί
639 1146 731 1209 ﬁlii
771 1140 1030 1217 Abraham
1054 1145 1073 1215 (
1097 1140 1297 1217 Manli.
1320 1144 1371 1217 .
1403 1144 1429 1198 1
1456 1142 1498 1212 ).
1531 1142 1610 1197 De
1644 1140 1861 1217 Christo

302 1233 481 1288 noque
505 1210 792 1288 ait’Paulus
819 1230 833 1268 :
860 1215 938 1268 De
956 1210 1191 1288 ﬁlio;ejus
1209 1214 1297 1288 qui
1310 1210 1482 1288 [actus
1502 1221 1574 1288 est
1592 1210 1863 1288 essentthe

260 1233 481 1342 $uoque
505 1233 579 1270 alt
598 1233 792 1270 l'autus
819 1233 833 1268 :
860 1233 938 1268 ue
956 1233 1065 1283 [tuo
1083 1233 1191 1281 ejus
1209 1233 1295 1282 qut
1317 1233 1482 1280 jactus
1502 1233 1573 1295 est
1592 1233 1657 1266 ex
1673 1233 1862 1263 sentina

297 1288 436 1365 avid
469 1286 743 1365 secundum
771 1301 973 1365 cantem
1002 1286 1019 1352 (
1045 1284 1195 1338 Rom.
1227 1284 1278 1338 1.
1308 1285 1342 1338 5
1361 1286 1408 1365 )ἶ
1437 1282 1619 1365 Hujus
1640 1281 1862 1365 thronus

264 1360 410 1412 sicut
437 1357 519 1410 sul
546 1375 559 1410 :
587 1358 637 1409 in
666 1356 784 1409 luce
810 1354 950 1409 enim
979 1349 1201 1423 regnum
1232 1349 1486 1420 possidet.
1515 1349 1621 1409 Sed
1645 1360 1703 1405 ut
1728 1349 1862 1404 nihil

264 1430 518 1495 exiguum
542 1427 607 1480 de
633 1427 748 1492 ipso
772 1426 1098 1495 imagineris,
1121 1424 1321 1495 adjicit,
1348 1423 1413 1477 lu
1434 1434 1704 1495 conspectu
1722 1436 1864 1483 meo;

264 1498 320 1570 id
350 1493 454 1562 est,
487 1497 706 1564 mqualis
732 1493 1039 1570 meoXIIIud
1068 1494 1211 1548 enim
1238 1493 1579 1570 ἤκντιον-ιιοο
1598 1494 1717 1547 loco
1742 1505 1865 1570 pro-

307 1568 431 1622 heta
476 1562 580 1618 non
626 1581 722 1633 pro
763 1564 1070 1619 adversario
1111 1565 1350 1632 accepit,
1383 1563 1478 1618 sed
1516 1577 1619 1634 pro
1650 1562 1862 1634 aequali.

307 1583 431 1622 netu
476 1583 580 1618 IIOII
626 1583 722 1633 ί)Γο
763 1583 1070 1619 adversario
1111 1583 1350 1632 accepit,
1383 1583 1478 1618 seu
1516 1583 1616 1634 pro
1650 1583 1860 1630 inqua".

265 1583 480 1693 Etenim
520 1636 606 1691 ille
636 1638 773 1690 sicut
799 1636 915 1690 dies
944 1636 995 1688 iu
1027 1634 1280 1689 saeculum
1312 1641 1548 1703 paratur.
1597 1632 1860 1703 Saeculum

265 1720 399 1762 vero
422 1747 439 1773 ,
483 1718 538 1759 ut
571 1720 715 1775 saepe
741 1706 972 1760 diximus
997 1746 1010 1767 ,
1042 1714 1194 1759 vocat
1231 1701 1550 1773 praisentem
1580 1704 1781 1775 vitam;
1812 1701 1865 1754 in

263 1792 373 1847 qua
420 1792 524 1831 non
573 1786 630 1830 ut
654 1773 751 1830 isol
776 1817 790 1837 ,
824 1775 917 1847 sed
959 1786 1018 1828 ut
1056 1776 1181 1829 luna
1214 1774 1490 1847 perﬁcitur
1518 1788 1689 1847 :_nam
1729 1773 1868 1847 sicut

266 1844 395 1916 [una
424 1847 654 1916 eclipscs
682 1846 938 1912 quasdam
968 1855 1021 1899 et
1047 1846 1430 1900 conversiones
1471 1844 1668 1916 habet»,
1697 1844 1775 1896 sic
1814 1852 1866 1895 ct

266 1914 471 1973 Christi
496 1914 661 1986 gloria
688 1917 740 1970 in
771 1917 1015 1986 praesenti
1038 1916 1174 1985 apud
1200 1916 1457 1983 quosdam
1485 1914 1700 1986 deﬁcit»;
1724 1915 1865 1981 apud

266 1986 466 2056 Impios
492 1983 783 2049 videlicet;
803 1985 942 2053 apud
971 1983 1085 2053 pios
1105 1997 1282 2041 autem
1303 1986 1590 2040 exaltatur.
1613 1983 1866 2056 Aliquan-

266 2053 527 2113 do'enini
569 2058 712 2111 cedit
754 2057 1193 2126 persequentibus
1217 2096 1233 2120 ,
1279 2055 1643 2125 permittitque
1683 2053 1867 2126 fideles

266 2140 399 2182 suos
419 2128 674 2190 vinculis,
700 2123 1005 2181 carceribus
1026 2136 1078 2179 et
1106 2128 1263 2180 morti
1281 2123 1426 2179 tradi
1454 2143 1468 2180 :
1497 2126 1547 2179 id
1578 2123 1721 2194 quod
1746 2125 1864 2192 glo-

269 2196 367 2252 ria:
412 2199 577 2268 ipsius
617 2197 847 2251 defectio
889 2207 1297 2268 essepu'tatur;
1330 2195 1633 2268 aliquando
1674 2198 1864 2268 iterum

269 2264 653 2338 perset'meutcs
683 2269 972 2334 derepente
1000 2266 1175 2338 dejicit
1200 2306 1215 2328 ,
1244 2274 1300 2320 et
1327 2266 1378 2319 in
1408 2276 1611 2320 tantum
1641 2264 1864 2334 gloriani

268 2337 424 2391 Suam
450 2337 600 2391 eﬂ'ert
621 2378 635 2401 ,
666 2346 723 2391 ut
747 2351 842 2391 eos
869 2338 957 2405 qui
984 2352 1081 2404 pro
1113 2337 1227 2408 ipso
1247 2339 1557 2408 martyrium
1587 2339 1867 2392 subierunt

272 2408 374 2493 ipsi
424 2409 774 2477 imperatores
819 2413 1156 2461 venerentur.
1209 2405 1331 2461 Ideo
1378 2405 1428 2461 in
1474 2409 1723 2476 prtesenti
1763 2409 1863 2461 vita

267 2477 471 2531 Lbristi
517 2493 734 2543 regnum
775 2477 915 2530 tuine
956 2485 1316 2547 comparatur.
1367 2478 1665 2546 Diapsalma
1707 2478 1867 2547 igitur

270 2548 533 2617 propheta
570 2546 874 2602 necessario
909 2546 1149 2607 induxit,
1190 2548 1311 2617 quia
1352 2564 1473 2602 cum
1517 2546 1772 2602 hactenus
1798 2565 1862 2601 ex
1906 2578 1920 2589 ε

271 2616 504 2689 persenti
528 2618 619 2673 Dei
638 2618 795 2689 verba
821 2618 1281 2689 protulerit,nunc
1301 2616 1414 2687 ipse
1433 2619 1667 2672 vicissim
1697 2620 1861 2671 Deum

270 2686 582 2755 alloquitur.
611 2689 701 2743 39.
733 2686 809 2740 Tu
833 2703 949 2741 vero
976 2688 1202 2756 repulisti
1232 2698 1277 2740 et
1302 2686 1591 2756 despaisti.
1627 2689 1717 2743 Illa
1747 2704 1865 2756 per-

270 2771 527 2813 sonarum
552 2760 774 2813 mutatio
796 2757 1149 2826 simpliciores
1169 2758 1549 2826 obstupefecit;
1575 2760 1661 2813 illa
1687 2770 1863 2813 tamen

271 2826 551 2883 familiaris
579 2838 663 2883 est
694 2828 876 2882 Davidi
904 2869 921 2890 ,
958 2828 1077 2894 quia
1117 2843 1277 2882 scena
1318 2845 1475 2897 quam
1509 2830 1785 2896 psalleudo
1811 2842 1865 2885 et

272 2898 537 2952 citharam
569 2899 825 2967 pulsando
851 2899 1144 2963 constituit,
1176 2898 1298 2952 huic
1321 2900 1606 2953 admodum
1637 2916 1865 2955 conscn~

272 2977 431 3023 lanea
453 2979 553 3024 est.
581 2968 846 3024 Cteterum
868 2968 1159 3038 datasillas
1185 2970 1564 3037 promissiones
1587 2971 1651 3025 ad
1679 2980 1864 3038 gentes

270 3046 553 3110 spectare,
587 3056 690 3110 non
720 3048 894 3093 autem
922 3037 1250 3110 adludzeos,
1279 3055 1341 3092 ex
1375 3042 1437 3093 iis
1466 3056 1586 3110 qua:
1612 3056 1754 3096 nmtc
1779 3044 1862 3097 di—

271 3117 469 3179 cuntur
501 3109 755 3178 liquidum
796 3118 878 3163 est
918 3127 932 3161 :
973 3108 1104 3163 dicit
1140 3112 1282 3162 enim
1325 3108 1773 3179 illum‘repulisse
1810 3125 1863 3168 et

270 3177 582 3252 despexisse
614 3179 919 3235 ludmorum
946 3180 1200 3252 populum
1225 3222 1238 3243 ,
1270 3179 1428 3248 idest
1452 3222 1467 3246 ,
1496 3177 1821 3252 vilipendcre
1844 3224 1859 3239 .

271 3256 328 3303 et
370 3248 519 3304 nullo
546 3250 760 3318 dignum
801 3250 1125 3303 existimare.
1171 3250 1280 3317 Qua
1324 3248 1740 3307 ratione?'Audi
1772 3270 1861 3309 se-

269 3321 487 3393 qttentitt
508 3336 522 3375 :
541 3320 792 3374 Distulisti
812 3319 1071 3393 Christum
1088 3330 1245 3393 tuum.
1270 3322 1395 3389 Ejus
1416 3338 1645 3393 namque
1660 3325 1724 3378 ad
1733 3341 1860 3380 ven-

274 3397 386 3443 tum
414 3391 479 3443 ad
503 3401 709 3463 tempus
729 3390 994 3461 quoddam
1016 3390 1245 3463 distulit,
1278 3401 1458 3460 utpote
1484 3390 1602 3445 cuiu
1628 3396 1722 3463 ipsi
1754 3413 1859 3451 non

270 3469 460 3531 essent
495 3462 639 3531 digiti
670 3473 720 3515 et
765 3463 928 3530 parati
965 3461 1030 3514 ad
1066 3462 1455 3530 accipiendum.
1492 3463 1608 3517 Non
1643 3461 1742 3521 hoc
1770 3484 1860 3519 so-

269 3529 545 3586 lummodo
560 3529 870 3586 dilationem
888 3540 941 3584 et
954 3531 1259 3586 .Iudmurum
1278 3534 1586 3600 despectum
1604 3536 1858 3601 declarat,

269 3601 367 3657 sed
394 3604 555 3656 etiam
580 3618 639 3656 ea
662 3617 780 3672 qua:
803 3612 1119 3670 sequuntur.
1145 3603 1233 3656 40.
1260 3602 1494 3656 Eum-tisti
1515 3614 1861 3661 testamentum

269 3674 397 3727 servi
427 3674 519 3725 tui.
549 3673 701 3737 Quod
733 3681 1140 3743 testamentum,
1170 3682 1262 3727 aut
1289 3688 1411 3727 eum
1438 3676 1751 3743 quibusnam
1780 3678 1860 3731 la-

268 3752 414 3798 etum
447 3744 658 3806 evertit,
687 3744 787 3798 nisi
817 3742 943 3797 illud
968 3743 1107 3811 quod
1136 3758 1253 3795 cum
1281 3742 1479 3797 induas
1508 3757 1714 3813 pactum
1737 3750 1862 3802 est?

268 3825 393 3882 eum
422 3814 623 3867 scilicet
652 3815 829 3867 omnia
859 3829 976 3882 quae
1006 3813 1143 3880 apud
1186 3814 1329 3880 ipsos
1359 3824 1509 3867 erant
1547 3815 1781 3877 delevit.
1808 3829 1862 3873 et

268 3880 458 3955 legalis
485 3886 677 3938 evertit
719 3902 731 3938 :
774 3880 908 3953 quos
938 3894 1112 3939 tamen
1142 3900 1280 3937 nunc
1316 3899 1499 3937 Servos
1527 3897 1723 3951 vocat,
1754 3904 1859 3943 non

268 3954 412 4023 Qttod
444 3956 724 4024 praeceptis
753 3956 840 4009 Dei
870 3956 1124 4020 serviant,
1153 3955 1246 4008 sed
1281 3967 1335 4007 ut
1367 3956 1511 4008 iilnm
1541 3957 1605 4010 ad
1631 3962 1858 4012 commi-

267 4025 592 4095 serationem
622 4026 890 4093 pertrabat
914 4042 928 4078 :
951 4026 1214 4093 simulque
1238 4025 1445 4095 pigrum
1474 4042 1685 4082 servum
1710 4030 1858 4083 illum

267 4094 599 4168 subindicat,
629 4095 999 4168 qni_talentum
1028 4094 1311 4168 abscondit
1336 4095 1354 4168 (
1378 4095 1565 4168 Matth.
1596 4098 1683 4153 25.
1712 4100 1784 4155 25
1809 4103 1855 4168 ),

265 4164 467 4234 quique
493 4164 674 4235 populi
716 4166 921 4238 Judaici
951 4168 1171 4238 liguram
1202 4164 1438 4238 exhibet.
1481 4167 1778 4238 Profunasti
1806 4164 1859 4225 in

268 4244 403 4289 terra
440 4238 786 4307 sanctuarium
823 4236 953 4307 ejus.
998 4236 1112 4288 Non
1162 4248 1276 4306 eget
1323 4237 1422 4290 hoc
1460 4236 1856 4307 esplicatiunc:

265 4318 391 4360 nam
413 4305 515 4375 sub
531 4308 767 4360 omnium
786 4305 953 4360 oculis
973 4305 1245 4375 profanum
1265 4308 1373 4375 jam
1395 4318 1477 4362 est
1498 4305 1856 4365 sanctuarium

265 4375 397 4446 illud
430 4374 732 4446 Judteorum
756 4419 770 4440 ,
809 4378 949 4446 quod
977 4378 1043 4429 ab
1071 4374 1317 4431 omnibus
1346 4394 1449 4431 non
1484 4381 1653 4433 solum
1685 4380 1857 4434 homi-

261 4445 456 4508 nibus,
503 4445 595 4500 sed
635 4447 793 4500 etiam
822 4445 850 4499 a
874 4448 1131 4514 jumenlis
1170 4447 1454 4501 immundis
1482 4450 1737 4505 calcatur.
1767 4454 1853 4507 41.

260 4513 571 4597 Destruatisti
599 4533 769 4571 omnes
796 4513 938 4604 senes
962 4518 1088 4587 ejus.
1121 4517 1331 4604 Legalia
1360 4519 1532 4604 inquit
1556 4534 1851 4604 praecepta,

304 4602 384 4639 me
415 4586 537 4655 jure
573 4602 729 4661 sepes
759 4586 1095 4661 appellantur
1117 4630 1131 4651 ,
1162 4589 1232 4641 ob
1271 4586 1697 4661 maledictionem
1730 4586 1858 4661 ipsis

300 4665 464 4717 alam,
494 4674 615 4726 qua:
644 4659 916 4725 spinarum
947 4659 1180 4726 speciem
1215 4674 1323 4727 pra:
1354 4675 1411 4713 se
1444 4660 1596 4715 ferat.
1636 4659 1857 4717 Posuisti

260 4727 584 4800 ﬁrmamenta
611 4729 723 4795 ejus
744 4727 1086 4800 formidinem.
1128 4727 1181 4781 In
1225 4731 1287 4782 iis
1328 4731 1454 4800 ipsis
1480 4773 1494 4797 ,
1528 4733 1720 4800 quibus
1758 4749 1855 4788 ceu

260 4798 610 4851 munimentis
638 4797 975 4852 conﬁdebant
998 4840 1010 4861 ,
1056 4800 1106 4851 in
1131 4800 1315 4853 iisdem
1349 4797 1487 4857 nunc
1517 4797 1718 4858 mutata
1748 4806 1855 4859 rei-

261 4865 491 4938 publica;
522 4867 687 4921 forma
716 4871 1117 4938 pertimescunt,
1138 4885 1242 4923 non
1272 4871 1568 4936 immolare,
1594 4889 1697 4927 non
1724 4874 1854 4929 festa

258 4936 580 5009 celebrare,
620 4936 725 5009 non
765 4940 905 4992 aliud
943 4941 1211 5008 quidpiam
1250 4941 1418 5009 legale
1446 4946 1735 4999 observare
1762 4960 1856 4998 an-

260 5007 475 5079 dentes.
513 5007 603 5076 42·
634 5007 963 5079 Diripuerunt
998 5007 1110 5064 cunt
1150 5007 1323 5065 omnes
1357 5022 1670 5069 transeuntes
1699 5018 1851 5068 viain.

263 5075 415 5131 Viam
444 5075 642 5131 dixeris
671 5075 806 5134 hanc
829 5080 989 5133 vitam
1018 5083 1123 5133 :ait
1152 5082 1291 5135 enim
1319 5081 1564 5138 Christus
1595 5086 1646 5138 in
1676 5085 1819 5139 Evan

256 5149 413 5217 peliis
441 5165 454 5201 :
484 5147 608 5222 Esto
650 5150 912 5222 benevolus
954 5153 1241 5205 adversario
1277 5163 1362 5207 tuo
1382 5197 1396 5219 ,
1434 5156 1591 5209 donec
1617 5156 1772 5222 [ueris
1798 5160 1849 5210 in

256 5234 344 5292 tua
364 5220 620 5292 cinnipso
644 5219 855 5289 (Matth.
880 5222 931 5275 5.
959 5222 1072 5285 25).
1100 5222 1245 5276 lianc
1266 5219 1639 5292 pertranseunt
1659 5241 1847 5281 omnes

254 5288 347 5362 qui
389 5290 439 5341 in
467 5288 747 5362 Christum
779 5292 1154 5357 crediderunt,
1190 5288 1553 5362 perfunctorie
1586 5308 1640 5350 et
1680 5297 1854 5352 obiter

256 5360 423 5412 vitam
445 5360 810 5433 decurrentes,
833 5372 888 5415 et
910 5363 1034 5416 nulli
1058 5360 1236 5417 rerum
1262 5366 1415 5433 hujus
1439 5367 1620 5419 mundi
1646 5365 1853 5421 hieron-

257 5437 368 5506 t_es,
397 5430 491 5482 sed
520 5431 668 5506 brevi
699 5432 842 5485 illam
867 5434 1076 5488 emetiri
1109 5430 1421 5489 festinantes
1440 5478 1453 5495 ,
1482 5452 1509 5487 a
1538 5438 1729 5506 quibus
1754 5439 1850 5492 Ju-

252 5498 495 5553 dteorutn
527 5500 691 5574 ie:_ct
720 5506 1012 5570 prophettc,
1041 5520 1180 5557 verte
1210 5522 1402 5574 nempe
1428 5498 1852 5568 divitia-.subre-

253 5575 361 5643 plu;
399 5580 544 5623 sunt.
587 5570 778 5625 Factus
819 5583 892 5626 est
934 5576 1261 5643 approbrium
1302 5570 1476 5629 vicinis
1515 5578 1640 5631 suis.
1681 5579 1847 5633 Vicini

251 5637 557 5721 iudicarunt
618 5647 809 5696 merito
860 5637 1087 5721 dicimur
1134 5661 1148 5697 :
1194 5646 1433 5721 illosque
1468 5648 1849 5721 vituperabilcs

250 5714 475 5765 omnino
515 5722 761 5779 putamus
782 5753 799 5779 ,
842 5714 964 5782 quia
997 5728 1118 5769 cum
1151 5718 1295 5770 salus
1324 5714 1388 5771 ex
1421 5717 1551 5787 ipsis
1586 5714 1705 5772 orta
1737 5720 1844 5786 sit,

1545 320 1612 378 IN
1650 316 1978 378 ΡεΑωιυΜ
2016 314 2346 374 LXXXVIII.

3444 326 3556 384 75I

1972 434 2201 492 salutem
2235 443 2413 490 tamen
2456 448 2710 502 conseqm
2746 434 2953 490 nolunt.
2985 435 3077 490 43-
3111 431 3363 489 Exaltadi
3390 436 3565 492 dexte-

1968 523 2082 561 ram
2112 506 2497 573 deprimentium
2525 520 2657 559 cuin.

2039 578 2093 631 7.
2126 576 2288 631 Vides
2340 591 2463 630 eum
2490 575 2557 630 de
2599 574 2665 635 iis
2700 574 2840 644 loqui
2870 615 2886 645 ,
2925 575 3015 645 qui
3058 574 3356 629 Romanum
3388 586 3567 633 tenent

1968 647 2248 716 imperium
2300 647 2444 726 ipsos
2468 648 2666 726 quippe
2688 644 3235 726 illam_(synagogatn)
3260 645 3568 726 deprimere

1969 734 2128 773 nemo
2159 731 2265 771 non
2291 715 2470 779 videt;
2504 716 2611 771 imo
2638 717 2798 787 etiam
2827 715 3073 781 dextera,
3097 715 3149 770 id
3176 715 3259 771 εει
3284 758 3300 783 ,
3326 715 3563 787 potentia

1966 787 2185 845 exaltati
2216 794 2341 841 sunt
2364 828 2379 850 ,
2406 787 2597 841 latiore
2624 786 2806 841 donati
2840 788 3066 855 imperio
3086 826 3102 847 ,
3129 801 3193 841 ex
3224 786 3339 855 quo
3357 787 3570 843 Judaeu-

1967 874 2086 913 rum
2125 858 2396 925 regionem
2423 856 2728 927 depopulati
2772 866 2915 910 sunt.
2950 856 3245 926 Lattiﬁcasti
3272 874 3445 913 omnes
3467 858 3569 913 ini-

1969 928 2125 982 micos
2145 930 2275 999 ejus.
2306 928 2362 980 Si
2391 937 2579 999 gentes
2598 936 2751 999 vocet
2770 927 3015 982 inimicos
3038 967 3054 989 .
3084 928 3201 999 illas
3220 938 3369 999 certe
3394 929 3566 983 laetiti-

1969 999 2109 1053 cavit
2129 1026 2149 1062 ε,
2166 996 2282 1051 non
2312 996 2457 1066 qudd
2497 997 2618 1051 illos
2654 997 3012 1051 devastaverit
3044 1038 3058 1061 ,
3101 997 3194 1052 sed
3229 996 3371 1067 quod
3414 1000 3571 1056 nobis

1967 1070 2193 1139 gratiam
2221 1067 2540 1139 contulerit:
2569 1069 2650 1121 sin
2678 1068 2953 1121 daemonas
2972 1067 3115 1122 dicat
3134 1068 3379 1139 inimicos
3402 1111 3421 1139 ,ν
3446 1069 3567 1132 illos

1969 1136 2155 1201 utique
2186 1138 2478 1190 laetilicavit
2503 1176 2517 1201 ,
2552 1139 2805 1206 quoniam
2842 1153 3003 1192 manu
3034 1153 3129 1191 sua
3154 1136 3372 1193 Judteos
3398 1138 3571 1193 denu-

1970 1209 2115 1261 davit
2138 1249 2152 1269 ,
2197 1216 2252 1260 et
2280 1210 2610 1275 (ψρυτιῡιιοδ
2639 1208 2849 1261 insidiis
2883 1208 3081 1263 volenti
3110 1215 3303 1276 cuique
3330 1210 3571 1264 tradidit.

1969 1280 2059 1333 44.
2091 1279 2324 1350 Auertisti
2354 1278 2665 1348 adjutorium
2692 1278 2849 1350 gladii
2879 1280 3012 1348 ejus.
3043 1279 3119 1350 Pii
3148 1289 3297 1335 certe
3325 1278 3423 1334 viri
3449 1281 3571 1350 gla-

1971 1351 2095 1402 dius
2120 1359 2200 1402 est
2225 1348 2313 1417 Dei
2350 1356 2671 1417 pra~ceptuin
2700 1366 2712 1401 :
2748 1349 2839 1401 illo
2878 1350 3020 1402 enim
3054 1349 3389 1403 adversarias
3422 1348 3575 1417 pute-

1971 1428 2137 1474 states
2158 1416 2537 1487 proﬂigamus;
2554 1419 2904 1487 quamobrem
2929 1420 3125 1473 Paulus
3144 1418 3353 1475 diccbat
3376 1438 3390 1473 :
3420 1416 3574 1475 Vivus

1970 1491 2105 1561 enim
2126 1505 2291 1561 seer
2323 1487 2419 1541 Dei
2433 1522 2451 1561 χ
2484 1499 2531 1561 et
2556 1488 2753 1561 eﬂicax,
2772 1498 2819 1561 et
2847 1489 3209 1561 penetrabilior
3233 1492 3370 1543 omni
3398 1491 3575 1561 gladio

1971 1559 2186 1629 ancipiti
2211 1557 2483 1630 (Hebr._§.
2507 1557 2619 1628 12).
2644 1557 2873 1630 ﬁladius
2902 1569 3079 1613 autem
3113 1557 3421 1615 Judtcoruui
3449 1577 3573 1630 pro-

1978 1628 2123 1701 prius
2147 1628 2265 1683 erat
2289 1629 2371 1701 les
2399 1628 2615 1701 Moysis.
2644 1628 2810 1699 Hujus
2837 1630 3175 1701 adjutoriumf
3193 1632 3383 1701 avertit
3407 1648 3422 1694 ;
3450 1628 3573 1701 ejus

1972 1700 2115 1754 enim
2158 1698 2449 1770 secundum
2490 1698 2699 1770 literam
2730 1698 3223 1770 'usuni‘abrogavit.
3278 1698 3346 1753 Et
3384 1698 3495 1755 non
3522 1718 3573 1756 cs

1971 1770 2249 1823 auxiliata
2273 1770 2319 1825 ei
2345 1770 2399 1822 in
2427 1768 2578 1824 bello.
2607 1769 2893 1834 Quonam?
2918 1770 2971 1823 In
2999 1768 3225 1839 eti—quod
3254 1782 3439 1826 contra
3468 1787 3568 1828 nos

1978 1850 2364 1909 susceperunt:
2392 1854 2537 1911 sarpe
2567 1856 2796 1911 namque
2823 1840 3099 1895 nobiscum
3127 1857 3197 1895 ex
3228 1842 3345 1910 iege
3373 1852 3427 1895 et
3450 1856 3575 1911 pro-

1978 1910 2155 1983 phetis
2188 1910 2585 1983 pugnant;’sed
2618 1912 2856 1983 nonillis
2880 1911 3021 1983 Deus
3046 1952 3062 1970 .
3093 1911 3247 1983 nobis
3273 1910 3459 1966 autem
3480 1928 3576 1983 po-

1981 1982 2106 2044 tius,
2136 1981 2458 2051 scriptorum
2490 1982 2843 2050 patrocinium
2870 1981 3073 2051 praebet
3097 2023 3114 2048 ,
3142 1981 3267 2035 dum
3305 1983 3356 2036 in
3384 1981 3569 2037 eorum

1979 2049 2406 2124 accusationem,
2435 2051 2485 2103 in
2512 2060 2749 2124 nostram
2779 2049 2907 2105 vero
2935 2049 3303 2124 defensionem
3325 2094 3339 2117 ,
3367 2053 3572 2124 scripta

1973 2122 2151 2176 “mnia
2176 2122 2454 2189 pertrahit.
2485 2123 2574 2176 45.
2606 2121 2915 2175 Destruxisn
2955 2138 3069 2175 eum
3093 2122 3154 2174 ab
3186 2121 3568 2179 emundatione.

1973 2193 2091 2256 Quo
2141 2190 2341 2259 pacto?
2369 2191 2513 2261 Lege
2550 2201 2792 2246 statuens
2849 2207 3028 2245 veram
3081 2193 3515 2247 entnmlationcm
3550 2237 3565 2256 ,

1977 2262 2301 2331 baptismum
2334 2262 2558 2315 scilicet.
2581 2261 2973 2316 Eiuundatione
2995 2264 3139 2317 enim
3162 2264 3248 2317 illa
3272 2265 3566 2319 universali

1974 2332 2186 2386 inducta
2213 2348 2307 2398 per
2337 2332 2801 2401 praedicationem,
2834 2334 3241 2387 emundationes
3270 2335 3373 2387 illae
3402 2337 3569 2402 parti-

1973 2402 2182 2456 culares
2207 2402 2510 2457 Ιιιιιςυυτυηι
2538 2403 2751 2457 abolita:
2774 2415 2917 2457 sunt.
2949 2404 3308 2469 Quamobrem
3334 2418 3433 2471 pro
3454 2405 3568 2471 illo,

1974 2472 2299 2536 Destruaa'sti,
2332 2472 2495 2526 editio
2521 2473 2684 2527 Sexta
2709 2474 2884 2539 posuit
2913 2516 2926 2537 ,
2961 2472 3272 2527 Demersisti.
3301 2474 3569 2529 Turonum

1970 2544 2084 2611 ejus
2105 2545 2155 2596 in
2184 2555 2381 2614 terram,
2397 2542 2651 2596 collisisti.
2670 2544 2948 2599 Turonum
2966 2544 3172 2600 Scilicet
3198 2545 3313 2599 sive
3337 2546 3563 2614 regium,

1970 2614 2084 2667 sive
2128 2612 2443 2677 doctrinale,
2470 2616 2584 2669 sive
2627 2616 2961 2669 sacerdotale
3003 2615 3235 2679 dixeris;
3268 2617 3317 2669 bi
3360 2612 3568 2671 scilicet

1969 2698 2160 2754 omnes
2186 2684 2359 2737 throni
2385 2683 2691 2739 Judaeorum
2719 2686 2976 2741 destructi
3001 2696 3157 2751 sunt;
3193 2686 3421 2754 ideoque
3451 2688 3569 2741 col-

1971 2753 2054 2807 lisi
2082 2752 2244 2826 fuisse
2273 2754 2525 2826 dicuntur
2552 2756 2603 2809 in
2630 2766 2826 2809 terram
2853 2797 2867 2818 ,
2893 2757 2981 2809 ubi
3012 2756 3223 2809 illorum
3247 2752 3401 2826 rcges
3424 2796 3443 2824 ,
3474 2772 3566 2810 sa-

1970 2823 2217 2878 cerdotes
2259 2835 2313 2878 et
2351 2825 2602 2880 doctores
2645 2840 2867 2880 sensum
2905 2826 3125 2879 al'tixum
3165 2823 3419 2881 habuere.
3474 2827 3566 2885 46.

1972 2893 2246 2968 _)_!inomsti
2257 2896 2381 2968 dies
2400 2898 2638 2964 temporis
2662 2898 2805 2968 ejus;
2827 2897 3097 2967 perfudisti
3116 2912 3234 2951 eum
3247 2899 3566 2965 confusione.

1970 2964 2154 3034 Neque
2181 2966 2322 3039 enim
2352 2966 2571 3039 illorum
2593 2964 2893 3039 respublica
2917 2964 3131 3039 semper
3156 2964 3371 3031 mansit,
3396 2983 3571 3039 neque

1971 3036 2417 3103 quemadmodum
2453 3037 2689 3090 Ecclesia
2719 3053 2785 3091 ex
2821 3038 3071 3105 gentibus
3092 3081 3104 3100 ,
3138 3054 3308 3105 usque
3343 3039 3408 3091 ad
3439 3036 3570 3094 eo...

1972 3107 2382 3177 suminatiouem
2410 3108 2599 3177 sacculi
2620 3107 2737 3176 lege
2767 3109 2997 3162 stabilita
3029 3109 3129 3161 luit
3158 3128 3168 3159 :
3198 3126 3297 3177 qua
3318 3111 3384 3163 de
3406 3126 3565 3165 causa

1966 3176 2087 3242 jure
2127 3176 2441 3229 confusione
2487 3176 2685 3245 perfusi
2725 3178 2992 3232 dicuntur.
3037 3176 3225 3232 Palam
3257 3189 3341 3235 e-t
3389 3193 3567 3236 autem

1972 3247 2100 3317 ipsns
2141 3248 2211 3300 ob
2248 3246 2590 3317 iniquitatem
2640 3258 2849 3317 tempus
2893 3249 3197 3317 reipublica:
3229 3251 3567 3309 intminntum

1970 3315 2174 3389 luisse;
2204 3316 2259 3389 id
2288 3327 2466 3389 autem
2498 3315 2827 3389 iudicant'ea
2858 3315 2985 3387 quat
3004 3320 3149 3372 cirt-a
3177 3321 3435 3389 templum
3464 3323 3568 3377 Sa-

1971 3386 2171 3462 lotnoni
2202 3387 2343 3441 Deus
2370 3387 2727 3462 signiﬁcavit:
2850 3389 3012 3462 aversi
3057 3391 3254 3458 fueritis
3278 3386 3365 3445 uos
3394 3403 3439 3462 et
3469 3394 3566 3462 ﬁlii

1969 3459 2117 3511 vestri
2146 3474 2177 3509 τι
2209 3474 2304 3524 nte,
2331 3467 2375 3511 et
2397 3458 2728 3511 adoraveritis
2753 3460 2873 3512 deos
2902 3458 3115 3519 alienos,
3138 3462 3367 3526 auferant
3396 3458 3565 3517 Israel

1971 3528 2034 3600 de
2054 3538 2206 3590 terra,
2240 3544 2392 3591 quam
2417 3528 2537 3600 dedi
2558 3530 2629 3582 eis
2660 3545 2674 3581 .'
2704 3538 2748 3581 et
2779 3530 2983 3581 domum
3013 3530 3165 3596 hanc,
3194 3547 3346 3600 quam
3371 3533 3564 3586 sancti-

1969 3598 2116 3673 ﬁcapi
2132 3600 2328 3652 nomini
2344 3615 2471 3673 meo,
2488 3598 2725 3666 objiciunt
2745 3616 2777 3651 a
2791 3601 2922 3673 facie
2939 3601 3132 3673 menta.
3152 3598 3338 3673 lieg.9.
3358 3604 3412 3673 6)
3452 3603 3566 3657 Dia-

1970 3668 2172 3735 psalma
2208 3668 2540 3738 prepbetiam
2566 3668 2870 3725 necessario
2887 3672 3101 3738 excipit,
3117 3668 3245 3740 quia
3256 3668 3563 3729 lndtuorum

1973 3754 2197 3814 persona
2230 3740 2886 3814 relicta‘,_proﬁnn_ivetso
2928 3756 3127 3814 genere
3171 3744 3405 3798 humano
3430 3760 3562 3814 sup-

1969 3809 2308 3881 plicatiAOnem
2339 3811 2644 3881 emisitJ'l.
2676 3809 2966 3881 Usquequo',
2990 3810 3226 3878 Domine,
3253 3809 3564 3870 averteris—in

1969 3879 2517 3953 ﬁnem?Aversionem
2550 3882 2600 3953 in
2622 3879 2779 3934 linem
2799 3883 3024 3953 appellat
3052 3893 3249 3937 tantam
3280 3889 3566 3953 procrasti-

1971 3952 2238 4004 nationem
2270 3954 2531 4006 adventus
2555 3951 3079 4021 ServzitorisJNeque
3103 3954 3244 4009 enim
3272 3951 3375 4009 alio
3403 3959 3565 4011 modo

1966 4036 2139 4091 genus
2165 4032 2405 4075 nostrum
2436 4024 2780 4095 miseraturus
2810 4032 2921 4074 erat
2950 4024 3191 4095 Greater,
3210 4042 3369 4095 quam
3404 4028 3455 4081 in
3479 4042 3564 4083 sc-

1971 4096 2139 4160 ipsntn
2165 4093 2491 4146 assuntcndo
2519 4094 2779 4161 primitias
2800 4093 3565 4159 conspersionis.Fsardescet

1952 4168 2098 4216 sicut
2123 4164 2253 4233 ignis
2281 4165 2357 4215 ira
2389 4175 2474 4237 tua
2500 4179 2517 4215 :
2542 4163 2596 4237 id
2629 4172 2710 4237 est
2733 4205 2747 4228 ,
2786 4173 3071 4237 consumet
3106 4179 3199 4237 eos
3226 4206 3242 4230 ,
3272 4168 3369 4237 qui
3387 4167 3561 4237 ipsum

1968 4242 2379 4303 congregarnnt.
2424 4234 2553 4286 Illud
2586 4234 2727 4287 enim
2761 4244 2846 4287 est
2878 4235 2979 4297 igni
3013 4235 3305 4303 proprium.
3333 4234 3441 4291 cur
3462 4254 3563 4292 au-

1969 4314 2073 4358 tem
2099 4321 2203 4357 non
2234 4303 2367 4357 dixit
2387 4345 2401 4369 ,
2427 4304 2641 4376 Exarsit
2661 4346 2674 4368 ,
2705 4304 2800 4358 sed
2826 4346 2842 4370 ,
2879 4303 3188 4359 Ea'ardescet
3218 4306 3244 4359 ?
3272 4308 3404 4373 Quia
3438 4324 3557 4376 pec-

1966 4377 2229 4449 erutibus
2248 4376 2422 4440 nobis,
2444 4376 2583 4428 Deus
2609 4374 2875 4440 irascitur,
2895 4386 2949 4427 ut
2979 4386 3149 4443 pater,
3176 4378 3270 4431 sed
3298 4374 3562 4449 patienter

1971 4445 2181 4512 tolerat,
2200 4446 2375 4499 donec
2404 4460 2501 4498 nos
2527 4453 2806 4516 peccatum
2837 4459 3061 4513 peccato
3091 4445 3370 4509 addentes,
3392 4452 3560 4505 vehe-

1969 4520 2283 4571 mentiorem
2306 4531 2371 4570 ac
2400 4516 2774 4570 ferventiorem
2804 4517 2936 4570 iram
2963 4517 3027 4570 ad
3052 4518 3313 4573 ultionem
3344 4520 3393 4573 in
3427 4530 3565 4575 teni-

1967 4602 2097 4656 pore
2112 4588 2373 4655 gebenna:
2391 4587 2723 4640 inferendam
2747 4589 3124 4642 accendendis.
3159 4591 3250 4643 48.
3271 4589 3559 4646 Memorare

1966 4673 2080 4724 quae
2132 4675 2241 4710 mea
2287 4658 2584 4710 substantia.
2619 4658 2787 4712 Fluxa
2834 4674 3024 4727 nempe
3062 4670 3116 4711 et
3156 4661 3314 4715 vilis:
3341 4678 3463 4715 nam
3495 4679 3561 4718 ex

1968 4736 2107 4804 terra
2133 4743 2318 4782 sumus
2344 4736 2435 4804 ._et
2461 4728 2515 4804 in_
2540 4735 2746 4804 terram
2762 4734 3081 4804 revertimur
3112 4728 3130 4802 (
3164 4729 3291 4783 Gen.
3316 4732 3369 4785 5.
3404 4734 3469 4787 19
3496 4735 3513 4804 )
3542 4752 3561 4800 ;

1966 4798 2551 4873 ideoqueprovidentia
2576 4809 2660 4873 tua
2683 4798 2750 4873 ad
2764 4798 3162 4873 reformandum
3193 4817 3290 4854 nos
3316 4798 3557 4873 egemus;

1969 4868 2019 4921 id
2072 4870 2213 4937 quod
2263 4870 2539 4938 sequentia
2581 4870 2883 4937 significant
2917 4888 2929 4921 :
2964 4870 3228 4937 Numquid
3269 4868 3399 4925 eniin
3436 4868 3563 4929 rans

1964 4942 2146 4991 creasti
2168 4957 2338 4993 clunes
2367 4940 2501 5008 ﬁlios
2522 4940 2781 4992 hominum
2812 4940 2837 4993 .7
2870 4939 2921 4993 Id
2948 4949 3031 4994 est
3055 4980 3068 5004 ,
3096 4958 3197 4993 non
3224 4952 3281 4995 ut
3308 4946 3561 5001 transito-

1967 5009 2103 5084 riu‘m
2127 5025 2260 5079 opus
2289 5011 2531 5064 homines
2558 5010 2722 5084 fecisti
2751 5052 2765 5075 ,
2800 5020 2855 5064 nt
2883 5011 3057 5064 solum
3090 5010 3369 5066 videantur
3390 5054 3407 5080 ,
3433 5030 3551 5084 per.

1966 5080 2089 5133 inde
2110 5092 2269 5148 atque
2294 5090 2489 5134 caatera
2510 5081 2787 5146 animalia,
2819 5092 2871 5135 et
2901 5092 3082 5147 postea
3124 5084 3401 5137 deicantur
3424 5080 3558 5149 {sed

1966 5158 2023 5205 ut
2051 5166 2159 5219 pra
2180 5151 2430 5204 omnibus
2443 5151 2671 5219 opificiis
2701 5151 2971 5219 effulgent,
2992 5159 3046 5204 ct
3069 5163 3123 5205 ut
3148 5155 3438 5210 creationis
3456 5158 3561 5211 uti-

1962 5222 2085 5295 litas
2113 5222 2470 5289 dignuscatur.
2492 5220 2643 5275 Nunc
2673 5231 2848 5295 autem
2870 5223 2920 5274 in
2935 5224 3259 5295 contrarium
3286 5241 3372 5278 res
3390 5228 3556 5295 cedit,

1963 5293 2082 5359 ipso
2110 5307 2203 5360 per
2229 5302 2453 5344 mortem
2481 5296 2747 5346 exstincto
2772 5311 2785 5345 :
2813 5290 2915 5346 hoc
2935 5293 3078 5347 enim
3103 5295 3355 5361 propheta
3386 5297 3437 5350 in
3465 5290 3557 5353 se;

1961 5363 2247 5436 quentibus
2277 5361 2539 5430 deplorat.
2576 5364 2669 5416 49.
2720 5362 2843 5436 Quis
2872 5372 2945 5415 est
2983 5366 3133 5416 Itonia
3153 5405 3167 5427 ,
3200 5367 3287 5436 qui
3313 5369 3438 5420 vicet
3463 5409 3480 5433 ,
3512 5378 3561 5423 et

1961 5450 2061 5506 non
2086 5432 2268 5486 videbit
2296 5443 2526 5506 mortem,
2541 5442 2687 5506 eruet
2700 5434 2923 5485 animam
2942 5450 3088 5506 suam
3108 5436 3171 5487 de
3198 5432 3348 5488 umnu
3368 5432 3559 5506 inferi.o

1964 5503 2017 5555 In
2049 5519 2237 5557 onmes
2261 5544 2275 5568 ,
2310 5504 2480 5572 inquit
2507 5544 2521 5563 .
2546 5504 2853 5557 dominatur
2874 5504 3063 5557 mortis
3088 5506 3362 5560 decretum
3399 5503 3555 5562 :‘uni-

1963 5574 2111 5627 nium
2136 5575 2325 5627 aninne
2345 5615 2361 5639 ,
2391 5574 2552 5627 etiam
2576 5575 2841 5642 jnstorum
2866 5614 2882 5639 ,
2910 5574 2963 5628 in
2996 5574 3180 5629 inferis
3196 5575 3512 5632 detinentur
3538 5593 3553 5608 '

1959 5653 2012 5719 et
2036 5644 2283 5719 imaginis
2306 5660 2424 5713 qua;
2442 5646 2493 5698 in
2518 5646 2671 5719 nobis
2691 5653 2773 5698 est
2791 5644 3143 5719 dignitasper
3164 5646 3353 5719 mortis
3377 5659 3558 5719 tyran-

1962 5713 2141 5767 nidem
2163 5724 2421 5787 corrupta
2439 5726 2538 5769 est.
2569 5716 2661 5768 llis
2676 5713 2873 5787 passim
2891 5715 3071 5787 verbis
3092 5716 3349 5787 pmpheta
3371 5713 3556 5776 utitur.

1963 5797 2017 5839 ut
2049 5787 2347 5841 Sen-uteris
2362 5786 2646 5841 adventum
2665 5786 2945 5842 acceleret.
2969 5786 3141 5841 Nemo
3166 5787 3308 5841 enim
3331 5802 3360 5842 a
3384 5800 3555 5843 morte
