  <div class='ocr_page' id='page_1' title='image "/cluster/home/n/w/nwhite01/storage/ocr_20150623/55/pst.000005712540/759.png"; bbox 0 0 4198 6488; ppageno 0'>
   <div class='ocr_carea' id='block_1_1' title="bbox 3692 112 4130 291">
    <p class='ocr_par' dir='ltr' id='par_1_1' title="bbox 3692 112 4130 291">
     <span class='ocr_line' id='line_1_1' title="bbox 3692 112 4130 291; baseline -0.005 -154"><span class='ocrx_word' id='word_1_1' title='bbox 3692 112 3697 117; x_wconf 90' lang='grc'><strong><em>“</em></strong></span> <span class='ocrx_word' id='word_1_2' title='bbox 3742 112 4023 147; x_wconf 46' lang='grc' dir='ltr'><strong>εηψητ</strong></span> <span class='ocrx_word' id='word_1_3' title='bbox 4048 115 4130 291; x_wconf 51' lang='grc' dir='ltr'><strong>Ἰ</strong></span> 
     </span>
     <span class='ocr_line' id='line_1_2' title="bbox 3892 154 3915 169; baseline 0 0"><span class='ocrx_word' id='word_1_4' title='bbox 3892 154 3915 169; x_wconf 55' lang='grc' dir='ltr'><strong>ιι</strong></span> 
     </span>
    </p>
   </div>
   <div class='ocr_carea' id='block_1_2' title="bbox 3892 154 3915 169">
    <p class='ocr_par' dir='ltr' id='par_1_2' title="bbox 3892 154 3915 169">
     <span class='ocr_line' id='line_1_3' title="bbox 3892 154 3915 169; baseline 0 0"><span class='ocrx_word' id='word_1_5' title='bbox 3892 154 3915 169; x_wconf 56' lang='grc' dir='ltr'><strong>ιι</strong></span> 
     </span>
    </p>
   </div>
   <div class='ocr_carea' id='block_1_3' title="bbox 650 464 2220 529">
    <p class='ocr_par' dir='ltr' id='par_1_3' title="bbox 650 468 2220 529">
     <span class='ocr_line' id='line_1_4' title="bbox 650 468 2220 529; baseline -0.001 0"><span class='ocrx_word' id='word_1_6' title='bbox 650 473 751 529; x_wconf 76' lang='grc'><strong>767</strong></span> <span class='ocrx_word' id='word_1_7' title='bbox 2165 468 2220 527; x_wconf 81' lang='lat' dir='ltr'><strong>Si</strong></span> 
     </span>
    </p>
   </div>
   <div class='ocr_carea' id='block_1_4' title="bbox 2328 464 3911 529">
    <p class='ocr_par' dir='ltr' id='par_1_4' title="bbox 2328 464 3911 527">
     <span class='ocr_line' id='line_1_5' title="bbox 2328 464 3911 527; baseline -0.003 0"><span class='ocrx_word' id='word_1_8' title='bbox 2328 468 2436 527; x_wconf 78' lang='grc' dir='ltr'>ιιΑ.</span> <span class='ocrx_word' id='word_1_9' title='bbox 3815 464 3911 523; x_wconf 69' lang='grc' dir='ltr'><strong>τοι</strong></span> 
     </span>
    </p>
   </div>
   <div class='ocr_carea' id='block_1_5' title="bbox 645 580 2225 654">
    <p class='ocr_par' dir='ltr' id='par_1_5' title="bbox 645 580 2225 654">
     <span class='ocr_line' id='line_1_6' title="bbox 645 580 2225 654; baseline -0.004 -11"><span class='ocrx_word' id='word_1_10' title='bbox 645 588 857 645; x_wconf 77' lang='lat' dir='ltr'><strong>nescire</strong></span> <span class='ocrx_word' id='word_1_11' title='bbox 874 586 1070 642; x_wconf 86' lang='lat' dir='ltr'><strong>scilicet</strong></span> <span class='ocrx_word' id='word_1_12' title='bbox 1104 585 1430 652; x_wconf 75' lang='lat' dir='ltr'><strong>temporibus</strong></span> <span class='ocrx_word' id='word_1_13' title='bbox 1450 591 1501 639; x_wconf 90' lang='lat' dir='ltr'><strong>et</strong></span> <span class='ocrx_word' id='word_1_14' title='bbox 1521 582 1679 639; x_wconf 86' lang='lat' dir='ltr'><strong>rebus</strong></span> <span class='ocrx_word' id='word_1_15' title='bbox 1700 592 1756 637; x_wconf 91' lang='lat' dir='ltr'><strong>ut</strong></span> <span class='ocrx_word' id='word_1_16' title='bbox 1778 598 1872 654; x_wconf 87' lang='lat' dir='ltr'><strong>par</strong></span> <span class='ocrx_word' id='word_1_17' title='bbox 1889 591 1972 638; x_wconf 86' lang='lat' dir='ltr'><strong>est</strong></span> <span class='ocrx_word' id='word_1_18' title='bbox 1991 580 2063 637; x_wconf 91' lang='lat' dir='ltr'><strong>uti</strong></span> <span class='ocrx_word' id='word_1_19' title='bbox 2086 596 2101 637; x_wconf 91' lang='lat'>:</span> <span class='ocrx_word' id='word_1_20' title='bbox 2125 597 2225 637; x_wconf 86' lang='lat' dir='ltr'><strong>nec</strong></span> 
     </span>
    </p>
   </div>
   <div class='ocr_carea' id='block_1_6' title="bbox 643 654 2225 726">
    <p class='ocr_par' dir='ltr' id='par_1_6' title="bbox 643 654 2225 726">
     <span class='ocr_line' id='line_1_7' title="bbox 643 654 2225 726; baseline -0.004 -13"><span class='ocrx_word' id='word_1_21' title='bbox 643 674 706 713; x_wconf 80' lang='lat' dir='ltr'><strong>ea</strong></span> <span class='ocrx_word' id='word_1_22' title='bbox 752 670 909 711; x_wconf 68' lang='lat' dir='ltr'><strong>nasse</strong></span> <span class='ocrx_word' id='word_1_23' title='bbox 937 672 1056 726; x_wconf 75' lang='lat' dir='ltr'><strong>qua:</strong></span> <span class='ocrx_word' id='word_1_24' title='bbox 1084 654 1222 726; x_wconf 75' lang='lat' dir='ltr'><strong>apud</strong></span> <span class='ocrx_word' id='word_1_25' title='bbox 1252 665 1438 726; x_wconf 87' lang='lat' dir='ltr'><strong>onmes</strong></span> <span class='ocrx_word' id='word_1_26' title='bbox 1479 656 1529 707; x_wconf 93' lang='lat' dir='ltr'><strong>in</strong></span> <span class='ocrx_word' id='word_1_27' title='bbox 1569 654 1815 708; x_wconf 80' lang='lat' dir='ltr'><strong>confesso</strong></span> <span class='ocrx_word' id='word_1_28' title='bbox 1841 663 1963 709; x_wconf 82' lang='lat' dir='ltr'><strong>sunt</strong></span> <span class='ocrx_word' id='word_1_29' title='bbox 1985 692 2000 714; x_wconf 87' lang='lat'><strong>,</strong></span> <span class='ocrx_word' id='word_1_30' title='bbox 2034 667 2225 726; x_wconf 75' lang='lat' dir='ltr'><strong>nempe</strong></span> 
     </span>
    </p>
   </div>
   <div class='ocr_carea' id='block_1_7' title="bbox 648 722 2221 795">
    <p class='ocr_par' dir='ltr' id='par_1_7' title="bbox 648 722 2221 795">
     <span class='ocr_line' id='line_1_8' title="bbox 648 722 2221 795; baseline -0.003 -17"><span class='ocrx_word' id='word_1_31' title='bbox 648 743 767 795; x_wconf 83' lang='lat' dir='ltr'><strong>qua:</strong></span> <span class='ocrx_word' id='word_1_32' title='bbox 811 722 1103 795; x_wconf 83' lang='lat' dir='ltr'><strong>sequuntur</strong></span> <span class='ocrx_word' id='word_1_33' title='bbox 1120 722 1144 778; x_wconf 53' lang='grc' dir='ltr'><strong>’τ</strong></span> <span class='ocrx_word' id='word_1_34' title='bbox 1173 724 1225 779; x_wconf 88' lang='lat'><strong>9.</strong></span> <span class='ocrx_word' id='word_1_35' title='bbox 1261 725 1362 790; x_wconf 87' lang='lat' dir='ltr'><strong>Qui</strong></span> <span class='ocrx_word' id='word_1_36' title='bbox 1401 726 1643 794; x_wconf 75' lang='lat' dir='ltr'><strong>plantavit</strong></span> <span class='ocrx_word' id='word_1_37' title='bbox 1685 738 1860 795; x_wconf 65' lang='lat' dir='ltr'><strong>aurem</strong></span> <span class='ocrx_word' id='word_1_38' title='bbox 1899 739 1997 775; x_wconf 85' lang='lat' dir='ltr'><strong>non</strong></span> <span class='ocrx_word' id='word_1_39' title='bbox 2032 722 2221 785; x_wconf 85' lang='lat' dir='ltr'><strong>audiet,</strong></span> 
     </span>
    </p>
   </div>
   <div class='ocr_carea' id='block_1_8' title="bbox 646 792 2223 865">
    <p class='ocr_par' dir='ltr' id='par_1_8' title="bbox 646 792 2223 865">
     <span class='ocr_line' id='line_1_9' title="bbox 646 792 2223 865; baseline -0.004 -16"><span class='ocrx_word' id='word_1_40' title='bbox 646 792 736 849; x_wconf 76' lang='lat' dir='ltr'><strong>aut</strong></span> <span class='ocrx_word' id='word_1_41' title='bbox 760 797 847 865; x_wconf 80' lang='lat' dir='ltr'><strong>qui</strong></span> <span class='ocrx_word' id='word_1_42' title='bbox 873 792 1022 861; x_wconf 71' lang='lat' dir='ltr'><strong>finxit</strong></span> <span class='ocrx_word' id='word_1_43' title='bbox 1049 798 1247 865; x_wconf 82' lang='lat' dir='ltr'><strong>oculum</strong></span> <span class='ocrx_word' id='word_1_44' title='bbox 1271 811 1368 865; x_wconf 83' lang='lat' dir='ltr'><strong>non</strong></span> <span class='ocrx_word' id='word_1_45' title='bbox 1396 792 1720 865; x_wconf 76' lang='lat' dir='ltr'><strong>considerat?</strong></span> <span class='ocrx_word' id='word_1_46' title='bbox 1749 792 2068 865; x_wconf 77' lang='lat' dir='ltr'><strong>Perorgana</strong></span> <span class='ocrx_word' id='word_1_47' title='bbox 2097 807 2223 846; x_wconf 83' lang='lat' dir='ltr'><strong>sen-</strong></span> 
     </span>
    </p>
   </div>
   <div class='ocr_carea' id='block_1_9' title="bbox 644 863 2223 934">
    <p class='ocr_par' dir='ltr' id='par_1_9' title="bbox 644 863 2223 934">
     <span class='ocr_line' id='line_1_10' title="bbox 644 863 2223 934; baseline -0.005 -13"><span class='ocrx_word' id='word_1_48' title='bbox 644 880 738 921; x_wconf 73' lang='lat' dir='ltr'><strong>sus</strong></span> <span class='ocrx_word' id='word_1_49' title='bbox 764 863 923 919; x_wconf 85' lang='lat' dir='ltr'><strong>etiam</strong></span> <span class='ocrx_word' id='word_1_50' title='bbox 952 866 1039 934; x_wconf 89' lang='lat' dir='ltr'><strong>qui</strong></span> <span class='ocrx_word' id='word_1_51' title='bbox 1071 864 1250 919; x_wconf 88' lang='lat' dir='ltr'><strong>insunt</strong></span> <span class='ocrx_word' id='word_1_52' title='bbox 1278 864 1492 923; x_wconf 87' lang='lat' dir='ltr'><strong>iudicat.</strong></span> <span class='ocrx_word' id='word_1_53' title='bbox 1511 864 1746 934; x_wconf 82' lang='lat' dir='ltr'><strong>auditum</strong></span> <span class='ocrx_word' id='word_1_54' title='bbox 1773 863 1975 934; x_wconf 85' lang='lat' dir='ltr'><strong>scilicet</strong></span> <span class='ocrx_word' id='word_1_55' title='bbox 1996 873 2048 934; x_wconf 84' lang='lat' dir='ltr'><strong>et</strong></span> <span class='ocrx_word' id='word_1_56' title='bbox 2068 876 2223 928; x_wconf 87' lang='lat' dir='ltr'><strong>aspe-</strong></span> 
     </span>
    </p>
   </div>
   <div class='ocr_carea' id='block_1_10' title="bbox 645 931 2221 1000">
    <p class='ocr_par' dir='ltr' id='par_1_10' title="bbox 645 931 2221 1000">
     <span class='ocr_line' id='line_1_11' title="bbox 645 931 2221 1000; baseline -0.003 -13"><span class='ocrx_word' id='word_1_57' title='bbox 645 946 823 997; x_wconf 85' lang='lat' dir='ltr'><strong>etom;</strong></span> <span class='ocrx_word' id='word_1_58' title='bbox 854 934 953 989; x_wconf 89' lang='lat' dir='ltr'><strong>hos</strong></span> <span class='ocrx_word' id='word_1_59' title='bbox 971 931 1121 989; x_wconf 79' lang='lat' dir='ltr'><strong>enim</strong></span> <span class='ocrx_word' id='word_1_60' title='bbox 1144 948 1331 1000; x_wconf 81' lang='lat' dir='ltr'><strong>sensus</strong></span> <span class='ocrx_word' id='word_1_61' title='bbox 1356 944 1408 987; x_wconf 82' lang='lat' dir='ltr'><strong>et</strong></span> <span class='ocrx_word' id='word_1_62' title='bbox 1432 934 1564 987; x_wconf 88' lang='lat' dir='ltr'><strong>alios</strong></span> <span class='ocrx_word' id='word_1_63' title='bbox 1597 933 1704 986; x_wconf 82' lang='lat' dir='ltr'><strong>Deo</strong></span> <span class='ocrx_word' id='word_1_64' title='bbox 1724 934 1915 1000; x_wconf 87' lang='lat' dir='ltr'><strong>opitiee</strong></span> <span class='ocrx_word' id='word_1_65' title='bbox 1946 931 2221 984; x_wconf 81' lang='lat' dir='ltr'><strong>habemus.</strong></span> 
     </span>
    </p>
   </div>
   <div class='ocr_carea' id='block_1_11' title="bbox 644 1002 2222 1071">
    <p class='ocr_par' dir='ltr' id='par_1_11' title="bbox 644 1002 2222 1071">
     <span class='ocr_line' id='line_1_12' title="bbox 644 1002 2222 1071; baseline -0.005 -14"><span class='ocrx_word' id='word_1_66' title='bbox 644 1004 946 1070; x_wconf 78' lang='lat' dir='ltr'><strong>Quomodo,</strong></span> <span class='ocrx_word' id='word_1_67' title='bbox 979 1005 1181 1071; x_wconf 89' lang='lat' dir='ltr'><strong>inquit,</strong></span> <span class='ocrx_word' id='word_1_68' title='bbox 1208 1002 1438 1057; x_wconf 79' lang='lat' dir='ltr'><strong>dixerint</strong></span> <span class='ocrx_word' id='word_1_69' title='bbox 1478 1004 1643 1071; x_wconf 68' lang='lat' dir='ltr'><strong>[leum</strong></span> <span class='ocrx_word' id='word_1_70' title='bbox 1673 1002 1819 1055; x_wconf 88' lang='lat' dir='ltr'><strong>nullo</strong></span> <span class='ocrx_word' id='word_1_71' title='bbox 1844 1004 1982 1054; x_wconf 86' lang='lat' dir='ltr'><strong>circa</strong></span> <span class='ocrx_word' id='word_1_72' title='bbox 2011 1015 2096 1054; x_wconf 87' lang='lat' dir='ltr'><strong>res</strong></span> <span class='ocrx_word' id='word_1_73' title='bbox 2124 1016 2222 1071; x_wconf 80' lang='lat' dir='ltr'><strong>no-</strong></span> 
     </span>
    </p>
   </div>
   <div class='ocr_carea' id='block_1_12' title="bbox 646 1070 2223 1152">
    <p class='ocr_par' dir='ltr' id='par_1_12' title="bbox 646 1070 2223 1152">
     <span class='ocr_line' id='line_1_13' title="bbox 646 1070 2223 1152; baseline -0.004 -24"><span class='ocrx_word' id='word_1_74' title='bbox 646 1085 786 1152; x_wconf 71' lang='lat' dir='ltr'><strong>stras</strong></span> <span class='ocrx_word' id='word_1_75' title='bbox 826 1070 1224 1152; x_wconf 83' lang='lat' dir='ltr'><strong>sensu_m0veri</strong></span> <span class='ocrx_word' id='word_1_76' title='bbox 1244 1113 1270 1152; x_wconf 41' lang='lat'><strong>,.</strong></span> <span class='ocrx_word' id='word_1_77' title='bbox 1291 1074 1378 1152; x_wconf 86' lang='lat' dir='ltr'><strong>qui</strong></span> <span class='ocrx_word' id='word_1_78' title='bbox 1409 1070 1573 1152; x_wconf 7' lang='lat' dir='ltr'><strong>etiam,</strong></span> <span class='ocrx_word' id='word_1_79' title='bbox 1612 1074 1784 1152; x_wconf 77' lang='lat' dir='ltr'><strong>ipsum</strong></span> <span class='ocrx_word' id='word_1_80' title='bbox 1816 1086 2029 1125; x_wconf 90' lang='lat' dir='ltr'><strong>sensum</strong></span> <span class='ocrx_word' id='word_1_81' title='bbox 2071 1070 2223 1152; x_wconf 65' lang='lat' dir='ltr'><strong>nobis</strong></span> 
     </span>
    </p>
   </div>
   <div class='ocr_carea' id='block_1_13' title="bbox 643 1140 2224 1206">
    <p class='ocr_par' dir='ltr' id='par_1_13' title="bbox 643 1140 2224 1206">
     <span class='ocr_line' id='line_1_14' title="bbox 643 1140 2224 1206; baseline -0.001 -10"><span class='ocrx_word' id='word_1_82' title='bbox 643 1144 809 1206; x_wconf 87' lang='lat' dir='ltr'><strong>dedit,</strong></span> <span class='ocrx_word' id='word_1_83' title='bbox 844 1158 948 1196; x_wconf 90' lang='lat' dir='ltr'><strong>non</strong></span> <span class='ocrx_word' id='word_1_84' title='bbox 974 1143 1192 1197; x_wconf 88' lang='lat' dir='ltr'><strong>daturus</strong></span> <span class='ocrx_word' id='word_1_85' title='bbox 1223 1140 1321 1194; x_wconf 88' lang='lat' dir='ltr'><strong>nisi</strong></span> <span class='ocrx_word' id='word_1_86' title='bbox 1349 1142 1583 1196; x_wconf 89' lang='lat' dir='ltr'><strong>novisset</strong></span> <span class='ocrx_word' id='word_1_87' title='bbox 1611 1141 1807 1195; x_wconf 88' lang='lat' dir='ltr'><strong>bonum</strong></span> <span class='ocrx_word' id='word_1_88' title='bbox 1839 1156 1959 1195; x_wconf 86' lang='lat' dir='ltr'><strong>esse</strong></span> <span class='ocrx_word' id='word_1_89' title='bbox 1991 1140 2224 1194; x_wconf 80' lang='lat' dir='ltr'><strong>munus?</strong></span> 
     </span>
    </p>
   </div>
   <div class='ocr_carea' id='block_1_14' title="bbox 643 1209 2224 1289">
    <p class='ocr_par' dir='ltr' id='par_1_14' title="bbox 643 1209 2224 1289">
     <span class='ocr_line' id='line_1_15' title="bbox 643 1209 2224 1289; baseline -0.001 -25"><span class='ocrx_word' id='word_1_90' title='bbox 643 1213 927 1289; x_wconf 77' lang='lat' dir='ltr'><strong>Quodlibet</strong></span> <span class='ocrx_word' id='word_1_91' title='bbox 963 1224 1137 1289; x_wconf 83' lang='lat' dir='ltr'><strong>autem</strong></span> <span class='ocrx_word' id='word_1_92' title='bbox 1182 1210 1592 1289; x_wconf 86' lang='lat' dir='ltr'><strong>bonum_primo</strong></span> <span class='ocrx_word' id='word_1_93' title='bbox 1634 1210 2071 1289; x_wconf 38' lang='lat' dir='ltr'><strong>ordineninhipso</strong></span> <span class='ocrx_word' id='word_1_94' title='bbox 2117 1209 2224 1289; x_wconf 62' lang='lat' dir='ltr'><strong>Deo</strong></span> 
     </span>
    </p>
   </div>
   <div class='ocr_carea' id='block_1_15' title="bbox 644 1279 2224 1349">
    <p class='ocr_par' dir='ltr' id='par_1_15' title="bbox 644 1279 2224 1349">
     <span class='ocr_line' id='line_1_16' title="bbox 644 1279 2224 1349; baseline -0.003 -14"><span class='ocrx_word' id='word_1_95' title='bbox 644 1283 939 1344; x_wconf 85' lang='lat' dir='ltr'><strong>constituit,</strong></span> <span class='ocrx_word' id='word_1_96' title='bbox 975 1282 1230 1336; x_wconf 87' lang='lat' dir='ltr'><strong>bonorum</strong></span> <span class='ocrx_word' id='word_1_97' title='bbox 1261 1281 1498 1335; x_wconf 90' lang='lat' dir='ltr'><strong>omnium</strong></span> <span class='ocrx_word' id='word_1_98' title='bbox 1524 1290 1757 1334; x_wconf 81' lang='lat' dir='ltr'><strong>auctore.</strong></span> <span class='ocrx_word' id='word_1_99' title='bbox 1784 1280 1871 1335; x_wconf 70' lang='lat'><strong>10.</strong></span> <span class='ocrx_word' id='word_1_100' title='bbox 1898 1279 1995 1347; x_wconf 83' lang='lat' dir='ltr'><strong>Qui</strong></span> <span class='ocrx_word' id='word_1_101' title='bbox 2017 1279 2224 1349; x_wconf 81' lang='lat' dir='ltr'><strong>corripit</strong></span> 
     </span>
    </p>
   </div>
   <div class='ocr_carea' id='block_1_16' title="bbox 643 1349 2225 1431">
    <p class='ocr_par' dir='ltr' id='par_1_16' title="bbox 643 1349 2225 1431">
     <span class='ocr_line' id='line_1_17' title="bbox 643 1349 2225 1431; baseline -0.001 -28"><span class='ocrx_word' id='word_1_102' title='bbox 643 1364 841 1431; x_wconf 76' lang='lat' dir='ltr'><strong>gentes,</strong></span> <span class='ocrx_word' id='word_1_103' title='bbox 869 1368 970 1404; x_wconf 88' lang='lat' dir='ltr'><strong>nou</strong></span> <span class='ocrx_word' id='word_1_104' title='bbox 997 1360 1189 1421; x_wconf 86' lang='lat' dir='ltr'><strong>arguet,</strong></span> <span class='ocrx_word' id='word_1_105' title='bbox 1219 1352 1306 1431; x_wconf 78' lang='lat' dir='ltr'><strong>qui</strong></span> <span class='ocrx_word' id='word_1_106' title='bbox 1333 1352 1475 1431; x_wconf 76' lang='lat' dir='ltr'><strong>docet</strong></span> <span class='ocrx_word' id='word_1_107' title='bbox 1504 1350 1763 1431; x_wconf 69' lang='lat' dir='ltr'><strong>houtinein</strong></span> <span class='ocrx_word' id='word_1_108' title='bbox 1781 1349 2075 1430; x_wconf 75' lang='lat' dir='ltr'><strong>scientiam?</strong></span> <span class='ocrx_word' id='word_1_109' title='bbox 2102 1349 2225 1401; x_wconf 67' lang='lat' dir='ltr'><strong>tlatc</strong></span> 
     </span>
    </p>
   </div>
   <div class='ocr_carea' id='block_1_17' title="bbox 647 1419 2225 1489">
    <p class='ocr_par' dir='ltr' id='par_1_17' title="bbox 647 1419 2225 1489">
     <span class='ocr_line' id='line_1_18' title="bbox 647 1419 2225 1489; baseline -0.003 -15"><span class='ocrx_word' id='word_1_110' title='bbox 647 1419 969 1489; x_wconf 87' lang='lat' dir='ltr'><strong>interrogat,</strong></span> <span class='ocrx_word' id='word_1_111' title='bbox 998 1419 1103 1473; x_wconf 81' lang='lat' dir='ltr'><strong>non</strong></span> <span class='ocrx_word' id='word_1_112' title='bbox 1135 1421 1282 1489; x_wconf 87' lang='lat' dir='ltr'><strong>quasi</strong></span> <span class='ocrx_word' id='word_1_113' title='bbox 1324 1422 1483 1474; x_wconf 88' lang='lat' dir='ltr'><strong>dubia</strong></span> <span class='ocrx_word' id='word_1_114' title='bbox 1511 1422 1639 1481; x_wconf 84' lang='lat' dir='ltr'><strong>sint,</strong></span> <span class='ocrx_word' id='word_1_115' title='bbox 1672 1421 1765 1475; x_wconf 88' lang='lat' dir='ltr'><strong>sed</strong></span> <span class='ocrx_word' id='word_1_116' title='bbox 1807 1419 1958 1489; x_wconf 88' lang='lat' dir='ltr'><strong>quasi</strong></span> <span class='ocrx_word' id='word_1_117' title='bbox 2004 1419 2055 1472; x_wconf 91' lang='lat' dir='ltr'><strong>in</strong></span> <span class='ocrx_word' id='word_1_118' title='bbox 2097 1433 2225 1489; x_wconf 38' lang='lat' dir='ltr'><strong>cun:-</strong></span> 
     </span>
    </p>
   </div>
   <div class='ocr_carea' id='block_1_18' title="bbox 646 1487 2222 1559">
    <p class='ocr_par' dir='ltr' id='par_1_18' title="bbox 646 1487 2222 1559">
     <span class='ocr_line' id='line_1_19' title="bbox 646 1487 2222 1559; baseline -0.003 -15"><span class='ocrx_word' id='word_1_119' title='bbox 646 1492 791 1545; x_wconf 78' lang='lat' dir='ltr'><strong>fesso</strong></span> <span class='ocrx_word' id='word_1_120' title='bbox 832 1487 970 1559; x_wconf 77' lang='lat' dir='ltr'><strong>apud</strong></span> <span class='ocrx_word' id='word_1_121' title='bbox 1018 1487 1204 1543; x_wconf 84' lang='lat' dir='ltr'><strong>omnes</strong></span> <span class='ocrx_word' id='word_1_122' title='bbox 1224 1530 1237 1552; x_wconf 95' lang='lat'><strong>,</strong></span> <span class='ocrx_word' id='word_1_123' title='bbox 1267 1504 1385 1558; x_wconf 72' lang='lat' dir='ltr'><strong>qua:</strong></span> <span class='ocrx_word' id='word_1_124' title='bbox 1415 1505 1511 1557; x_wconf 90' lang='lat' dir='ltr'><strong>per</strong></span> <span class='ocrx_word' id='word_1_125' title='bbox 1538 1487 1982 1559; x_wconf 78' lang='lat' dir='ltr'><strong>interrogationes</strong></span> <span class='ocrx_word' id='word_1_126' title='bbox 2008 1502 2103 1542; x_wconf 90' lang='lat' dir='ltr'><strong>eos</strong></span> <span class='ocrx_word' id='word_1_127' title='bbox 2132 1487 2222 1556; x_wconf 86' lang='lat' dir='ltr'><strong>qui</strong></span> 
     </span>
    </p>
   </div>
   <div class='ocr_carea' id='block_1_19' title="bbox 645 1558 2223 1626">
    <p class='ocr_par' dir='ltr' id='par_1_19' title="bbox 645 1558 2223 1626">
     <span class='ocr_line' id='line_1_20' title="bbox 645 1558 2223 1626; baseline -0.003 -11"><span class='ocrx_word' id='word_1_128' title='bbox 645 1558 1012 1615; x_wconf 84' lang='lat' dir='ltr'><strong>contradicunt</strong></span> <span class='ocrx_word' id='word_1_129' title='bbox 1045 1559 1243 1626; x_wconf 88' lang='lat' dir='ltr'><strong>pudore</strong></span> <span class='ocrx_word' id='word_1_130' title='bbox 1275 1560 1599 1613; x_wconf 84' lang='lat' dir='ltr'><strong>sutl‘undant.</strong></span> <span class='ocrx_word' id='word_1_131' title='bbox 1641 1558 1770 1612; x_wconf 86' lang='lat' dir='ltr'><strong>Nam</strong></span> <span class='ocrx_word' id='word_1_132' title='bbox 1802 1560 1845 1613; x_wconf 92' lang='lat' dir='ltr'><strong>si</strong></span> <span class='ocrx_word' id='word_1_133' title='bbox 1872 1558 2069 1612; x_wconf 84' lang='lat' dir='ltr'><strong>multas</strong></span> <span class='ocrx_word' id='word_1_134' title='bbox 2095 1572 2223 1626; x_wconf 73' lang='lat' dir='ltr'><strong>gen-</strong></span> 
     </span>
    </p>
   </div>
   <div class='ocr_carea' id='block_1_20' title="bbox 648 1627 2226 1697">
    <p class='ocr_par' dir='ltr' id='par_1_20' title="bbox 648 1627 2226 1697">
     <span class='ocr_line' id='line_1_21' title="bbox 648 1627 2226 1697; baseline -0.001 -14"><span class='ocrx_word' id='word_1_135' title='bbox 648 1641 728 1684; x_wconf 91' lang='lat' dir='ltr'><strong>tes</strong></span> <span class='ocrx_word' id='word_1_136' title='bbox 752 1671 766 1691; x_wconf 92' lang='lat'><strong>,</strong></span> <span class='ocrx_word' id='word_1_137' title='bbox 798 1631 846 1683; x_wconf 91' lang='lat' dir='ltr'><strong>id</strong></span> <span class='ocrx_word' id='word_1_138' title='bbox 877 1639 958 1683; x_wconf 89' lang='lat' dir='ltr'><strong>est</strong></span> <span class='ocrx_word' id='word_1_139' title='bbox 986 1634 1270 1681; x_wconf 88' lang='lat' dir='ltr'><strong>humanum</strong></span> <span class='ocrx_word' id='word_1_140' title='bbox 1295 1643 1463 1697; x_wconf 83' lang='lat' dir='ltr'><strong>genus</strong></span> <span class='ocrx_word' id='word_1_141' title='bbox 1486 1669 1500 1691; x_wconf 87' lang='lat'><strong>,</strong></span> <span class='ocrx_word' id='word_1_142' title='bbox 1533 1629 1772 1690; x_wconf 91' lang='lat' dir='ltr'><strong>instituit,</strong></span> <span class='ocrx_word' id='word_1_143' title='bbox 1807 1627 2074 1697; x_wconf 89' lang='lat' dir='ltr'><strong>quomodo</strong></span> <span class='ocrx_word' id='word_1_144' title='bbox 2104 1642 2226 1693; x_wconf 89' lang='lat' dir='ltr'><strong>pec-</strong></span> 
     </span>
    </p>
   </div>
   <div class='ocr_carea' id='block_1_21' title="bbox 646 1698 2222 1767">
    <p class='ocr_par' dir='ltr' id='par_1_21' title="bbox 646 1698 2222 1767">
     <span class='ocr_line' id='line_1_22' title="bbox 646 1698 2222 1767; baseline -0.003 -14"><span class='ocrx_word' id='word_1_145' title='bbox 646 1709 856 1753; x_wconf 89' lang='lat' dir='ltr'><strong>catores</strong></span> <span class='ocrx_word' id='word_1_146' title='bbox 894 1699 1167 1767; x_wconf 76' lang='lat' dir='ltr'><strong>Speciatim</strong></span> <span class='ocrx_word' id='word_1_147' title='bbox 1217 1714 1323 1752; x_wconf 87' lang='lat' dir='ltr'><strong>non</strong></span> <span class='ocrx_word' id='word_1_148' title='bbox 1375 1698 1684 1767; x_wconf 84' lang='lat' dir='ltr'><strong>redarguet?</strong></span> <span class='ocrx_word' id='word_1_149' title='bbox 1726 1698 2005 1765; x_wconf 82' lang='lat' dir='ltr'><strong>Quomodo</strong></span> <span class='ocrx_word' id='word_1_150' title='bbox 2047 1707 2222 1767; x_wconf 81' lang='lat' dir='ltr'><strong>autem</strong></span> 
     </span>
    </p>
   </div>
   <div class='ocr_carea' id='block_1_22' title="bbox 615 1715 2223 1838">
    <p class='ocr_par' dir='ltr' id='par_1_22' title="bbox 615 1715 2223 1838">
     <span class='ocr_line' id='line_1_23' title="bbox 646 1715 2222 1767; baseline -0.003 -14"><span class='ocrx_word' id='word_1_151' title='bbox 646 1715 856 1753; x_wconf 82' lang='lat' dir='ltr'><strong>calores</strong></span> <span class='ocrx_word' id='word_1_152' title='bbox 894 1715 1167 1767; x_wconf 87' lang='lat' dir='ltr'><strong>speetatttn</strong></span> <span class='ocrx_word' id='word_1_153' title='bbox 1217 1715 1323 1752; x_wconf 89' lang='lat' dir='ltr'><strong>non</strong></span> <span class='ocrx_word' id='word_1_154' title='bbox 1375 1715 1529 1752; x_wconf 82' lang='lat' dir='ltr'><strong>reaar</strong></span> <span class='ocrx_word' id='word_1_155' title='bbox 1566 1715 1684 1752; x_wconf 76' lang='lat' dir='ltr'><strong>uel!</strong></span> <span class='ocrx_word' id='word_1_156' title='bbox 1726 1715 2005 1765; x_wconf 77' lang='lat' dir='ltr'><strong>Quomouu</strong></span> <span class='ocrx_word' id='word_1_157' title='bbox 2047 1715 2222 1750; x_wconf 85' lang='lat' dir='ltr'><strong>autem</strong></span> 
     </span>
     <span class='ocr_line' id='line_1_24' title="bbox 615 1715 2223 1838; baseline 0 -19"><span class='ocrx_word' id='word_1_158' title='bbox 615 1781 831 1838; x_wconf 81' lang='lat' dir='ltr'><strong>-grntcs</strong></span> <span class='ocrx_word' id='word_1_159' title='bbox 880 1769 1138 1822; x_wconf 81' lang='lat' dir='ltr'><strong>instituit?</strong></span> <span class='ocrx_word' id='word_1_160' title='bbox 1184 1769 1472 1822; x_wconf 80' lang='lat' dir='ltr'><strong>Scictttiatu</strong></span> <span class='ocrx_word' id='word_1_161' title='bbox 1520 1715 1760 1833; x_wconf 50' lang='grc' dir='ltr'><strong>ἔθραυε,</strong></span> <span class='ocrx_word' id='word_1_162' title='bbox 1803 1769 1993 1837; x_wconf 84' lang='lat' dir='ltr'><strong>inquit:</strong></span> <span class='ocrx_word' id='word_1_163' title='bbox 2054 1766 2223 1838; x_wconf 71' lang='lat' dir='ltr'><strong>Quam</strong></span> 
     </span>
    </p>
   </div>
   <div class='ocr_carea' id='block_1_23' title="bbox 645 1837 2226 1903">
    <p class='ocr_par' dir='ltr' id='par_1_23' title="bbox 645 1837 2226 1903">
     <span class='ocr_line' id='line_1_25' title="bbox 645 1837 2226 1903; baseline -0.004 -9"><span class='ocrx_word' id='word_1_164' title='bbox 645 1837 958 1894; x_wconf 60' lang='lat' dir='ltr'><strong>Scientiam?</strong></span> <span class='ocrx_word' id='word_1_165' title='bbox 998 1839 1374 1892; x_wconf 87' lang='lat' dir='ltr'><strong>Discretionem</strong></span> <span class='ocrx_word' id='word_1_166' title='bbox 1403 1839 1523 1891; x_wconf 88' lang='lat' dir='ltr'><strong>boui</strong></span> <span class='ocrx_word' id='word_1_167' title='bbox 1552 1847 1607 1893; x_wconf 91' lang='lat' dir='ltr'><strong>et</strong></span> <span class='ocrx_word' id='word_1_168' title='bbox 1636 1839 1758 1891; x_wconf 88' lang='lat' dir='ltr'><strong>tnali</strong></span> <span class='ocrx_word' id='word_1_169' title='bbox 1780 1879 1795 1903; x_wconf 95' lang='lat'><strong>,</strong></span> <span class='ocrx_word' id='word_1_170' title='bbox 1827 1854 2005 1891; x_wconf 88' lang='lat' dir='ltr'><strong>rerum</strong></span> <span class='ocrx_word' id='word_1_171' title='bbox 2037 1837 2226 1890; x_wconf 79' lang='lat' dir='ltr'><strong>noxia-</strong></span> 
     </span>
    </p>
   </div>
   <div class='ocr_carea' id='block_1_24' title="bbox 647 1908 2224 1977">
    <p class='ocr_par' dir='ltr' id='par_1_24' title="bbox 647 1908 2224 1977">
     <span class='ocr_line' id='line_1_26' title="bbox 647 1908 2224 1977; baseline -0.003 -13"><span class='ocrx_word' id='word_1_172' title='bbox 647 1924 766 1965; x_wconf 90' lang='lat' dir='ltr'><strong>rum</strong></span> <span class='ocrx_word' id='word_1_173' title='bbox 809 1919 861 1963; x_wconf 90' lang='lat' dir='ltr'><strong>et</strong></span> <span class='ocrx_word' id='word_1_174' title='bbox 898 1908 1123 1962; x_wconf 84' lang='lat' dir='ltr'><strong>utilium.</strong></span> <span class='ocrx_word' id='word_1_175' title='bbox 1159 1908 1282 1962; x_wconf 74' lang='lat' dir='ltr'><strong>llzec</strong></span> <span class='ocrx_word' id='word_1_176' title='bbox 1310 1908 1505 1977; x_wconf 85' lang='lat' dir='ltr'><strong>quippe</strong></span> <span class='ocrx_word' id='word_1_177' title='bbox 1527 1910 1702 1961; x_wconf 82' lang='lat' dir='ltr'><strong>omnia</strong></span> <span class='ocrx_word' id='word_1_178' title='bbox 1735 1908 1847 1977; x_wconf 89' lang='lat' dir='ltr'><strong>ipse</strong></span> <span class='ocrx_word' id='word_1_179' title='bbox 1874 1921 1979 1960; x_wconf 90' lang='lat' dir='ltr'><strong>non</strong></span> <span class='ocrx_word' id='word_1_180' title='bbox 2009 1922 2103 1975; x_wconf 86' lang='lat' dir='ltr'><strong>per</strong></span> <span class='ocrx_word' id='word_1_181' title='bbox 2127 1921 2224 1977; x_wconf 86' lang='lat' dir='ltr'><strong>cu-</strong></span> 
     </span>
    </p>
   </div>
   <div class='ocr_carea' id='block_1_25' title="bbox 647 1976 2223 2046">
    <p class='ocr_par' dir='ltr' id='par_1_25' title="bbox 647 1976 2223 2046">
     <span class='ocr_line' id='line_1_27' title="bbox 647 1976 2223 2046; baseline -0.003 -14"><span class='ocrx_word' id='word_1_182' title='bbox 647 1987 870 2042; x_wconf 79' lang='lat' dir='ltr'><strong>ratores,</strong></span> <span class='ocrx_word' id='word_1_183' title='bbox 892 1992 996 2031; x_wconf 93' lang='lat' dir='ltr'><strong>non</strong></span> <span class='ocrx_word' id='word_1_184' title='bbox 1021 1993 1113 2046; x_wconf 89' lang='lat' dir='ltr'><strong>per</strong></span> <span class='ocrx_word' id='word_1_185' title='bbox 1132 1976 1515 2043; x_wconf 26' lang='lat' dir='ltr'><strong>duetores,’sed</strong></span> <span class='ocrx_word' id='word_1_186' title='bbox 1535 1994 1598 2032; x_wconf 76' lang='lat' dir='ltr'><strong>ex</strong></span> <span class='ocrx_word' id='word_1_187' title='bbox 1622 1976 1796 2030; x_wconf 87' lang='lat' dir='ltr'><strong>innata</strong></span> <span class='ocrx_word' id='word_1_188' title='bbox 1819 1978 2006 2030; x_wconf 90' lang='lat' dir='ltr'><strong>notitia</strong></span> <span class='ocrx_word' id='word_1_189' title='bbox 2024 1976 2223 2030; x_wconf 89' lang='lat' dir='ltr'><strong>docuit.</strong></span> 
     </span>
    </p>
   </div>
   <div class='ocr_carea' id='block_1_26' title="bbox 647 2046 2221 2118">
    <p class='ocr_par' dir='ltr' id='par_1_26' title="bbox 647 2046 2221 2118">
     <span class='ocr_line' id='line_1_28' title="bbox 647 2046 2221 2118; baseline -0.003 -16"><span class='ocrx_word' id='word_1_190' title='bbox 647 2046 874 2117; x_wconf 87' lang='lat' dir='ltr'><strong>Ideoque</strong></span> <span class='ocrx_word' id='word_1_191' title='bbox 903 2055 1183 2118; x_wconf 86' lang='lat' dir='ltr'><strong>peccantes</strong></span> <span class='ocrx_word' id='word_1_192' title='bbox 1202 2058 1420 2118; x_wconf 66' lang='lat' dir='ltr'><strong>arguet,</strong></span> <span class='ocrx_word' id='word_1_193' title='bbox 1456 2047 1507 2102; x_wconf 89' lang='lat' dir='ltr'><strong>id</strong></span> <span class='ocrx_word' id='word_1_194' title='bbox 1537 2056 1638 2109; x_wconf 89' lang='lat' dir='ltr'><strong>est,</strong></span> <span class='ocrx_word' id='word_1_195' title='bbox 1664 2047 1939 2115; x_wconf 74' lang='lat' dir='ltr'><strong>iudicabit.</strong></span> <span class='ocrx_word' id='word_1_196' title='bbox 1970 2046 2221 2118; x_wconf 85' lang='lat' dir='ltr'><strong>Ignoran-</strong></span> 
     </span>
    </p>
   </div>
   <div class='ocr_carea' id='block_1_27' title="bbox 645 2117 2222 2187">
    <p class='ocr_par' dir='ltr' id='par_1_27' title="bbox 645 2117 2222 2187">
     <span class='ocr_line' id='line_1_29' title="bbox 645 2117 2222 2187; baseline -0.001 -16"><span class='ocrx_word' id='word_1_197' title='bbox 645 2118 771 2171; x_wconf 89' lang='lat' dir='ltr'><strong>tiam</strong></span> <span class='ocrx_word' id='word_1_198' title='bbox 795 2117 987 2186; x_wconf 84' lang='lat' dir='ltr'><strong>quippe</strong></span> <span class='ocrx_word' id='word_1_199' title='bbox 1011 2117 1149 2187; x_wconf 87' lang='lat' dir='ltr'><strong>justi</strong></span> <span class='ocrx_word' id='word_1_200' title='bbox 1167 2126 1222 2172; x_wconf 90' lang='lat' dir='ltr'><strong>et</strong></span> <span class='ocrx_word' id='word_1_201' title='bbox 1240 2117 1418 2186; x_wconf 91' lang='lat' dir='ltr'><strong>injuin</strong></span> <span class='ocrx_word' id='word_1_202' title='bbox 1446 2132 1551 2171; x_wconf 91' lang='lat' dir='ltr'><strong>non</strong></span> <span class='ocrx_word' id='word_1_203' title='bbox 1581 2118 1872 2187; x_wconf 84' lang='lat' dir='ltr'><strong>poterimus</strong></span> <span class='ocrx_word' id='word_1_204' title='bbox 1896 2118 2033 2186; x_wconf 89' lang='lat' dir='ltr'><strong>apud</strong></span> <span class='ocrx_word' id='word_1_205' title='bbox 2058 2117 2222 2187; x_wconf 83' lang='lat' dir='ltr'><strong>Deum</strong></span> 
     </span>
    </p>
   </div>
   <div class='ocr_carea' id='block_1_28' title="bbox 646 2186 2224 2268">
    <p class='ocr_par' dir='ltr' id='par_1_28' title="bbox 646 2186 2224 2268">
     <span class='ocr_line' id='line_1_30' title="bbox 646 2186 2224 2268; baseline -0.001 -27"><span class='ocrx_word' id='word_1_206' title='bbox 646 2188 1016 2268; x_wconf 70' lang='lat' dir='ltr'><strong>praueudere,</strong></span> <span class='ocrx_word' id='word_1_207' title='bbox 1066 2186 1186 2268; x_wconf 77' lang='lat' dir='ltr'><strong>quia</strong></span> <span class='ocrx_word' id='word_1_208' title='bbox 1236 2200 1331 2268; x_wconf 73' lang='lat' dir='ltr'><strong>per</strong></span> <span class='ocrx_word' id='word_1_209' title='bbox 1370 2187 1888 2268; x_wconf 44' lang='lat' dir='ltr'><strong>legemunat‘uraiem</strong></span> <span class='ocrx_word' id='word_1_210' title='bbox 1938 2186 2224 2267; x_wconf 72' lang='lat' dir='ltr'><strong>discrimen</strong></span> 
     </span>
    </p>
   </div>
   <div class='ocr_carea' id='block_1_29' title="bbox 646 2255 2226 2326">
    <p class='ocr_par' dir='ltr' id='par_1_29' title="bbox 646 2255 2226 2326">
     <span class='ocr_line' id='line_1_31' title="bbox 646 2255 2226 2326; baseline -0.003 -15"><span class='ocrx_word' id='word_1_211' title='bbox 646 2255 785 2312; x_wconf 84' lang='lat' dir='ltr'><strong>inter</strong></span> <span class='ocrx_word' id='word_1_212' title='bbox 805 2255 1275 2326; x_wconf 80' lang='lat' dir='ltr'><strong>utrumqueedocti</strong></span> <span class='ocrx_word' id='word_1_213' title='bbox 1304 2255 1507 2311; x_wconf 88' lang='lat' dir='ltr'><strong>sumus.</strong></span> <span class='ocrx_word' id='word_1_214' title='bbox 1540 2257 1625 2311; x_wconf 83' lang='grc'><strong>11.</strong></span> <span class='ocrx_word' id='word_1_215' title='bbox 1652 2256 1901 2310; x_wconf 84' lang='lat' dir='ltr'><strong>Dominus</strong></span> <span class='ocrx_word' id='word_1_216' title='bbox 1924 2255 2015 2309; x_wconf 89' lang='lat' dir='ltr'><strong>scit</strong></span> <span class='ocrx_word' id='word_1_217' title='bbox 2042 2257 2226 2326; x_wconf 85' lang='lat' dir='ltr'><strong>cogita-</strong></span> 
     </span>
    </p>
   </div>
   <div class='ocr_carea' id='block_1_30' title="bbox 644 2324 2224 2395">
    <p class='ocr_par' dir='ltr' id='par_1_30' title="bbox 644 2324 2224 2395">
     <span class='ocr_line' id='line_1_32' title="bbox 644 2324 2224 2395; baseline 0 -17"><span class='ocrx_word' id='word_1_218' title='bbox 644 2329 801 2380; x_wconf 89' lang='lat' dir='ltr'><strong>tiones</strong></span> <span class='ocrx_word' id='word_1_219' title='bbox 829 2324 1109 2392; x_wconf 78' lang='lat' dir='ltr'><strong>hominum,</strong></span> <span class='ocrx_word' id='word_1_220' title='bbox 1138 2328 1373 2395; x_wconf 86' lang='lat' dir='ltr'><strong>quoniam</strong></span> <span class='ocrx_word' id='word_1_221' title='bbox 1396 2343 1538 2380; x_wconf 67' lang='lat' dir='ltr'><strong>vanis</strong></span> <span class='ocrx_word' id='word_1_222' title='bbox 1560 2337 1694 2380; x_wconf 88' lang='lat' dir='ltr'><strong>sunt.</strong></span> <span class='ocrx_word' id='word_1_223' title='bbox 1741 2327 1852 2380; x_wconf 86' lang='lat' dir='ltr'><strong>Hoc</strong></span> <span class='ocrx_word' id='word_1_224' title='bbox 1886 2342 1989 2378; x_wconf 90' lang='lat' dir='ltr'><strong>non</strong></span> <span class='ocrx_word' id='word_1_225' title='bbox 2032 2324 2224 2379; x_wconf 79' lang='lat' dir='ltr'><strong>frustra</strong></span> 
     </span>
    </p>
   </div>
   <div class='ocr_carea' id='block_1_31' title="bbox 646 2396 2225 2465">
    <p class='ocr_par' dir='ltr' id='par_1_31' title="bbox 646 2396 2225 2465">
     <span class='ocr_line' id='line_1_33' title="bbox 646 2396 2225 2465; baseline -0.002 -15"><span class='ocrx_word' id='word_1_226' title='bbox 646 2411 785 2450; x_wconf 89' lang='lat' dir='ltr'><strong>nunc</strong></span> <span class='ocrx_word' id='word_1_227' title='bbox 806 2396 957 2451; x_wconf 77' lang='lat' dir='ltr'><strong>eﬂ‘ert</strong></span> <span class='ocrx_word' id='word_1_228' title='bbox 986 2397 1257 2465; x_wconf 87' lang='lat' dir='ltr'><strong>psalmista</strong></span> <span class='ocrx_word' id='word_1_229' title='bbox 1284 2414 1297 2450; x_wconf 90' lang='lat'><strong>:</strong></span> <span class='ocrx_word' id='word_1_230' title='bbox 1326 2411 1393 2449; x_wconf 91' lang='lat' dir='ltr'><strong>ne</strong></span> <span class='ocrx_word' id='word_1_231' title='bbox 1415 2396 1553 2450; x_wconf 82' lang='lat' dir='ltr'><strong>forte</strong></span> <span class='ocrx_word' id='word_1_232' title='bbox 1578 2406 1819 2465; x_wconf 89' lang='lat' dir='ltr'><strong>putemus</strong></span> <span class='ocrx_word' id='word_1_233' title='bbox 1858 2396 2023 2449; x_wconf 89' lang='lat' dir='ltr'><strong>Deum</strong></span> <span class='ocrx_word' id='word_1_234' title='bbox 2054 2396 2225 2447; x_wconf 89' lang='lat' dir='ltr'><strong>homi-</strong></span> 
     </span>
    </p>
   </div>
   <div class='ocr_carea' id='block_1_32' title="bbox 647 2464 2226 2536">
    <p class='ocr_par' dir='ltr' id='par_1_32' title="bbox 647 2464 2226 2536">
     <span class='ocr_line' id='line_1_34' title="bbox 647 2464 2226 2536; baseline -0.001 -16"><span class='ocrx_word' id='word_1_235' title='bbox 647 2482 743 2521; x_wconf 89' lang='lat' dir='ltr'><strong>nes</strong></span> <span class='ocrx_word' id='word_1_236' title='bbox 770 2470 1026 2535; x_wconf 90' lang='lat' dir='ltr'><strong>patienter</strong></span> <span class='ocrx_word' id='word_1_237' title='bbox 1046 2464 1206 2531; x_wconf 78' lang='lat' dir='ltr'><strong>ferre,</strong></span> <span class='ocrx_word' id='word_1_238' title='bbox 1239 2465 1570 2535; x_wconf 88' lang='lat' dir='ltr'><strong>ignorantem</strong></span> <span class='ocrx_word' id='word_1_239' title='bbox 1591 2476 1843 2536; x_wconf 87' lang='lat' dir='ltr'><strong>quantum</strong></span> <span class='ocrx_word' id='word_1_240' title='bbox 1874 2467 1923 2518; x_wconf 92' lang='lat' dir='ltr'><strong>in</strong></span> <span class='ocrx_word' id='word_1_241' title='bbox 1947 2466 2226 2534; x_wconf 86' lang='lat' dir='ltr'><strong>cogitatio-</strong></span> 
     </span>
    </p>
   </div>
   <div class='ocr_carea' id='block_1_33' title="bbox 646 2536 2225 2603">
    <p class='ocr_par' dir='ltr' id='par_1_33' title="bbox 646 2536 2225 2603">
     <span class='ocr_line' id='line_1_35' title="bbox 646 2536 2225 2603; baseline -0.001 -14"><span class='ocrx_word' id='word_1_242' title='bbox 646 2538 801 2590; x_wconf 87' lang='lat' dir='ltr'><strong>nibus</strong></span> <span class='ocrx_word' id='word_1_243' title='bbox 827 2536 1089 2599; x_wconf 82' lang='lat' dir='ltr'><strong>labantur,</strong></span> <span class='ocrx_word' id='word_1_244' title='bbox 1120 2544 1175 2589; x_wconf 89' lang='lat' dir='ltr'><strong>et</strong></span> <span class='ocrx_word' id='word_1_245' title='bbox 1192 2551 1351 2603; x_wconf 88' lang='lat' dir='ltr'><strong>quam</strong></span> <span class='ocrx_word' id='word_1_246' title='bbox 1383 2551 1513 2589; x_wconf 86' lang='lat' dir='ltr'><strong>vana</strong></span> <span class='ocrx_word' id='word_1_247' title='bbox 1544 2537 1594 2590; x_wconf 90' lang='lat' dir='ltr'><strong>iu</strong></span> <span class='ocrx_word' id='word_1_248' title='bbox 1626 2549 1804 2590; x_wconf 89' lang='lat' dir='ltr'><strong>mente</strong></span> <span class='ocrx_word' id='word_1_249' title='bbox 1835 2544 2079 2599; x_wconf 89' lang='lat' dir='ltr'><strong>versent,</strong></span> <span class='ocrx_word' id='word_1_250' title='bbox 2106 2548 2225 2602; x_wconf 65' lang='lat' dir='ltr'><strong>qua:</strong></span> 
     </span>
    </p>
   </div>
   <div class='ocr_carea' id='block_1_34' title="bbox 644 2603 2225 2675">
    <p class='ocr_par' dir='ltr' id='par_1_34' title="bbox 644 2603 2225 2675">
     <span class='ocr_line' id='line_1_36' title="bbox 644 2603 2225 2675; baseline -0.001 -17"><span class='ocrx_word' id='word_1_251' title='bbox 644 2606 709 2660; x_wconf 85' lang='lat' dir='ltr'><strong>ad</strong></span> <span class='ocrx_word' id='word_1_252' title='bbox 739 2605 1117 2675; x_wconf 82' lang='lat' dir='ltr'><strong>blasphemiam</strong></span> <span class='ocrx_word' id='word_1_253' title='bbox 1146 2606 1197 2657; x_wconf 92' lang='lat' dir='ltr'><strong>in</strong></span> <span class='ocrx_word' id='word_1_254' title='bbox 1224 2605 1495 2659; x_wconf 87' lang='lat' dir='ltr'><strong>Christum</strong></span> <span class='ocrx_word' id='word_1_255' title='bbox 1523 2605 1839 2674; x_wconf 74' lang='lat' dir='ltr'><strong>pertingant.</strong></span> <span class='ocrx_word' id='word_1_256' title='bbox 1867 2603 1982 2658; x_wconf 83' lang='lat' dir='ltr'><strong>Non</strong></span> <span class='ocrx_word' id='word_1_257' title='bbox 2019 2606 2225 2672; x_wconf 79' lang='lat' dir='ltr'><strong>ignorat</strong></span> 
     </span>
    </p>
   </div>
   <div class='ocr_carea' id='block_1_35' title="bbox 645 2675 2224 2745">
    <p class='ocr_par' dir='ltr' id='par_1_35' title="bbox 645 2675 2224 2745">
     <span class='ocr_line' id='line_1_37' title="bbox 645 2675 2224 2745; baseline -0.002 -16"><span class='ocrx_word' id='word_1_258' title='bbox 645 2691 791 2744; x_wconf 72' lang='lat' dir='ltr'><strong>ergo.</strong></span> <span class='ocrx_word' id='word_1_259' title='bbox 825 2676 918 2730; x_wconf 87' lang='lat' dir='ltr'><strong>sed</strong></span> <span class='ocrx_word' id='word_1_260' title='bbox 946 2690 1162 2745; x_wconf 77' lang='lat' dir='ltr'><strong>gnarus,</strong></span> <span class='ocrx_word' id='word_1_261' title='bbox 1191 2690 1375 2729; x_wconf 91' lang='lat' dir='ltr'><strong>eorum</strong></span> <span class='ocrx_word' id='word_1_262' title='bbox 1394 2675 1648 2744; x_wconf 88' lang='lat' dir='ltr'><strong>judicium</strong></span> <span class='ocrx_word' id='word_1_263' title='bbox 1678 2676 1730 2729; x_wconf 89' lang='lat' dir='ltr'><strong>in</strong></span> <span class='ocrx_word' id='word_1_264' title='bbox 1761 2676 1990 2729; x_wconf 74' lang='lat' dir='ltr'><strong>futurum</strong></span> <span class='ocrx_word' id='word_1_265' title='bbox 2017 2685 2224 2743; x_wconf 88' lang='lat' dir='ltr'><strong>tempus</strong></span> 
     </span>
    </p>
   </div>
   <div class='ocr_carea' id='block_1_36' title="bbox 643 2746 2221 2815">
    <p class='ocr_par' dir='ltr' id='par_1_36' title="bbox 643 2746 2221 2815">
     <span class='ocr_line' id='line_1_38' title="bbox 643 2746 2221 2815; baseline -0.001 -16"><span class='ocrx_word' id='word_1_266' title='bbox 643 2756 911 2811; x_wconf 87' lang='lat' dir='ltr'><strong>reservat;</strong></span> <span class='ocrx_word' id='word_1_267' title='bbox 946 2760 1048 2799; x_wconf 89' lang='lat' dir='ltr'><strong>non</strong></span> <span class='ocrx_word' id='word_1_268' title='bbox 1082 2754 1255 2799; x_wconf 89' lang='lat' dir='ltr'><strong>tamen</strong></span> <span class='ocrx_word' id='word_1_269' title='bbox 1276 2760 1399 2815; x_wconf 82' lang='lat' dir='ltr'><strong>erga</strong></span> <span class='ocrx_word' id='word_1_270' title='bbox 1422 2760 1643 2810; x_wconf 89' lang='lat' dir='ltr'><strong>omnes;</strong></span> <span class='ocrx_word' id='word_1_271' title='bbox 1673 2746 1928 2814; x_wconf 88' lang='lat' dir='ltr'><strong>quosdam</strong></span> <span class='ocrx_word' id='word_1_272' title='bbox 1952 2746 2091 2798; x_wconf 89' lang='lat' dir='ltr'><strong>enim</strong></span> <span class='ocrx_word' id='word_1_273' title='bbox 2110 2746 2221 2811; x_wconf 78' lang='lat' dir='ltr'><strong>jam</strong></span> 
     </span>
    </p>
   </div>
   <div class='ocr_carea' id='block_1_37' title="bbox 642 2814 2224 2884">
    <p class='ocr_par' dir='ltr' id='par_1_37' title="bbox 642 2814 2224 2884">
     <span class='ocr_line' id='line_1_39' title="bbox 642 2814 2224 2884; baseline 0.001 -18"><span class='ocrx_word' id='word_1_274' title='bbox 642 2816 706 2873; x_wconf 82' lang='lat' dir='ltr'><strong>ad</strong></span> <span class='ocrx_word' id='word_1_275' title='bbox 741 2817 1050 2883; x_wconf 82' lang='lat' dir='ltr'><strong>sapientiam</strong></span> <span class='ocrx_word' id='word_1_276' title='bbox 1083 2815 1277 2879; x_wconf 87' lang='lat' dir='ltr'><strong>erudit,</strong></span> <span class='ocrx_word' id='word_1_277' title='bbox 1311 2816 1377 2869; x_wconf 91' lang='lat' dir='ltr'><strong>de</strong></span> <span class='ocrx_word' id='word_1_278' title='bbox 1407 2814 1599 2883; x_wconf 86' lang='lat' dir='ltr'><strong>quibus</strong></span> <span class='ocrx_word' id='word_1_279' title='bbox 1634 2817 1685 2868; x_wconf 92' lang='lat' dir='ltr'><strong>in</strong></span> <span class='ocrx_word' id='word_1_280' title='bbox 1722 2815 2069 2884; x_wconf 89' lang='lat' dir='ltr'><strong>sequentibus</strong></span> <span class='ocrx_word' id='word_1_281' title='bbox 2093 2815 2224 2868; x_wconf 90' lang='lat' dir='ltr'><strong>dici-</strong></span> 
     </span>
    </p>
   </div>
   <div class='ocr_carea' id='block_1_38' title="bbox 644 2883 2225 2954">
    <p class='ocr_par' dir='ltr' id='par_1_38' title="bbox 644 2883 2225 2954">
     <span class='ocr_line' id='line_1_40' title="bbox 644 2883 2225 2954; baseline 0.002 -19"><span class='ocrx_word' id='word_1_282' title='bbox 644 2896 728 2937; x_wconf 87' lang='lat' dir='ltr'><strong>tur</strong></span> <span class='ocrx_word' id='word_1_283' title='bbox 760 2903 774 2938; x_wconf 88' lang='lat'><strong>:</strong></span> <span class='ocrx_word' id='word_1_284' title='bbox 806 2886 897 2939; x_wconf 74' lang='grc'><strong>12.</strong></span> <span class='ocrx_word' id='word_1_285' title='bbox 928 2884 1111 2937; x_wconf 83' lang='lat' dir='ltr'><strong>Beatus</strong></span> <span class='ocrx_word' id='word_1_286' title='bbox 1136 2885 1284 2937; x_wconf 80' lang='lat' dir='ltr'><strong>homo</strong></span> <span class='ocrx_word' id='word_1_287' title='bbox 1310 2901 1453 2954; x_wconf 85' lang='lat' dir='ltr'><strong>quem</strong></span> <span class='ocrx_word' id='word_1_288' title='bbox 1479 2895 1535 2938; x_wconf 90' lang='lat' dir='ltr'><strong>tu</strong></span> <span class='ocrx_word' id='word_1_289' title='bbox 1554 2883 1815 2952; x_wconf 80' lang='lat' dir='ltr'><strong>erudieris,</strong></span> <span class='ocrx_word' id='word_1_290' title='bbox 1840 2883 2072 2950; x_wconf 83' lang='lat' dir='ltr'><strong>Domine,</strong></span> <span class='ocrx_word' id='word_1_291' title='bbox 2096 2894 2141 2938; x_wconf 89' lang='lat' dir='ltr'><strong>et</strong></span> <span class='ocrx_word' id='word_1_292' title='bbox 2162 2884 2225 2938; x_wconf 89' lang='lat' dir='ltr'><strong>de</strong></span> 
     </span>
    </p>
   </div>
   <div class='ocr_carea' id='block_1_39' title="bbox 642 2955 1275 3024">
    <p class='ocr_par' dir='ltr' id='par_1_39' title="bbox 642 2955 1275 3024">
     <span class='ocr_line' id='line_1_41' title="bbox 642 2955 1275 3024; baseline 0 -18"><span class='ocrx_word' id='word_1_293' title='bbox 642 2956 749 3024; x_wconf 79' lang='lat' dir='ltr'><strong>lege</strong></span> <span class='ocrx_word' id='word_1_294' title='bbox 778 2967 861 3006; x_wconf 81' lang='lat' dir='ltr'><strong>tua</strong></span> <span class='ocrx_word' id='word_1_295' title='bbox 890 2955 1116 3007; x_wconf 83' lang='lat' dir='ltr'><strong>docueris</strong></span> <span class='ocrx_word' id='word_1_296' title='bbox 1141 2970 1275 3006; x_wconf 88' lang='lat' dir='ltr'><strong>eum.</strong></span> 
     </span>
    </p>
   </div>
   <div class='ocr_carea' id='block_1_40' title="bbox 710 3023 2218 3093">
    <p class='ocr_par' dir='ltr' id='par_1_40' title="bbox 710 3023 2218 3093">
     <span class='ocr_line' id='line_1_42' title="bbox 710 3023 2218 3093; baseline 0.002 -18"><span class='ocrx_word' id='word_1_297' title='bbox 710 3025 763 3075; x_wconf 73' lang='lat'><strong>2.</strong></span> <span class='ocrx_word' id='word_1_298' title='bbox 799 3024 972 3076; x_wconf 84' lang='lat' dir='ltr'><strong>Multis</strong></span> <span class='ocrx_word' id='word_1_299' title='bbox 999 3024 1167 3076; x_wconf 87' lang='lat' dir='ltr'><strong>modis</strong></span> <span class='ocrx_word' id='word_1_300' title='bbox 1197 3024 1285 3093; x_wconf 89' lang='lat' dir='ltr'><strong>qui</strong></span> <span class='ocrx_word' id='word_1_301' title='bbox 1310 3038 1337 3075; x_wconf 90' lang='lat' dir='ltr'><strong>a</strong></span> <span class='ocrx_word' id='word_1_302' title='bbox 1363 3023 1471 3077; x_wconf 90' lang='lat' dir='ltr'><strong>Deo</strong></span> <span class='ocrx_word' id='word_1_303' title='bbox 1496 3024 1738 3079; x_wconf 85' lang='lat' dir='ltr'><strong>erudititr</strong></span> <span class='ocrx_word' id='word_1_304' title='bbox 1766 3024 1952 3079; x_wconf 75' lang='lat' dir='ltr'><strong>beatus</strong></span> <span class='ocrx_word' id='word_1_305' title='bbox 1980 3024 2173 3079; x_wconf 91' lang='lat' dir='ltr'><strong>dicitur</strong></span> <span class='ocrx_word' id='word_1_306' title='bbox 2204 3042 2218 3078; x_wconf 88' lang='lat'><strong>:</strong></span> 
     </span>
    </p>
   </div>
   <div class='ocr_carea' id='block_1_41' title="bbox 642 3094 2224 3163">
    <p class='ocr_par' dir='ltr' id='par_1_41' title="bbox 642 3094 2224 3163">
     <span class='ocr_line' id='line_1_43' title="bbox 642 3094 2224 3163; baseline 0.004 -20"><span class='ocrx_word' id='word_1_307' title='bbox 642 3096 812 3163; x_wconf 87' lang='lat' dir='ltr'><strong>primo</strong></span> <span class='ocrx_word' id='word_1_308' title='bbox 838 3094 1079 3161; x_wconf 85' lang='lat' dir='ltr'><strong>quidem,</strong></span> <span class='ocrx_word' id='word_1_309' title='bbox 1112 3095 1231 3161; x_wconf 85' lang='lat' dir='ltr'><strong>quia</strong></span> <span class='ocrx_word' id='word_1_310' title='bbox 1263 3094 1451 3147; x_wconf 88' lang='lat' dir='ltr'><strong>melior</strong></span> <span class='ocrx_word' id='word_1_311' title='bbox 1477 3105 1530 3148; x_wconf 91' lang='lat' dir='ltr'><strong>ct</strong></span> <span class='ocrx_word' id='word_1_312' title='bbox 1559 3096 1847 3163; x_wconf 84' lang='lat' dir='ltr'><strong>sapientior</strong></span> <span class='ocrx_word' id='word_1_313' title='bbox 1873 3096 2131 3160; x_wconf 87' lang='lat' dir='ltr'><strong>redditur,</strong></span> <span class='ocrx_word' id='word_1_314' title='bbox 2167 3104 2224 3150; x_wconf 88' lang='lat' dir='ltr'><strong>ut</strong></span> 
     </span>
    </p>
   </div>
   <div class='ocr_carea' id='block_1_42' title="bbox 642 3162 2223 3233">
    <p class='ocr_par' dir='ltr' id='par_1_42' title="bbox 642 3162 2223 3233">
     <span class='ocr_line' id='line_1_44' title="bbox 642 3162 2223 3233; baseline 0.001 -15"><span class='ocrx_word' id='word_1_315' title='bbox 642 3162 747 3218; x_wconf 87' lang='lat' dir='ltr'><strong>non</strong></span> <span class='ocrx_word' id='word_1_316' title='bbox 789 3165 921 3216; x_wconf 90' lang='lat' dir='ltr'><strong>ultra</strong></span> <span class='ocrx_word' id='word_1_317' title='bbox 959 3164 1231 3216; x_wconf 90' lang='lat' dir='ltr'><strong>hrutorum</strong></span> <span class='ocrx_word' id='word_1_318' title='bbox 1264 3164 1421 3216; x_wconf 87' lang='lat' dir='ltr'><strong>vitam</strong></span> <span class='ocrx_word' id='word_1_319' title='bbox 1459 3162 1650 3228; x_wconf 78' lang='lat' dir='ltr'><strong>ducat,</strong></span> <span class='ocrx_word' id='word_1_320' title='bbox 1680 3180 1850 3233; x_wconf 86' lang='lat' dir='ltr'><strong>neque</strong></span> <span class='ocrx_word' id='word_1_321' title='bbox 1894 3166 2223 3219; x_wconf 81' lang='lat' dir='ltr'><strong>rationabilis</strong></span> 
     </span>
    </p>
   </div>
   <div class='ocr_carea' id='block_1_43' title="bbox 640 3233 2218 3304">
    <p class='ocr_par' dir='ltr' id='par_1_43' title="bbox 640 3233 2218 3304">
     <span class='ocr_line' id='line_1_45' title="bbox 640 3233 2218 3304; baseline 0.002 -18"><span class='ocrx_word' id='word_1_322' title='bbox 640 3243 872 3296; x_wconf 89' lang='lat' dir='ltr'><strong>creatus,</strong></span> <span class='ocrx_word' id='word_1_323' title='bbox 903 3235 1038 3286; x_wconf 85' lang='lat' dir='ltr'><strong>inter</strong></span> <span class='ocrx_word' id='word_1_324' title='bbox 1064 3233 1438 3287; x_wconf 85' lang='lat' dir='ltr'><strong>irrationabilia</strong></span> <span class='ocrx_word' id='word_1_325' title='bbox 1466 3237 1850 3296; x_wconf 86' lang='lat' dir='ltr'><strong>constituatur;</strong></span> <span class='ocrx_word' id='word_1_326' title='bbox 1882 3234 2075 3289; x_wconf 87' lang='lat' dir='ltr'><strong>deinde</strong></span> <span class='ocrx_word' id='word_1_327' title='bbox 2096 3238 2218 3304; x_wconf 87' lang='lat' dir='ltr'><strong>quia</strong></span> 
     </span>
    </p>
   </div>
   <div class='ocr_carea' id='block_1_44' title="bbox 640 3304 2223 3373">
    <p class='ocr_par' dir='ltr' id='par_1_44' title="bbox 640 3304 2223 3373">
     <span class='ocr_line' id='line_1_46' title="bbox 640 3304 2223 3373; baseline 0.002 -17"><span class='ocrx_word' id='word_1_328' title='bbox 640 3318 671 3356; x_wconf 92' lang='lat' dir='ltr'><strong>a</strong></span> <span class='ocrx_word' id='word_1_329' title='bbox 701 3306 807 3356; x_wconf 86' lang='lat' dir='ltr'><strong>Deo</strong></span> <span class='ocrx_word' id='word_1_330' title='bbox 844 3304 1141 3367; x_wconf 84' lang='lat' dir='ltr'><strong>institutus,</strong></span> <span class='ocrx_word' id='word_1_331' title='bbox 1169 3304 1317 3373; x_wconf 90' lang='lat' dir='ltr'><strong>quasi</strong></span> <span class='ocrx_word' id='word_1_332' title='bbox 1342 3317 1370 3355; x_wconf 89' lang='lat' dir='ltr'><strong>a</strong></span> <span class='ocrx_word' id='word_1_333' title='bbox 1398 3314 1545 3371; x_wconf 89' lang='lat' dir='ltr'><strong>patre</strong></span> <span class='ocrx_word' id='word_1_334' title='bbox 1579 3305 1887 3358; x_wconf 85' lang='lat' dir='ltr'><strong>verberatur</strong></span> <span class='ocrx_word' id='word_1_335' title='bbox 1920 3322 1933 3359; x_wconf 93' lang='lat'><strong>:</strong></span> <span class='ocrx_word' id='word_1_336' title='bbox 1966 3305 2223 3373; x_wconf 85' lang='lat' dir='ltr'><strong>quamob-</strong></span> 
     </span>
    </p>
   </div>
   <div class='ocr_carea' id='block_1_45' title="bbox 639 3372 2221 3443">
    <p class='ocr_par' dir='ltr' id='par_1_45' title="bbox 639 3372 2221 3443">
     <span class='ocr_line' id='line_1_47' title="bbox 639 3372 2221 3443; baseline 0.001 -16"><span class='ocrx_word' id='word_1_337' title='bbox 639 3388 750 3427; x_wconf 82' lang='lat' dir='ltr'><strong>rem</strong></span> <span class='ocrx_word' id='word_1_338' title='bbox 780 3388 882 3427; x_wconf 88' lang='lat' dir='ltr'><strong>non</strong></span> <span class='ocrx_word' id='word_1_339' title='bbox 927 3372 1117 3442; x_wconf 88' lang='lat' dir='ltr'><strong>puniri,</strong></span> <span class='ocrx_word' id='word_1_340' title='bbox 1146 3372 1239 3425; x_wconf 88' lang='lat' dir='ltr'><strong>sed</strong></span> <span class='ocrx_word' id='word_1_341' title='bbox 1265 3375 1458 3426; x_wconf 88' lang='lat' dir='ltr'><strong>ermliri</strong></span> <span class='ocrx_word' id='word_1_342' title='bbox 1490 3373 1717 3428; x_wconf 88' lang='lat' dir='ltr'><strong>dicitur:</strong></span> <span class='ocrx_word' id='word_1_343' title='bbox 1746 3377 1931 3442; x_wconf 89' lang='lat' dir='ltr'><strong>punire</strong></span> <span class='ocrx_word' id='word_1_344' title='bbox 1971 3372 2111 3428; x_wconf 81' lang='lat' dir='ltr'><strong>enim</strong></span> <span class='ocrx_word' id='word_1_345' title='bbox 2136 3377 2221 3443; x_wconf 86' lang='lat' dir='ltr'><strong>ju-</strong></span> 
     </span>
    </p>
   </div>
   <div class='ocr_carea' id='block_1_46' title="bbox 641 3444 2219 3513">
    <p class='ocr_par' dir='ltr' id='par_1_46' title="bbox 641 3444 2219 3513">
     <span class='ocr_line' id='line_1_48' title="bbox 641 3444 2219 3513; baseline 0.003 -18"><span class='ocrx_word' id='word_1_346' title='bbox 641 3444 814 3513; x_wconf 81' lang='lat' dir='ltr'><strong>dicunt</strong></span> <span class='ocrx_word' id='word_1_347' title='bbox 838 3452 919 3497; x_wconf 89' lang='lat' dir='ltr'><strong>est</strong></span> <span class='ocrx_word' id='word_1_348' title='bbox 943 3460 955 3504; x_wconf 91' lang='lat'><strong>;</strong></span> <span class='ocrx_word' id='word_1_349' title='bbox 980 3444 1188 3496; x_wconf 83' lang='lat' dir='ltr'><strong>t&#39;l‘udil‘c</strong></span> <span class='ocrx_word' id='word_1_350' title='bbox 1212 3452 1619 3512; x_wconf 69' lang='lat' dir='ltr'><strong>prwceptorum.</strong></span> <span class='ocrx_word' id='word_1_351' title='bbox 1639 3445 1970 3513; x_wconf 81' lang='lat' dir='ltr'><strong>Quapropter</strong></span> <span class='ocrx_word' id='word_1_352' title='bbox 1997 3445 2219 3512; x_wconf 78' lang='lat' dir='ltr'><strong>addidit,</strong></span> 
     </span>
    </p>
   </div>
   <div class='ocr_carea' id='block_1_47' title="bbox 638 3512 2219 3582">
    <p class='ocr_par' dir='ltr' id='par_1_47' title="bbox 638 3512 2219 3582">
     <span class='ocr_line' id='line_1_49' title="bbox 638 3512 2219 3582; baseline 0 -14"><span class='ocrx_word' id='word_1_353' title='bbox 638 3512 716 3568; x_wconf 84' lang='lat' dir='ltr'><strong>De</strong></span> <span class='ocrx_word' id='word_1_354' title='bbox 740 3515 846 3582; x_wconf 77' lang='lat' dir='ltr'><strong>lege</strong></span> <span class='ocrx_word' id='word_1_355' title='bbox 874 3523 959 3565; x_wconf 86' lang='lat' dir='ltr'><strong>tua</strong></span> <span class='ocrx_word' id='word_1_356' title='bbox 983 3514 1209 3565; x_wconf 74' lang='lat' dir='ltr'><strong>docueris</strong></span> <span class='ocrx_word' id='word_1_357' title='bbox 1230 3528 1365 3576; x_wconf 89' lang='lat' dir='ltr'><strong>eum,</strong></span> <span class='ocrx_word' id='word_1_358' title='bbox 1393 3514 1682 3566; x_wconf 89' lang='lat' dir='ltr'><strong>ostendens</strong></span> <span class='ocrx_word' id='word_1_359' title='bbox 1710 3512 1873 3567; x_wconf 83' lang='lat' dir='ltr'><strong>Deum</strong></span> <span class='ocrx_word' id='word_1_360' title='bbox 1900 3529 2004 3568; x_wconf 90' lang='lat' dir='ltr'><strong>non</strong></span> <span class='ocrx_word' id='word_1_361' title='bbox 2030 3516 2219 3568; x_wconf 87' lang='lat' dir='ltr'><strong>iratum</strong></span> 
     </span>
    </p>
   </div>
   <div class='ocr_carea' id='block_1_48' title="bbox 591 3584 2217 3651">
    <p class='ocr_par' dir='ltr' id='par_1_48' title="bbox 591 3584 2217 3651">
     <span class='ocr_line' id='line_1_50' title="bbox 591 3584 2217 3651; baseline 0.001 -15"><span class='ocrx_word' id='word_1_362' title='bbox 591 3618 594 3619; x_wconf 51' lang='grc' dir='ltr'><em>ν</em></span> <span class='ocrx_word' id='word_1_363' title='bbox 638 3585 866 3645; x_wconf 88' lang='lat' dir='ltr'><strong>erudire,</strong></span> <span class='ocrx_word' id='word_1_364' title='bbox 896 3585 986 3636; x_wconf 89' lang='lat' dir='ltr'><strong>sed</strong></span> <span class='ocrx_word' id='word_1_365' title='bbox 1011 3599 1129 3635; x_wconf 91' lang='lat' dir='ltr'><strong>eum</strong></span> <span class='ocrx_word' id='word_1_366' title='bbox 1152 3597 1305 3650; x_wconf 88' lang='lat' dir='ltr'><strong>quem</strong></span> <span class='ocrx_word' id='word_1_367' title='bbox 1332 3584 1505 3636; x_wconf 86' lang='lat' dir='ltr'><strong>erudit</strong></span> <span class='ocrx_word' id='word_1_368' title='bbox 1528 3584 1576 3634; x_wconf 91' lang='lat' dir='ltr'><strong>in</strong></span> <span class='ocrx_word' id='word_1_369' title='bbox 1607 3585 1719 3651; x_wconf 77' lang='lat' dir='ltr'><strong>lege</strong></span> <span class='ocrx_word' id='word_1_370' title='bbox 1739 3584 1952 3637; x_wconf 90' lang='lat' dir='ltr'><strong>doctum</strong></span> <span class='ocrx_word' id='word_1_371' title='bbox 1974 3585 2217 3639; x_wconf 90' lang='lat' dir='ltr'><strong>reddere.</strong></span> 
     </span>
    </p>
   </div>
   <div class='ocr_carea' id='block_1_49' title="bbox 637 3651 2216 3721">
    <p class='ocr_par' dir='ltr' id='par_1_49' title="bbox 637 3651 2216 3721">
     <span class='ocr_line' id='line_1_51' title="bbox 637 3651 2216 3721; baseline -0.001 -13"><span class='ocrx_word' id='word_1_372' title='bbox 637 3653 959 3721; x_wconf 69' lang='lat' dir='ltr'><strong>Eequmnain</strong></span> <span class='ocrx_word' id='word_1_373' title='bbox 983 3652 1222 3707; x_wconf 83' lang='lat' dir='ltr'><strong>utilitas?</strong></span> <span class='ocrx_word' id='word_1_374' title='bbox 1248 3653 1331 3705; x_wconf 93' lang='grc'><strong>15.</strong></span> <span class='ocrx_word' id='word_1_375' title='bbox 1367 3651 1432 3706; x_wconf 86' lang='lat' dir='ltr'><strong>Ut</strong></span> <span class='ocrx_word' id='word_1_376' title='bbox 1453 3653 1646 3721; x_wconf 82' lang='lat' dir='ltr'><strong>mitiges</strong></span> <span class='ocrx_word' id='word_1_377' title='bbox 1666 3668 1775 3705; x_wconf 79' lang='lat' dir='ltr'><strong>eum</strong></span> <span class='ocrx_word' id='word_1_378' title='bbox 1796 3670 1827 3705; x_wconf 88' lang='lat' dir='ltr'><strong>a</strong></span> <span class='ocrx_word' id='word_1_379' title='bbox 1853 3656 2024 3707; x_wconf 87' lang='lat' dir='ltr'><strong>diebus</strong></span> <span class='ocrx_word' id='word_1_380' title='bbox 2051 3657 2216 3721; x_wconf 87' lang='lat' dir='ltr'><strong>malis,</strong></span> 
     </span>
    </p>
   </div>
   <div class='ocr_carea' id='block_1_50' title="bbox 645 3723 2217 3792">
    <p class='ocr_par' dir='ltr' id='par_1_50' title="bbox 645 3723 2217 3792">
     <span class='ocr_line' id='line_1_52' title="bbox 645 3723 2217 3792; baseline 0.002 -17"><span class='ocrx_word' id='word_1_381' title='bbox 645 3728 803 3775; x_wconf 77' lang='lat' dir='ltr'><strong>donec</strong></span> <span class='ocrx_word' id='word_1_382' title='bbox 829 3725 1051 3792; x_wconf 75' lang='lat' dir='ltr'><strong>fodiatur</strong></span> <span class='ocrx_word' id='word_1_383' title='bbox 1076 3723 1323 3791; x_wconf 65' lang='grc' dir='ltr'><strong>μετείηοιῆ</strong></span> <span class='ocrx_word' id='word_1_384' title='bbox 1349 3723 1509 3789; x_wconf 72' lang='lat' dir='ltr'><strong>fovea.</strong></span> <span class='ocrx_word' id='word_1_385' title='bbox 1543 3724 1928 3779; x_wconf 80' lang='lat' dir='ltr'><strong>Beatitudincm</strong></span> <span class='ocrx_word' id='word_1_386' title='bbox 1954 3740 2073 3779; x_wconf 87' lang='lat' dir='ltr'><strong>esse</strong></span> <span class='ocrx_word' id='word_1_387' title='bbox 2103 3741 2217 3778; x_wconf 90' lang='lat' dir='ltr'><strong>ma-</strong></span> 
     </span>
    </p>
   </div>
   <div class='ocr_carea' id='block_1_51' title="bbox 637 3792 2215 3863">
    <p class='ocr_par' dir='ltr' id='par_1_51' title="bbox 637 3792 2215 3863">
     <span class='ocr_line' id='line_1_53' title="bbox 637 3792 2215 3863; baseline 0.003 -20"><span class='ocrx_word' id='word_1_388' title='bbox 637 3808 794 3862; x_wconf 84' lang='lat' dir='ltr'><strong>gnam</strong></span> <span class='ocrx_word' id='word_1_389' title='bbox 826 3794 951 3846; x_wconf 86' lang='lat' dir='ltr'><strong>dicit</strong></span> <span class='ocrx_word' id='word_1_390' title='bbox 981 3793 1235 3861; x_wconf 90' lang='lat' dir='ltr'><strong>propheta</strong></span> <span class='ocrx_word' id='word_1_391' title='bbox 1269 3792 1633 3863; x_wconf 70' lang='lat' dir='ltr'><strong>liberationem</strong></span> <span class='ocrx_word' id='word_1_392' title='bbox 1663 3808 1691 3845; x_wconf 91' lang='lat' dir='ltr'><strong>a</strong></span> <span class='ocrx_word' id='word_1_393' title='bbox 1715 3793 1889 3846; x_wconf 80' lang='lat' dir='ltr'><strong>futuro</strong></span> <span class='ocrx_word' id='word_1_394' title='bbox 1917 3796 2176 3863; x_wconf 86' lang='lat' dir='ltr'><strong>supplicio</strong></span> <span class='ocrx_word' id='word_1_395' title='bbox 2199 3836 2215 3860; x_wconf 90' lang='lat'><strong>,</strong></span> 
     </span>
    </p>
   </div>
   <div class='ocr_carea' id='block_1_52' title="bbox 640 3861 2221 3934">
    <p class='ocr_par' dir='ltr' id='par_1_52' title="bbox 640 3861 2221 3934">
     <span class='ocr_line' id='line_1_54' title="bbox 640 3861 2221 3934; baseline 0.001 -18"><span class='ocrx_word' id='word_1_396' title='bbox 640 3861 757 3916; x_wconf 84' lang='lat' dir='ltr'><strong>ideo</strong></span> <span class='ocrx_word' id='word_1_397' title='bbox 797 3866 847 3916; x_wconf 87' lang='lat' dir='ltr'><strong>in</strong></span> <span class='ocrx_word' id='word_1_398' title='bbox 885 3864 988 3915; x_wconf 87' lang='lat' dir='ltr'><strong>alio</strong></span> <span class='ocrx_word' id='word_1_399' title='bbox 1030 3862 1238 3915; x_wconf 80' lang='lat' dir='ltr'><strong>PSalmo</strong></span> <span class='ocrx_word' id='word_1_400' title='bbox 1266 3862 1429 3934; x_wconf 83' lang='lat' dir='ltr'><strong>dicit:</strong></span> <span class='ocrx_word' id='word_1_401' title='bbox 1460 3861 1647 3915; x_wconf 84' lang='lat' dir='ltr'><strong>Beatus</strong></span> <span class='ocrx_word' id='word_1_402' title='bbox 1690 3864 1773 3934; x_wconf 74' lang='lat' dir='ltr'><strong>qui</strong></span> <span class='ocrx_word' id='word_1_403' title='bbox 1806 3861 2039 3934; x_wconf 77' lang='lat' dir='ltr'><strong>intelligit</strong></span> <span class='ocrx_word' id='word_1_404' title='bbox 2070 3882 2221 3934; x_wconf 83' lang='lat' dir='ltr'><strong>super</strong></span> 
     </span>
    </p>
   </div>
   <div class='ocr_carea' id='block_1_53' title="bbox 638 3932 2221 4001">
    <p class='ocr_par' dir='ltr' id='par_1_53' title="bbox 638 3932 2221 4001">
     <span class='ocr_line' id='line_1_55' title="bbox 638 3932 2221 4001; baseline 0.001 -15"><span class='ocrx_word' id='word_1_405' title='bbox 638 3950 845 4001; x_wconf 74' lang='lat' dir='ltr'><strong>egenum</strong></span> <span class='ocrx_word' id='word_1_406' title='bbox 866 3943 907 3984; x_wconf 86' lang='lat' dir='ltr'><strong>et</strong></span> <span class='ocrx_word' id='word_1_407' title='bbox 936 3947 1246 4001; x_wconf 80' lang='lat' dir='ltr'><strong>pauperem;</strong></span> <span class='ocrx_word' id='word_1_408' title='bbox 1286 3932 1337 3983; x_wconf 88' lang='lat' dir='ltr'><strong>in</strong></span> <span class='ocrx_word' id='word_1_409' title='bbox 1362 3933 1443 3985; x_wconf 90' lang='lat' dir='ltr'><strong>die</strong></span> <span class='ocrx_word' id='word_1_410' title='bbox 1467 3934 1601 3985; x_wconf 80' lang='lat' dir='ltr'><strong>mala</strong></span> <span class='ocrx_word' id='word_1_411' title='bbox 1646 3933 1868 3985; x_wconf 84' lang='lat' dir='ltr'><strong>liberabit</strong></span> <span class='ocrx_word' id='word_1_412' title='bbox 1906 3932 2016 3988; x_wconf 84' lang='lat' dir='ltr'><strong>eum</strong></span> <span class='ocrx_word' id='word_1_413' title='bbox 2046 3932 2221 3988; x_wconf 83' lang='lat' dir='ltr'><strong>Domi-</strong></span> 
     </span>
    </p>
   </div>
   <div class='ocr_carea' id='block_1_54' title="bbox 638 4001 2218 4084">
    <p class='ocr_par' dir='ltr' id='par_1_54' title="bbox 638 4001 2218 4084">
     <span class='ocr_line' id='line_1_56' title="bbox 638 4001 2218 4084; baseline 0.003 -30"><span class='ocrx_word' id='word_1_414' title='bbox 638 4020 731 4055; x_wconf 84' lang='lat' dir='ltr'><strong>uus</strong></span> <span class='ocrx_word' id='word_1_415' title='bbox 772 4002 951 4084; x_wconf 35' lang='lat' dir='ltr'><strong>(.l’sul.</strong></span> <span class='ocrx_word' id='word_1_416' title='bbox 985 4004 1072 4055; x_wconf 71' lang='grc'><strong>40.</strong></span> <span class='ocrx_word' id='word_1_417' title='bbox 1109 4001 1205 4084; x_wconf 71' lang='grc'><strong>2).</strong></span> <span class='ocrx_word' id='word_1_418' title='bbox 1253 4002 1435 4084; x_wconf 74' lang='lat' dir='ltr'><strong>Itaque</strong></span> <span class='ocrx_word' id='word_1_419' title='bbox 1472 4002 1592 4084; x_wconf 71' lang='lat' dir='ltr'><strong>jure</strong></span> <span class='ocrx_word' id='word_1_420' title='bbox 1619 4011 1758 4056; x_wconf 77' lang='lat' dir='ltr'><strong>nunc</strong></span> <span class='ocrx_word' id='word_1_421' title='bbox 1783 4004 2218 4084; x_wconf 44' lang='lat' dir='ltr'><strong>etiam-beatum</strong></span> 
     </span>
    </p>
   </div>
   <div class='ocr_carea' id='block_1_55' title="bbox 637 4073 2214 4143">
    <p class='ocr_par' dir='ltr' id='par_1_55' title="bbox 637 4073 2214 4143">
     <span class='ocr_line' id='line_1_57' title="bbox 637 4073 2214 4143; baseline 0.002 -17"><span class='ocrx_word' id='word_1_422' title='bbox 637 4073 911 4126; x_wconf 83' lang='lat' dir='ltr'><strong>constituit</strong></span> <span class='ocrx_word' id='word_1_423' title='bbox 942 4087 1063 4143; x_wconf 80' lang='lat' dir='ltr'><strong>eum</strong></span> <span class='ocrx_word' id='word_1_424' title='bbox 1089 4073 1176 4133; x_wconf 85' lang='lat' dir='ltr'><strong>qui</strong></span> <span class='ocrx_word' id='word_1_425' title='bbox 1218 4073 1457 4125; x_wconf 90' lang='lat' dir='ltr'><strong>eruditur</strong></span> <span class='ocrx_word' id='word_1_426' title='bbox 1480 4088 1509 4125; x_wconf 87' lang='lat' dir='ltr'><strong>a</strong></span> <span class='ocrx_word' id='word_1_427' title='bbox 1534 4073 1641 4143; x_wconf 81' lang='lat' dir='ltr'><strong>Deo</strong></span> <span class='ocrx_word' id='word_1_428' title='bbox 1661 4113 1675 4137; x_wconf 91' lang='lat'><strong>,</strong></span> <span class='ocrx_word' id='word_1_429' title='bbox 1705 4074 1827 4143; x_wconf 81' lang='lat' dir='ltr'><strong>quia</strong></span> <span class='ocrx_word' id='word_1_430' title='bbox 1849 4089 1945 4143; x_wconf 90' lang='lat' dir='ltr'><strong>per</strong></span> <span class='ocrx_word' id='word_1_431' title='bbox 1975 4073 2109 4130; x_wconf 86' lang='lat' dir='ltr'><strong>hanc</strong></span> <span class='ocrx_word' id='word_1_432' title='bbox 2130 4075 2214 4129; x_wconf 83' lang='lat' dir='ltr'><strong>iu-</strong></span> 
     </span>
    </p>
   </div>
   <div class='ocr_carea' id='block_1_56' title="bbox 639 4140 2220 4207">
    <p class='ocr_par' dir='ltr' id='par_1_56' title="bbox 639 4140 2220 4207">
     <span class='ocr_line' id='line_1_58' title="bbox 639 4140 2220 4207; baseline 0.003 -13"><span class='ocrx_word' id='word_1_433' title='bbox 639 4144 965 4195; x_wconf 83' lang='lat' dir='ltr'><strong>stitutiouem</strong></span> <span class='ocrx_word' id='word_1_434' title='bbox 995 4140 1165 4194; x_wconf 80' lang='lat' dir='ltr'><strong>futura</strong></span> <span class='ocrx_word' id='word_1_435' title='bbox 1198 4144 1327 4195; x_wconf 87' lang='lat' dir='ltr'><strong>vitat</strong></span> <span class='ocrx_word' id='word_1_436' title='bbox 1346 4143 1503 4207; x_wconf 89' lang='lat' dir='ltr'><strong>mala,</strong></span> <span class='ocrx_word' id='word_1_437' title='bbox 1532 4150 1588 4195; x_wconf 88' lang='lat' dir='ltr'><strong>et</strong></span> <span class='ocrx_word' id='word_1_438' title='bbox 1613 4142 1663 4195; x_wconf 92' lang='lat' dir='ltr'><strong>in</strong></span> <span class='ocrx_word' id='word_1_439' title='bbox 1686 4140 1871 4196; x_wconf 80' lang='lat' dir='ltr'><strong>diebus</strong></span> <span class='ocrx_word' id='word_1_440' title='bbox 1890 4146 2045 4197; x_wconf 89' lang='lat' dir='ltr'><strong>malis</strong></span> <span class='ocrx_word' id='word_1_441' title='bbox 2068 4160 2220 4198; x_wconf 85' lang='lat' dir='ltr'><strong>man-</strong></span> 
     </span>
    </p>
   </div>
   <div class='ocr_carea' id='block_1_57' title="bbox 636 4212 2211 4283">
    <p class='ocr_par' dir='ltr' id='par_1_57' title="bbox 636 4212 2211 4283">
     <span class='ocr_line' id='line_1_59' title="bbox 636 4212 2211 4283; baseline 0.003 -18"><span class='ocrx_word' id='word_1_442' title='bbox 636 4213 913 4265; x_wconf 88' lang='lat' dir='ltr'><strong>suetudine</strong></span> <span class='ocrx_word' id='word_1_443' title='bbox 946 4212 1164 4275; x_wconf 82' lang='lat' dir='ltr'><strong>fruetur,</strong></span> <span class='ocrx_word' id='word_1_444' title='bbox 1200 4212 1251 4264; x_wconf 88' lang='lat' dir='ltr'><strong>id</strong></span> <span class='ocrx_word' id='word_1_445' title='bbox 1280 4224 1382 4275; x_wconf 89' lang='lat' dir='ltr'><strong>est,</strong></span> <span class='ocrx_word' id='word_1_446' title='bbox 1415 4212 1477 4264; x_wconf 91' lang='lat' dir='ltr'><strong>iis</strong></span> <span class='ocrx_word' id='word_1_447' title='bbox 1506 4214 1850 4281; x_wconf 85' lang='lat' dir='ltr'><strong>temporibus,</strong></span> <span class='ocrx_word' id='word_1_448' title='bbox 1878 4217 2068 4283; x_wconf 89' lang='lat' dir='ltr'><strong>qu.bus</strong></span> <span class='ocrx_word' id='word_1_449' title='bbox 2098 4229 2211 4283; x_wconf 77' lang='lat' dir='ltr'><strong>pce-</strong></span> 
     </span>
    </p>
   </div>
   <div class='ocr_carea' id='block_1_58' title="bbox 638 4282 2217 4354">
    <p class='ocr_par' dir='ltr' id='par_1_58' title="bbox 638 4282 2217 4354">
     <span class='ocr_line' id='line_1_60' title="bbox 638 4282 2217 4354; baseline 0.003 -19"><span class='ocrx_word' id='word_1_450' title='bbox 638 4297 734 4335; x_wconf 88' lang='lat' dir='ltr'><strong>nas</strong></span> <span class='ocrx_word' id='word_1_451' title='bbox 759 4284 1099 4349; x_wconf 82' lang='lat' dir='ltr'><strong>experiuntur</strong></span> <span class='ocrx_word' id='word_1_452' title='bbox 1122 4284 1153 4333; x_wconf 89' lang='lat' dir='ltr'><strong>ii</strong></span> <span class='ocrx_word' id='word_1_453' title='bbox 1177 4282 1263 4349; x_wconf 91' lang='lat' dir='ltr'><strong>qui</strong></span> <span class='ocrx_word' id='word_1_454' title='bbox 1288 4285 1578 4354; x_wconf 83' lang='lat' dir='ltr'><strong>puniuntur</strong></span> <span class='ocrx_word' id='word_1_455' title='bbox 1602 4322 1617 4346; x_wconf 88' lang='lat'><strong>,</strong></span> <span class='ocrx_word' id='word_1_456' title='bbox 1658 4284 1851 4354; x_wconf 77' lang='lat' dir='ltr'><strong>quibus</strong></span> <span class='ocrx_word' id='word_1_457' title='bbox 1889 4282 1935 4354; x_wconf 82' lang='lat' dir='ltr'><strong>ei</strong></span> <span class='ocrx_word' id='word_1_458' title='bbox 1966 4289 2051 4354; x_wconf 87' lang='lat' dir='ltr'><strong>qui</strong></span> <span class='ocrx_word' id='word_1_459' title='bbox 2094 4282 2217 4340; x_wconf 80' lang='lat' dir='ltr'><strong>vere</strong></span> 
     </span>
    </p>
   </div>
   <div class='ocr_carea' id='block_1_59' title="bbox 636 4350 2215 4421">
    <p class='ocr_par' dir='ltr' id='par_1_59' title="bbox 636 4350 2215 4421">
     <span class='ocr_line' id='line_1_61' title="bbox 636 4350 2215 4421; baseline 0.002 -16"><span class='ocrx_word' id='word_1_460' title='bbox 636 4361 880 4421; x_wconf 88' lang='lat' dir='ltr'><strong>peccator</strong></span> <span class='ocrx_word' id='word_1_461' title='bbox 918 4362 1015 4414; x_wconf 88' lang='lat' dir='ltr'><strong>est,</strong></span> <span class='ocrx_word' id='word_1_462' title='bbox 1047 4366 1236 4420; x_wconf 89' lang='lat' dir='ltr'><strong>nempe</strong></span> <span class='ocrx_word' id='word_1_463' title='bbox 1265 4352 1494 4421; x_wconf 69' lang='lat' dir='ltr'><strong>diabplo,</strong></span> <span class='ocrx_word' id='word_1_464' title='bbox 1522 4350 1589 4405; x_wconf 89' lang='lat' dir='ltr'><strong>de</strong></span> <span class='ocrx_word' id='word_1_465' title='bbox 1614 4368 1719 4420; x_wconf 93' lang='lat' dir='ltr'><strong>quo</strong></span> <span class='ocrx_word' id='word_1_466' title='bbox 1747 4353 1871 4406; x_wconf 87' lang='lat' dir='ltr'><strong>dicit</strong></span> <span class='ocrx_word' id='word_1_467' title='bbox 1901 4350 2113 4420; x_wconf 80' lang='lat' dir='ltr'><strong>Paulus,</strong></span> <span class='ocrx_word' id='word_1_468' title='bbox 2151 4355 2215 4410; x_wconf 80' lang='lat' dir='ltr'><strong>Ut</strong></span> 
     </span>
    </p>
   </div>
   <div class='ocr_carea' id='block_1_60' title="bbox 636 4422 2217 4491">
    <p class='ocr_par' dir='ltr' id='par_1_60' title="bbox 636 4422 2217 4491">
     <span class='ocr_line' id='line_1_62' title="bbox 636 4422 2217 4491; baseline 0.006 -22"><span class='ocrx_word' id='word_1_469' title='bbox 636 4423 726 4491; x_wconf 78' lang='lat' dir='ltr'><strong>[int</strong></span> <span class='ocrx_word' id='word_1_470' title='bbox 753 4438 906 4491; x_wconf 86' lang='lat' dir='ltr'><strong>supra</strong></span> <span class='ocrx_word' id='word_1_471' title='bbox 963 4422 1166 4474; x_wconf 87' lang='lat' dir='ltr'><strong>modum</strong></span> <span class='ocrx_word' id='word_1_472' title='bbox 1218 4437 1429 4489; x_wconf 80' lang='lat' dir='ltr'><strong>peccans</strong></span> <span class='ocrx_word' id='word_1_473' title='bbox 1474 4432 1733 4490; x_wconf 86' lang='lat' dir='ltr'><strong>peccatum</strong></span> <span class='ocrx_word' id='word_1_474' title='bbox 1785 4441 1873 4490; x_wconf 83' lang='lat' dir='ltr'><strong>per</strong></span> <span class='ocrx_word' id='word_1_475' title='bbox 1924 4430 2217 4479; x_wconf 89' lang='lat' dir='ltr'><strong>mamlatum</strong></span> 
     </span>
    </p>
   </div>
   <div class='ocr_carea' id='block_1_61' title="bbox 638 4490 2217 4561">
    <p class='ocr_par' dir='ltr' id='par_1_61' title="bbox 638 4490 2217 4561">
     <span class='ocr_line' id='line_1_63' title="bbox 638 4490 2217 4561; baseline 0.004 -18"><span class='ocrx_word' id='word_1_476' title='bbox 638 4503 654 4559; x_wconf 86' lang='lat'><strong>(</strong></span> <span class='ocrx_word' id='word_1_477' title='bbox 683 4490 830 4543; x_wconf 72' lang='lat' dir='ltr'><strong>lieni.</strong></span> <span class='ocrx_word' id='word_1_478' title='bbox 857 4494 907 4543; x_wconf 86' lang='lat'><strong>7.</strong></span> <span class='ocrx_word' id='word_1_479' title='bbox 940 4492 1055 4559; x_wconf 83' lang='grc'><strong>15),</strong></span> <span class='ocrx_word' id='word_1_480' title='bbox 1086 4491 1525 4561; x_wconf 74' lang='lat' dir='ltr'><strong>foveaeﬂ&#39;uditur.</strong></span> <span class='ocrx_word' id='word_1_481' title='bbox 1558 4494 1814 4544; x_wconf 79' lang='lat' dir='ltr'><strong>Paratttur</strong></span> <span class='ocrx_word' id='word_1_482' title='bbox 1839 4494 2035 4561; x_wconf 83' lang='lat' dir='ltr'><strong>quippe</strong></span> <span class='ocrx_word' id='word_1_483' title='bbox 2062 4497 2109 4549; x_wconf 86' lang='lat' dir='ltr'><strong>ci</strong></span> <span class='ocrx_word' id='word_1_484' title='bbox 2137 4500 2217 4549; x_wconf 82' lang='lat' dir='ltr'><strong>lu-</strong></span> 
     </span>
    </p>
   </div>
   <div class='ocr_carea' id='block_1_62' title="bbox 637 4559 2211 4634">
    <p class='ocr_par' dir='ltr' id='par_1_62' title="bbox 637 4559 2211 4634">
     <span class='ocr_line' id='line_1_64' title="bbox 637 4559 2211 4634; baseline 0.004 -22"><span class='ocrx_word' id='word_1_485' title='bbox 637 4570 749 4634; x_wconf 85' lang='lat' dir='ltr'><strong>tura</strong></span> <span class='ocrx_word' id='word_1_486' title='bbox 781 4563 1055 4634; x_wconf 80' lang='lat' dir='ltr'><strong>suppliCia,</strong></span> <span class='ocrx_word' id='word_1_487' title='bbox 1085 4576 1200 4629; x_wconf 76' lang='lat' dir='ltr'><strong>qua:</strong></span> <span class='ocrx_word' id='word_1_488' title='bbox 1230 4559 1434 4614; x_wconf 78' lang='lat' dir='ltr'><strong>foveam</strong></span> <span class='ocrx_word' id='word_1_489' title='bbox 1456 4572 1814 4630; x_wconf 76' lang='lat' dir='ltr'><strong>congruenter</strong></span> <span class='ocrx_word' id='word_1_490' title='bbox 1843 4559 2065 4634; x_wconf 68' lang='lat' dir='ltr'><strong>vocavit,</strong></span> <span class='ocrx_word' id='word_1_491' title='bbox 2092 4568 2211 4634; x_wconf 89' lang='lat' dir='ltr'><strong>quia</strong></span> 
     </span>
    </p>
   </div>
   <div class='ocr_carea' id='block_1_63' title="bbox 632 4631 2213 4700">
    <p class='ocr_par' dir='ltr' id='par_1_63' title="bbox 632 4631 2213 4700">
     <span class='ocr_line' id='line_1_65' title="bbox 632 4631 2213 4700; baseline 0.002 -15"><span class='ocrx_word' id='word_1_492' title='bbox 632 4647 700 4685; x_wconf 84' lang='lat' dir='ltr'><strong>ex</strong></span> <span class='ocrx_word' id='word_1_493' title='bbox 733 4631 858 4696; x_wconf 83' lang='lat' dir='ltr'><strong>ipsis</strong></span> <span class='ocrx_word' id='word_1_494' title='bbox 890 4646 1174 4696; x_wconf 89' lang='lat' dir='ltr'><strong>numquam</strong></span> <span class='ocrx_word' id='word_1_495' title='bbox 1201 4645 1477 4700; x_wconf 85' lang='lat' dir='ltr'><strong>emergere</strong></span> <span class='ocrx_word' id='word_1_496' title='bbox 1501 4634 1730 4698; x_wconf 85' lang='lat' dir='ltr'><strong>poterit,</strong></span> <span class='ocrx_word' id='word_1_497' title='bbox 1765 4632 1857 4686; x_wconf 85' lang='lat' dir='ltr'><strong>sed</strong></span> <span class='ocrx_word' id='word_1_498' title='bbox 1890 4637 1939 4686; x_wconf 88' lang='lat' dir='ltr'><strong>in</strong></span> <span class='ocrx_word' id='word_1_499' title='bbox 1971 4636 2072 4689; x_wconf 88' lang='lat' dir='ltr'><strong>illis</strong></span> <span class='ocrx_word' id='word_1_500' title='bbox 2105 4631 2213 4688; x_wconf 77' lang='lat' dir='ltr'><strong>ina-</strong></span> 
     </span>
    </p>
   </div>
   <div class='ocr_carea' id='block_1_64' title="bbox 636 4700 2215 4769">
    <p class='ocr_par' dir='ltr' id='par_1_64' title="bbox 636 4700 2215 4769">
     <span class='ocr_line' id='line_1_66' title="bbox 636 4700 2215 4769; baseline 0.003 -15"><span class='ocrx_word' id='word_1_501' title='bbox 636 4702 777 4755; x_wconf 88' lang='lat' dir='ltr'><strong>nebit</strong></span> <span class='ocrx_word' id='word_1_502' title='bbox 804 4701 952 4769; x_wconf 90' lang='lat' dir='ltr'><strong>quasi</strong></span> <span class='ocrx_word' id='word_1_503' title='bbox 982 4701 1032 4753; x_wconf 90' lang='lat' dir='ltr'><strong>in</strong></span> <span class='ocrx_word' id='word_1_504' title='bbox 1059 4700 1209 4753; x_wconf 79' lang='lat' dir='ltr'><strong>fovea</strong></span> <span class='ocrx_word' id='word_1_505' title='bbox 1237 4702 1475 4755; x_wconf 85' lang='lat' dir='ltr'><strong>obrutus.</strong></span> <span class='ocrx_word' id='word_1_506' title='bbox 1506 4704 1901 4755; x_wconf 81' lang='lat' dir='ltr'><strong>Observandum</strong></span> <span class='ocrx_word' id='word_1_507' title='bbox 1933 4717 2107 4759; x_wconf 88' lang='lat' dir='ltr'><strong>autem</strong></span> <span class='ocrx_word' id='word_1_508' title='bbox 2134 4716 2215 4760; x_wconf 89' lang='lat' dir='ltr'><strong>est</strong></span> 
     </span>
    </p>
   </div>
   <div class='ocr_carea' id='block_1_65' title="bbox 640 4770 2213 4843">
    <p class='ocr_par' dir='ltr' id='par_1_65' title="bbox 640 4770 2213 4843">
     <span class='ocr_line' id='line_1_67' title="bbox 640 4770 2213 4843; baseline 0.004 -18"><span class='ocrx_word' id='word_1_509' title='bbox 640 4770 894 4825; x_wconf 85' lang='lat' dir='ltr'><strong>Davidem</strong></span> <span class='ocrx_word' id='word_1_510' title='bbox 923 4787 1027 4823; x_wconf 90' lang='lat' dir='ltr'><strong>non</strong></span> <span class='ocrx_word' id='word_1_511' title='bbox 1050 4772 1289 4823; x_wconf 80' lang='lat' dir='ltr'><strong>eanulcm</strong></span> <span class='ocrx_word' id='word_1_512' title='bbox 1318 4770 1457 4824; x_wconf 89' lang='lat' dir='ltr'><strong>diem</strong></span> <span class='ocrx_word' id='word_1_513' title='bbox 1482 4774 1672 4824; x_wconf 89' lang='lat' dir='ltr'><strong>malam</strong></span> <span class='ocrx_word' id='word_1_514' title='bbox 1692 4772 1889 4837; x_wconf 86' lang='lat' dir='ltr'><strong>dicere,</strong></span> <span class='ocrx_word' id='word_1_515' title='bbox 1921 4791 2075 4843; x_wconf 90' lang='lat' dir='ltr'><strong>quam</strong></span> <span class='ocrx_word' id='word_1_516' title='bbox 2099 4777 2213 4840; x_wconf 87' lang='lat' dir='ltr'><strong>dies</strong></span> 
     </span>
    </p>
   </div>
   <div class='ocr_carea' id='block_1_66' title="bbox 635 4842 2209 4913">
    <p class='ocr_par' dir='ltr' id='par_1_66' title="bbox 635 4842 2209 4913">
     <span class='ocr_line' id='line_1_68' title="bbox 635 4842 2209 4913; baseline 0.004 -19"><span class='ocrx_word' id='word_1_517' title='bbox 635 4842 800 4913; x_wconf 87' lang='lat' dir='ltr'><strong>malas</strong></span> <span class='ocrx_word' id='word_1_518' title='bbox 832 4857 1041 4894; x_wconf 92' lang='lat' dir='ltr'><strong>rursum</strong></span> <span class='ocrx_word' id='word_1_519' title='bbox 1075 4842 1319 4913; x_wconf 87' lang='lat' dir='ltr'><strong>vocavit:</strong></span> <span class='ocrx_word' id='word_1_520' title='bbox 1350 4843 1441 4895; x_wconf 90' lang='lat' dir='ltr'><strong>sed</strong></span> <span class='ocrx_word' id='word_1_521' title='bbox 1482 4843 1567 4894; x_wconf 90' lang='lat' dir='ltr'><strong>illa</strong></span> <span class='ocrx_word' id='word_1_522' title='bbox 1614 4852 1694 4895; x_wconf 90' lang='lat' dir='ltr'><strong>est</strong></span> <span class='ocrx_word' id='word_1_523' title='bbox 1726 4844 1774 4895; x_wconf 91' lang='lat' dir='ltr'><strong>in</strong></span> <span class='ocrx_word' id='word_1_524' title='bbox 1816 4859 1917 4913; x_wconf 91' lang='lat' dir='ltr'><strong>qua</strong></span> <span class='ocrx_word' id='word_1_525' title='bbox 1942 4842 2209 4913; x_wconf 84' lang='lat' dir='ltr'><strong>judicium</strong></span> 
     </span>
    </p>
   </div>
   <div class='ocr_carea' id='block_1_67' title="bbox 633 4912 2210 4981">
    <p class='ocr_par' dir='ltr' id='par_1_67' title="bbox 633 4912 2210 4981">
     <span class='ocr_line' id='line_1_69' title="bbox 633 4912 2210 4981; baseline 0.004 -18"><span class='ocrx_word' id='word_1_526' title='bbox 633 4912 963 4981; x_wconf 77' lang='lat' dir='ltr'><strong>proferetur,</strong></span> <span class='ocrx_word' id='word_1_527' title='bbox 1006 4923 1059 4965; x_wconf 89' lang='lat' dir='ltr'><strong>et</strong></span> <span class='ocrx_word' id='word_1_528' title='bbox 1082 4928 1181 4980; x_wconf 85' lang='lat' dir='ltr'><strong>qua</strong></span> <span class='ocrx_word' id='word_1_529' title='bbox 1224 4912 1620 4965; x_wconf 79' lang='lat' dir='ltr'><strong>misericordem</strong></span> <span class='ocrx_word' id='word_1_530' title='bbox 1659 4912 2210 4977; x_wconf 50' lang='lat' dir='ltr'><strong>eruit,&#39;omuimodam</strong></span> 
     </span>
    </p>
   </div>
   <div class='ocr_carea' id='block_1_68' title="bbox 632 4982 2209 5049">
    <p class='ocr_par' dir='ltr' id='par_1_68' title="bbox 632 4982 2209 5049">
     <span class='ocr_line' id='line_1_70' title="bbox 632 4982 2209 5049; baseline 0.005 -15"><span class='ocrx_word' id='word_1_531' title='bbox 632 4985 681 5035; x_wconf 87' lang='lat' dir='ltr'><strong>ei</strong></span> <span class='ocrx_word' id='word_1_532' title='bbox 726 4982 1019 5035; x_wconf 89' lang='lat' dir='ltr'><strong>libertatem</strong></span> <span class='ocrx_word' id='word_1_533' title='bbox 1070 4983 1354 5049; x_wconf 73' lang='lat' dir='ltr'><strong>prmbeus:</strong></span> <span class='ocrx_word' id='word_1_534' title='bbox 1392 4982 1504 5036; x_wconf 58' lang='lat' dir='ltr'><strong>hinc</strong></span> <span class='ocrx_word' id='word_1_535' title='bbox 1552 4998 1681 5035; x_wconf 86' lang='lat' dir='ltr'><strong>vero</strong></span> <span class='ocrx_word' id='word_1_536' title='bbox 1722 4994 1841 5037; x_wconf 87' lang='lat' dir='ltr'><strong>sunt</strong></span> <span class='ocrx_word' id='word_1_537' title='bbox 1882 4997 2209 5042; x_wconf 79' lang='lat' dir='ltr'><strong>crueiatuum</strong></span> 
     </span>
    </p>
   </div>
   <div class='ocr_carea' id='block_1_69' title="bbox 636 5052 2207 5122">
    <p class='ocr_par' dir='ltr' id='par_1_69' title="bbox 636 5052 2207 5122">
     <span class='ocr_line' id='line_1_71' title="bbox 636 5052 2207 5122; baseline 0.001 -14"><span class='ocrx_word' id='word_1_538' title='bbox 636 5063 894 5119; x_wconf 78' lang='lat' dir='ltr'><strong>tctupora.</strong></span> <span class='ocrx_word' id='word_1_539' title='bbox 917 5052 1249 5120; x_wconf 73' lang='lat' dir='ltr'><strong>Quapropter</strong></span> <span class='ocrx_word' id='word_1_540' title='bbox 1271 5054 1320 5104; x_wconf 91' lang='lat' dir='ltr'><strong>in</strong></span> <span class='ocrx_word' id='word_1_541' title='bbox 1348 5052 1533 5120; x_wconf 80' lang='lat' dir='ltr'><strong>plurali</strong></span> <span class='ocrx_word' id='word_1_542' title='bbox 1560 5054 1707 5116; x_wconf 77' lang='lat' dir='ltr'><strong>dixit,</strong></span> <span class='ocrx_word' id='word_1_543' title='bbox 1739 5053 1875 5119; x_wconf 84' lang='lat' dir='ltr'><strong>Dies,</strong></span> <span class='ocrx_word' id='word_1_544' title='bbox 1906 5072 2009 5109; x_wconf 88' lang='lat' dir='ltr'><strong>non</strong></span> <span class='ocrx_word' id='word_1_545' title='bbox 2040 5058 2207 5122; x_wconf 79' lang='lat' dir='ltr'><strong>Dit&#39;ttt,</strong></span> 
     </span>
    </p>
   </div>
   <div class='ocr_carea' id='block_1_70' title="bbox 630 5122 2208 5192">
    <p class='ocr_par' dir='ltr' id='par_1_70' title="bbox 630 5122 2208 5192">
     <span class='ocr_line' id='line_1_72' title="bbox 630 5122 2208 5192; baseline 0.005 -18"><span class='ocrx_word' id='word_1_546' title='bbox 630 5124 822 5189; x_wconf 89' lang='lat' dir='ltr'><strong>quibus</strong></span> <span class='ocrx_word' id='word_1_547' title='bbox 842 5122 1027 5175; x_wconf 87' lang='lat' dir='ltr'><strong>dietms</strong></span> <span class='ocrx_word' id='word_1_548' title='bbox 1056 5123 1313 5190; x_wconf 81' lang='lat' dir='ltr'><strong>mitigahit</strong></span> <span class='ocrx_word' id='word_1_549' title='bbox 1336 5124 1382 5175; x_wconf 85' lang='lat' dir='ltr'><strong>ei</strong></span> <span class='ocrx_word' id='word_1_550' title='bbox 1408 5124 1495 5192; x_wconf 90' lang='lat' dir='ltr'><strong>qui</strong></span> <span class='ocrx_word' id='word_1_551' title='bbox 1520 5125 1778 5187; x_wconf 88' lang='lat' dir='ltr'><strong>eruditur,</strong></span> <span class='ocrx_word' id='word_1_552' title='bbox 1813 5126 1859 5177; x_wconf 87' lang='lat' dir='ltr'><strong>id</strong></span> <span class='ocrx_word' id='word_1_553' title='bbox 1883 5136 1983 5189; x_wconf 88' lang='lat' dir='ltr'><strong>est,</strong></span> <span class='ocrx_word' id='word_1_554' title='bbox 2012 5128 2208 5182; x_wconf 83' lang='lat' dir='ltr'><strong>leviora</strong></span> 
     </span>
    </p>
   </div>
   <div class='ocr_carea' id='block_1_71' title="bbox 632 5192 2270 5262">
    <p class='ocr_par' dir='ltr' id='par_1_71' title="bbox 632 5192 2270 5262">
     <span class='ocr_line' id='line_1_73' title="bbox 632 5192 2270 5262; baseline 0.004 -16"><span class='ocrx_word' id='word_1_555' title='bbox 632 5192 817 5246; x_wconf 83' lang='lat' dir='ltr'><strong>reddet</strong></span> <span class='ocrx_word' id='word_1_556' title='bbox 845 5193 1097 5261; x_wconf 87' lang='lat' dir='ltr'><strong>supplicia</strong></span> <span class='ocrx_word' id='word_1_557' title='bbox 1128 5194 1416 5246; x_wconf 88' lang='lat' dir='ltr'><strong>secundum</strong></span> <span class='ocrx_word' id='word_1_558' title='bbox 1462 5193 1673 5245; x_wconf 91' lang='lat' dir='ltr'><strong>modum</strong></span> <span class='ocrx_word' id='word_1_559' title='bbox 1718 5195 2050 5262; x_wconf 88' lang='lat' dir='ltr'><strong>eruditionis,</strong></span> <span class='ocrx_word' id='word_1_560' title='bbox 2077 5215 2209 5252; x_wconf 85' lang='lat' dir='ltr'><strong>con-</strong></span> <span class='ocrx_word' id='word_1_561' title='bbox 2256 5193 2270 5201; x_wconf 79' lang='grc'><em>’</em></span> 
     </span>
    </p>
   </div>
   <div class='ocr_carea' id='block_1_72' title="bbox 632 5264 2206 5339">
    <p class='ocr_par' dir='ltr' id='par_1_72' title="bbox 632 5264 2206 5339">
     <span class='ocr_line' id='line_1_74' title="bbox 632 5264 2206 5339; baseline 0.004 -23"><span class='ocrx_word' id='word_1_562' title='bbox 632 5264 920 5339; x_wconf 63' lang='lat' dir='ltr'><strong>versionis,</strong></span> <span class='ocrx_word' id='word_1_563' title='bbox 954 5275 1108 5339; x_wconf 69' lang='lat' dir='ltr'><strong>atque</strong></span> <span class='ocrx_word' id='word_1_564' title='bbox 1131 5265 1657 5339; x_wconf 78' lang='lat' dir='ltr'><strong>emendationisqua:</strong></span> <span class='ocrx_word' id='word_1_565' title='bbox 1682 5280 1744 5317; x_wconf 79' lang='lat' dir='ltr'><strong>ex</strong></span> <span class='ocrx_word' id='word_1_566' title='bbox 1774 5266 2102 5339; x_wconf 85' lang='lat' dir='ltr'><strong>institutione</strong></span> <span class='ocrx_word' id='word_1_567' title='bbox 2128 5272 2206 5339; x_wconf 87' lang='lat' dir='ltr'><strong>gi-</strong></span> 
     </span>
    </p>
   </div>
   <div class='ocr_carea' id='block_1_73' title="bbox 626 5333 2207 5403">
    <p class='ocr_par' dir='ltr' id='par_1_73' title="bbox 626 5333 2207 5403">
     <span class='ocr_line' id='line_1_75' title="bbox 626 5333 2207 5403; baseline 0.004 -19"><span class='ocrx_word' id='word_1_568' title='bbox 626 5335 823 5401; x_wconf 79' lang='lat' dir='ltr'><strong>gnitur.</strong></span> <span class='ocrx_word' id='word_1_569' title='bbox 853 5334 937 5387; x_wconf 72' lang='grc'><strong>14.</strong></span> <span class='ocrx_word' id='word_1_570' title='bbox 974 5333 1105 5399; x_wconf 81' lang='lat' dir='ltr'><strong>Quia</strong></span> <span class='ocrx_word' id='word_1_571' title='bbox 1133 5350 1230 5385; x_wconf 88' lang='lat' dir='ltr'><strong>non</strong></span> <span class='ocrx_word' id='word_1_572' title='bbox 1255 5334 1460 5401; x_wconf 85' lang='lat' dir='ltr'><strong>repellet</strong></span> <span class='ocrx_word' id='word_1_573' title='bbox 1487 5333 1733 5387; x_wconf 85' lang='lat' dir='ltr'><strong>Dominus</strong></span> <span class='ocrx_word' id='word_1_574' title='bbox 1758 5336 1947 5402; x_wconf 86' lang='lat' dir='ltr'><strong>plebem</strong></span> <span class='ocrx_word' id='word_1_575' title='bbox 1974 5333 2207 5403; x_wconf 41' lang='lat' dir='ltr'><strong>suam,vet</strong></span> 
     </span>
    </p>
   </div>
   <div class='ocr_carea' id='block_1_74' title="bbox 626 5404 2210 5471">
    <p class='ocr_par' dir='ltr' id='par_1_74' title="bbox 626 5404 2210 5471">
     <span class='ocr_line' id='line_1_76' title="bbox 626 5404 2210 5471; baseline 0.004 -16"><span class='ocrx_word' id='word_1_576' title='bbox 626 5404 948 5457; x_wconf 81' lang='lat' dir='ltr'><strong>hereditatem</strong></span> <span class='ocrx_word' id='word_1_577' title='bbox 972 5419 1116 5455; x_wconf 88' lang='lat' dir='ltr'><strong>suam</strong></span> <span class='ocrx_word' id='word_1_578' title='bbox 1142 5420 1240 5455; x_wconf 89' lang='lat' dir='ltr'><strong>non</strong></span> <span class='ocrx_word' id='word_1_579' title='bbox 1268 5405 1593 5471; x_wconf 82' lang='lat' dir='ltr'><strong>derelinquet.</strong></span> <span class='ocrx_word' id='word_1_580' title='bbox 1646 5406 1792 5457; x_wconf 75' lang='lat' dir='ltr'><strong>l&#39;lanc</strong></span> <span class='ocrx_word' id='word_1_581' title='bbox 1837 5407 2048 5461; x_wconf 83' lang='lat' dir='ltr'><strong>adducit</strong></span> <span class='ocrx_word' id='word_1_582' title='bbox 2086 5424 2210 5462; x_wconf 88' lang='lat' dir='ltr'><strong>cau-</strong></span> 
     </span>
    </p>
   </div>
   <div class='ocr_carea' id='block_1_75' title="bbox 628 5473 2206 5544">
    <p class='ocr_par' dir='ltr' id='par_1_75' title="bbox 628 5473 2206 5544">
     <span class='ocr_line' id='line_1_77' title="bbox 628 5473 2206 5544; baseline 0.004 -17"><span class='ocrx_word' id='word_1_583' title='bbox 628 5490 740 5527; x_wconf 86' lang='lat' dir='ltr'><strong>sam</strong></span> <span class='ocrx_word' id='word_1_584' title='bbox 773 5476 1038 5539; x_wconf 75' lang='lat' dir='ltr'><strong>psallitista</strong></span> <span class='ocrx_word' id='word_1_585' title='bbox 1065 5489 1159 5526; x_wconf 90' lang='lat' dir='ltr'><strong>cur</strong></span> <span class='ocrx_word' id='word_1_586' title='bbox 1190 5473 1271 5526; x_wconf 89' lang='lat' dir='ltr'><strong>hic</strong></span> <span class='ocrx_word' id='word_1_587' title='bbox 1298 5488 1412 5537; x_wconf 80' lang='lat' dir='ltr'><strong>eos,</strong></span> <span class='ocrx_word' id='word_1_588' title='bbox 1437 5491 1570 5542; x_wconf 80' lang='lat' dir='ltr'><strong>quos</strong></span> <span class='ocrx_word' id='word_1_589' title='bbox 1602 5475 1783 5528; x_wconf 85' lang='lat' dir='ltr'><strong>beatos</strong></span> <span class='ocrx_word' id='word_1_590' title='bbox 1804 5478 1950 5544; x_wconf 89' lang='lat' dir='ltr'><strong>dicit,</strong></span> <span class='ocrx_word' id='word_1_591' title='bbox 1978 5482 2206 5535; x_wconf 90' lang='lat' dir='ltr'><strong>erudiat.</strong></span> 
     </span>
    </p>
   </div>
   <div class='ocr_carea' id='block_1_76' title="bbox 630 5544 2207 5617">
    <p class='ocr_par' dir='ltr' id='par_1_76' title="bbox 630 5544 2207 5617">
     <span class='ocr_line' id='line_1_78' title="bbox 630 5544 2207 5617; baseline 0.004 -20"><span class='ocrx_word' id='word_1_592' title='bbox 630 5546 930 5617; x_wconf 65' lang='lat' dir='ltr'><strong>Ciniteuim</strong></span> <span class='ocrx_word' id='word_1_593' title='bbox 965 5544 1157 5613; x_wconf 83' lang='lat' dir='ltr'><strong>populo</strong></span> <span class='ocrx_word' id='word_1_594' title='bbox 1184 5558 1281 5595; x_wconf 85' lang='lat' dir='ltr'><strong>suo</strong></span> <span class='ocrx_word' id='word_1_595' title='bbox 1308 5555 1362 5597; x_wconf 90' lang='lat' dir='ltr'><strong>et</strong></span> <span class='ocrx_word' id='word_1_596' title='bbox 1390 5544 1665 5617; x_wconf 72' lang='lat' dir='ltr'><strong>hereditati</strong></span> <span class='ocrx_word' id='word_1_597' title='bbox 1697 5549 1866 5614; x_wconf 88' lang='lat' dir='ltr'><strong>parcit</strong></span> <span class='ocrx_word' id='word_1_598' title='bbox 1889 5586 1903 5610; x_wconf 86' lang='lat'><strong>,</strong></span> <span class='ocrx_word' id='word_1_599' title='bbox 1949 5550 2207 5617; x_wconf 83' lang='lat' dir='ltr'><strong>quosdam</strong></span> 
     </span>
    </p>
   </div>
   <div class='ocr_carea' id='block_1_77' title="bbox 628 5614 2210 5687">
    <p class='ocr_par' dir='ltr' id='par_1_77' title="bbox 628 5614 2210 5687">
     <span class='ocr_line' id='line_1_79' title="bbox 628 5614 2210 5687; baseline 0.004 -19"><span class='ocrx_word' id='word_1_600' title='bbox 628 5614 798 5687; x_wconf 82' lang='lat' dir='ltr'><strong>erudit</strong></span> <span class='ocrx_word' id='word_1_601' title='bbox 827 5655 841 5679; x_wconf 90' lang='lat'><strong>,</strong></span> <span class='ocrx_word' id='word_1_602' title='bbox 886 5624 943 5668; x_wconf 92' lang='lat' dir='ltr'><strong>ut</strong></span> <span class='ocrx_word' id='word_1_603' title='bbox 976 5623 1028 5687; x_wconf 86' lang='lat' dir='ltr'><strong>et</strong></span> <span class='ocrx_word' id='word_1_604' title='bbox 1057 5616 1154 5687; x_wconf 86' lang='lat' dir='ltr'><strong>ipsi</strong></span> <span class='ocrx_word' id='word_1_605' title='bbox 1176 5616 1417 5687; x_wconf 81' lang='lat' dir='ltr'><strong>conversi</strong></span> <span class='ocrx_word' id='word_1_606' title='bbox 1449 5616 1672 5670; x_wconf 86' lang='lat' dir='ltr'><strong>salutem</strong></span> <span class='ocrx_word' id='word_1_607' title='bbox 1693 5614 2114 5687; x_wconf 83' lang='lat' dir='ltr'><strong>consequantur,</strong></span> <span class='ocrx_word' id='word_1_608' title='bbox 2154 5629 2210 5675; x_wconf 87' lang='lat' dir='ltr'><strong>et</strong></span> 
     </span>
    </p>
   </div>
   <div class='ocr_carea' id='block_1_78' title="bbox 629 5684 2207 5754">
    <p class='ocr_par' dir='ltr' id='par_1_78' title="bbox 629 5684 2207 5754">
     <span class='ocr_line' id='line_1_80' title="bbox 629 5684 2207 5754; baseline 0.004 -17"><span class='ocrx_word' id='word_1_609' title='bbox 629 5686 745 5737; x_wconf 85' lang='lat' dir='ltr'><strong>aliis</strong></span> <span class='ocrx_word' id='word_1_610' title='bbox 774 5685 1140 5739; x_wconf 85' lang='lat' dir='ltr'><strong>conversionis</strong></span> <span class='ocrx_word' id='word_1_611' title='bbox 1166 5684 1376 5738; x_wconf 83' lang='lat' dir='ltr'><strong>occasio</strong></span> <span class='ocrx_word' id='word_1_612' title='bbox 1402 5694 1455 5740; x_wconf 91' lang='lat' dir='ltr'><strong>et</strong></span> <span class='ocrx_word' id='word_1_613' title='bbox 1484 5687 1784 5754; x_wconf 74' lang='lat' dir='ltr'><strong>exemplum</strong></span> <span class='ocrx_word' id='word_1_614' title='bbox 1813 5684 1937 5741; x_wconf 84' lang='lat' dir='ltr'><strong>sint.</strong></span> <span class='ocrx_word' id='word_1_615' title='bbox 1971 5691 2026 5744; x_wconf 88' lang='lat' dir='ltr'><strong>Si</strong></span> <span class='ocrx_word' id='word_1_616' title='bbox 2052 5684 2207 5744; x_wconf 83' lang='lat' dir='ltr'><strong>nam-</strong></span> 
     </span>
    </p>
   </div>
   <div class='ocr_carea' id='block_1_79' title="bbox 630 5756 2209 5827">
    <p class='ocr_par' dir='ltr' id='par_1_79' title="bbox 630 5756 2209 5827">
     <span class='ocr_line' id='line_1_81' title="bbox 630 5756 2209 5827; baseline 0.006 -22"><span class='ocrx_word' id='word_1_617' title='bbox 630 5771 732 5821; x_wconf 87' lang='lat' dir='ltr'><strong>que</strong></span> <span class='ocrx_word' id='word_1_618' title='bbox 761 5756 915 5808; x_wconf 86' lang='lat' dir='ltr'><strong>vellet</strong></span> <span class='ocrx_word' id='word_1_619' title='bbox 957 5757 1203 5827; x_wconf 85' lang='lat' dir='ltr'><strong>populum</strong></span> <span class='ocrx_word' id='word_1_620' title='bbox 1233 5770 1387 5809; x_wconf 90' lang='lat' dir='ltr'><strong>suum</strong></span> <span class='ocrx_word' id='word_1_621' title='bbox 1431 5767 1737 5824; x_wconf 87' lang='lat' dir='ltr'><strong>peccantem</strong></span> <span class='ocrx_word' id='word_1_622' title='bbox 1774 5760 2029 5827; x_wconf 87' lang='lat' dir='ltr'><strong>repellere</strong></span> <span class='ocrx_word' id='word_1_623' title='bbox 2052 5800 2069 5826; x_wconf 93' lang='lat'><strong>,</strong></span> <span class='ocrx_word' id='word_1_624' title='bbox 2117 5770 2209 5816; x_wconf 90' lang='lat' dir='ltr'><strong>aut</strong></span> 
     </span>
    </p>
   </div>
   <div class='ocr_carea' id='block_1_80' title="bbox 630 5826 2202 5900">
    <p class='ocr_par' dir='ltr' id='par_1_80' title="bbox 630 5826 2202 5900">
     <span class='ocr_line' id='line_1_82' title="bbox 630 5826 2202 5900; baseline 0.005 -22"><span class='ocrx_word' id='word_1_625' title='bbox 630 5841 779 5878; x_wconf 82' lang='lat' dir='ltr'><strong>suam</strong></span> <span class='ocrx_word' id='word_1_626' title='bbox 823 5826 1169 5900; x_wconf 83' lang='lat' dir='ltr'><strong>hereditatem</strong></span> <span class='ocrx_word' id='word_1_627' title='bbox 1204 5827 1570 5900; x_wconf 81' lang='lat' dir='ltr'><strong>spiritualibus</strong></span> <span class='ocrx_word' id='word_1_628' title='bbox 1601 5826 1847 5900; x_wconf 76' lang='lat' dir='ltr'><strong>inimicis</strong></span> <span class='ocrx_word' id='word_1_629' title='bbox 1871 5832 2202 5900; x_wconf 87' lang='lat' dir='ltr'><strong>relinquere,</strong></span> 
     </span>
    </p>
   </div>
   <div class='ocr_carea' id='block_1_81' title="bbox 631 5896 2200 5970">
    <p class='ocr_par' dir='ltr' id='par_1_81' title="bbox 631 5896 2200 5970">
     <span class='ocr_line' id='line_1_83' title="bbox 631 5896 2200 5970; baseline 0.005 -19"><span class='ocrx_word' id='word_1_630' title='bbox 631 5910 734 5951; x_wconf 82' lang='lat' dir='ltr'><strong>non</strong></span> <span class='ocrx_word' id='word_1_631' title='bbox 766 5896 997 5954; x_wconf 72' lang='lat' dir='ltr'><strong>erudiret</strong></span> <span class='ocrx_word' id='word_1_632' title='bbox 1018 5913 1133 5965; x_wconf 88' lang='lat' dir='ltr'><strong>nos,</strong></span> <span class='ocrx_word' id='word_1_633' title='bbox 1158 5907 1213 5951; x_wconf 90' lang='lat' dir='ltr'><strong>ut</strong></span> <span class='ocrx_word' id='word_1_634' title='bbox 1234 5898 1285 5952; x_wconf 89' lang='lat' dir='ltr'><strong>iu</strong></span> <span class='ocrx_word' id='word_1_635' title='bbox 1308 5912 1454 5968; x_wconf 76' lang='lat' dir='ltr'><strong>pejus</strong></span> <span class='ocrx_word' id='word_1_636' title='bbox 1473 5913 1537 5953; x_wconf 82' lang='lat' dir='ltr'><strong>ex</strong></span> <span class='ocrx_word' id='word_1_637' title='bbox 1561 5898 1833 5970; x_wconf 85' lang='lat' dir='ltr'><strong>iniquitate</strong></span> <span class='ocrx_word' id='word_1_638' title='bbox 1852 5896 2200 5961; x_wconf 76' lang='lat' dir='ltr'><strong>veneremur.</strong></span> 
     </span>
    </p>
   </div>
   <div class='ocr_carea' id='block_1_82' title="bbox 2332 576 3910 649">
    <p class='ocr_par' dir='ltr' id='par_1_82' title="bbox 2332 576 3910 649">
     <span class='ocr_line' id='line_1_84' title="bbox 2332 576 3910 649; baseline -0.004 -14"><span class='ocrx_word' id='word_1_639' title='bbox 2332 581 2485 649; x_wconf 87' lang='lat' dir='ltr'><strong>Quod</strong></span> <span class='ocrx_word' id='word_1_640' title='bbox 2512 579 2655 635; x_wconf 89' lang='lat' dir='ltr'><strong>enim</strong></span> <span class='ocrx_word' id='word_1_641' title='bbox 2682 577 2973 635; x_wconf 78' lang='lat' dir='ltr'><strong>derelictio</strong></span> <span class='ocrx_word' id='word_1_642' title='bbox 3005 576 3315 649; x_wconf 64' lang='lat' dir='ltr'><strong>bujusmoib&#39;</strong></span> <span class='ocrx_word' id='word_1_643' title='bbox 3354 591 3418 632; x_wconf 77' lang='lat' dir='ltr'><strong>ex</strong></span> <span class='ocrx_word' id='word_1_644' title='bbox 3466 590 3652 649; x_wconf 73' lang='lat' dir='ltr'><strong>magna</strong></span> <span class='ocrx_word' id='word_1_645' title='bbox 3699 577 3910 649; x_wconf 77' lang='lat' dir='ltr'><strong>prodest</strong></span> 
     </span>
    </p>
   </div>
   <div class='ocr_carea' id='block_1_83' title="bbox 2336 645 3910 717">
    <p class='ocr_par' dir='ltr' id='par_1_83' title="bbox 2336 645 3910 717">
     <span class='ocr_line' id='line_1_85' title="bbox 2336 645 3910 717; baseline -0.001 -12"><span class='ocrx_word' id='word_1_646' title='bbox 2336 645 2436 714; x_wconf 73' lang='lat' dir='ltr'><strong>ira.</strong></span> <span class='ocrx_word' id='word_1_647' title='bbox 2468 666 2502 705; x_wconf 87' lang='lat' dir='ltr'><strong>a</strong></span> <span class='ocrx_word' id='word_1_648' title='bbox 2524 651 2632 705; x_wconf 85' lang='lat' dir='ltr'><strong>Deo</strong></span> <span class='ocrx_word' id='word_1_649' title='bbox 2658 651 2833 704; x_wconf 83' lang='lat' dir='ltr'><strong>disces</strong></span> <span class='ocrx_word' id='word_1_650' title='bbox 2856 645 3177 703; x_wconf 69' lang='lat' dir='ltr'><strong>Judaaossic</strong></span> <span class='ocrx_word' id='word_1_651' title='bbox 3201 648 3539 717; x_wconf 87' lang='lat' dir='ltr'><strong>alloqueute:</strong></span> <span class='ocrx_word' id='word_1_652' title='bbox 3572 645 3910 704; x_wconf 60' lang='lat' dir='ltr'><strong>Non&#39;visitabo</strong></span> 
     </span>
    </p>
   </div>
   <div class='ocr_carea' id='block_1_84' title="bbox 2330 720 3904 789">
    <p class='ocr_par' dir='ltr' id='par_1_84' title="bbox 2330 720 3904 789">
     <span class='ocr_line' id='line_1_86' title="bbox 2330 720 3904 789; baseline -0.002 -15"><span class='ocrx_word' id='word_1_653' title='bbox 2330 738 2443 774; x_wconf 83' lang='lat' dir='ltr'><strong>cum</strong></span> <span class='ocrx_word' id='word_1_654' title='bbox 2472 720 2730 774; x_wconf 69' lang='lat' dir='ltr'><strong>nitet-Mtte</strong></span> <span class='ocrx_word' id='word_1_655' title='bbox 2753 720 2937 789; x_wconf 74' lang='lat' dir='ltr'><strong>fuerint</strong></span> <span class='ocrx_word' id='word_1_656' title='bbox 2974 733 3176 789; x_wconf 67' lang='lat' dir='ltr'><strong>sponsg</strong></span> <span class='ocrx_word' id='word_1_657' title='bbox 3215 734 3447 789; x_wconf 62' lang='lat' dir='ltr'><strong>eorum,</strong></span> <span class='ocrx_word' id='word_1_658' title='bbox 3465 732 3554 789; x_wconf 82' lang='lat' dir='ltr'><strong>nec</strong></span> <span class='ocrx_word' id='word_1_659' title='bbox 3580 733 3694 771; x_wconf 76' lang='lat' dir='ltr'><strong>cum</strong></span> <span class='ocrx_word' id='word_1_660' title='bbox 3745 720 3904 787; x_wconf 63' lang='lat' dir='ltr'><strong>[unde</strong></span> 
     </span>
    </p>
   </div>
   <div class='ocr_carea' id='block_1_85' title="bbox 2330 786 3906 872">
    <p class='ocr_par' dir='ltr' id='par_1_85' title="bbox 2330 786 3906 872">
     <span class='ocr_line' id='line_1_87' title="bbox 2330 786 3906 872; baseline 0 -29"><span class='ocrx_word' id='word_1_661' title='bbox 2330 790 2683 872; x_wconf 33' lang='lat' dir='ltr'><strong>catte‘fuerin‘t</strong></span> <span class='ocrx_word' id='word_1_662' title='bbox 2717 786 2841 857; x_wconf 68' lang='lat' dir='ltr'><strong>filice</strong></span> <span class='ocrx_word' id='word_1_663' title='bbox 2867 786 3038 842; x_wconf 78' lang='lat' dir='ltr'><strong>eorum</strong></span> <span class='ocrx_word' id='word_1_664' title='bbox 3084 786 3253 872; x_wconf 71' lang='lat' dir='ltr'><strong>(Qsee</strong></span> <span class='ocrx_word' id='word_1_665' title='bbox 3288 788 3360 872; x_wconf 42' lang='lat'><strong>.4.</strong></span> <span class='ocrx_word' id='word_1_666' title='bbox 3384 787 3452 843; x_wconf 76' lang='grc'><strong>15</strong></span> <span class='ocrx_word' id='word_1_667' title='bbox 3569 797 3627 872; x_wconf 80' lang='lat' dir='ltr'><strong>et</strong></span> <span class='ocrx_word' id='word_1_668' title='bbox 3660 803 3867 843; x_wconf 80' lang='lat' dir='ltr'><strong>rursum</strong></span> <span class='ocrx_word' id='word_1_669' title='bbox 3892 830 3906 843; x_wconf 95' lang='lat'><strong>.</strong></span> 
     </span>
    </p>
   </div>
   <div class='ocr_carea' id='block_1_86' title="bbox 2332 857 3906 928">
    <p class='ocr_par' dir='ltr' id='par_1_86' title="bbox 2332 857 3906 928">
     <span class='ocr_line' id='line_1_88' title="bbox 2332 857 3906 928; baseline -0.001 -15"><span class='ocrx_word' id='word_1_670' title='bbox 2332 857 2593 928; x_wconf 83' lang='lat' dir='ltr'><strong>Dereliqui</strong></span> <span class='ocrx_word' id='word_1_671' title='bbox 2634 860 2838 912; x_wconf 82' lang='lat' dir='ltr'><strong>domum</strong></span> <span class='ocrx_word' id='word_1_672' title='bbox 2879 875 3039 912; x_wconf 81' lang='lat' dir='ltr'><strong>meant</strong></span> <span class='ocrx_word' id='word_1_673' title='bbox 3061 898 3076 921; x_wconf 87' lang='lat'><strong>,</strong></span> <span class='ocrx_word' id='word_1_674' title='bbox 3128 859 3299 911; x_wconf 79' lang='lat' dir='ltr'><strong>dimisi</strong></span> <span class='ocrx_word' id='word_1_675' title='bbox 3339 857 3661 928; x_wconf 73' lang='lat' dir='ltr'><strong>hereditatem</strong></span> <span class='ocrx_word' id='word_1_676' title='bbox 3697 874 3906 928; x_wconf 67' lang='lat' dir='ltr'><strong>meum;</strong></span> 
     </span>
    </p>
   </div>
   <div class='ocr_carea' id='block_1_87' title="bbox 2332 926 3904 1054">
    <p class='ocr_par' dir='ltr' id='par_1_87' title="bbox 2332 926 3904 1054">
     <span class='ocr_line' id='line_1_89' title="bbox 2332 926 3904 1054; baseline 0 -71"><span class='ocrx_word' id='word_1_677' title='bbox 2332 931 2468 1054; x_wconf 48' lang='lat' dir='ltr'><strong>gacta</strong></span> <span class='ocrx_word' id='word_1_678' title='bbox 2495 926 2840 985; x_wconf 36' lang='lat' dir='ltr'><strong>est’tiereditas</strong></span> <span class='ocrx_word' id='word_1_679' title='bbox 2865 944 2974 981; x_wconf 83' lang='lat' dir='ltr'><strong>mea</strong></span> <span class='ocrx_word' id='word_1_680' title='bbox 3004 927 3276 1011; x_wconf 65' lang='lat' dir='ltr'><strong>mihisicut</strong></span> <span class='ocrx_word' id='word_1_681' title='bbox 3298 928 3374 983; x_wconf 83' lang='lat' dir='ltr'><strong>leo</strong></span> <span class='ocrx_word' id='word_1_682' title='bbox 3400 929 3455 981; x_wconf 84' lang='lat' dir='ltr'><strong>in</strong></span> <span class='ocrx_word' id='word_1_683' title='bbox 3476 928 3618 1011; x_wconf 65' lang='lat' dir='ltr'><strong>syltta</strong></span> <span class='ocrx_word' id='word_1_684' title='bbox 3643 926 3803 1009; x_wconf 45' lang='grc' dir='ltr'><strong>λετ..</strong></span> <span class='ocrx_word' id='word_1_685' title='bbox 3822 926 3904 983; x_wconf 71' lang='grc'><strong>12.</strong></span> 
     </span>
     <span class='ocr_line' id='line_1_90' title="bbox 2372 997 3904 1054; baseline 0.001 -2"><span class='ocrx_word' id='word_1_686' title='bbox 2372 1039 2385 1052; x_wconf 94' lang='grc'><strong>.</strong></span> <span class='ocrx_word' id='word_1_687' title='bbox 2416 999 2505 1054; x_wconf 79' lang='lat'><strong>8).</strong></span> <span class='ocrx_word' id='word_1_688' title='bbox 2541 1001 2627 1054; x_wconf 82' lang='grc'><strong>15.</strong></span> <span class='ocrx_word' id='word_1_689' title='bbox 2662 997 3000 1054; x_wconf 81' lang='lat' dir='ltr'><strong>Quaadusoue</strong></span> <span class='ocrx_word' id='word_1_690' title='bbox 3028 1008 3218 1054; x_wconf 75' lang='lat' dir='ltr'><strong>iustitia</strong></span> <span class='ocrx_word' id='word_1_691' title='bbox 3238 1008 3551 1051; x_wconf 72' lang='lat' dir='ltr'><strong>convertatur</strong></span> <span class='ocrx_word' id='word_1_692' title='bbox 3570 997 3904 1054; x_wconf 64' lang='lat' dir='ltr'><strong>inpudicitiai.</strong></span> 
     </span>
    </p>
   </div>
   <div class='ocr_carea' id='block_1_88' title="bbox 2372 997 3907 1069">
    <p class='ocr_par' dir='ltr' id='par_1_88' title="bbox 2372 997 3907 1069">
     <span class='ocr_line' id='line_1_91' title="bbox 2372 997 3907 1069; baseline -0.001 -17"><span class='ocrx_word' id='word_1_693' title='bbox 2372 1039 2385 1052; x_wconf 94' lang='lat'><strong>.</strong></span> <span class='ocrx_word' id='word_1_694' title='bbox 2416 999 2505 1069; x_wconf 88' lang='lat'><strong>8).</strong></span> <span class='ocrx_word' id='word_1_695' title='bbox 2541 1001 2627 1054; x_wconf 81' lang='grc'><strong>15.</strong></span> <span class='ocrx_word' id='word_1_696' title='bbox 2662 997 3000 1067; x_wconf 84' lang='lat' dir='ltr'><strong>Quaadusque</strong></span> <span class='ocrx_word' id='word_1_697' title='bbox 3017 998 3218 1067; x_wconf 75' lang='lat' dir='ltr'><strong>justitia</strong></span> <span class='ocrx_word' id='word_1_698' title='bbox 3238 997 3907 1069; x_wconf 24' lang='lat' dir='ltr'><strong>convertaturittj‘udicim,</strong></span> 
     </span>
    </p>
   </div>
   <div class='ocr_carea' id='block_1_89' title="bbox 2330 1016 3906 1139">
    <p class='ocr_par' dir='ltr' id='par_1_89' title="bbox 2330 1016 3906 1139">
     <span class='ocr_line' id='line_1_92' title="bbox 2332 1016 3906 1069; baseline -0.002 -15"><span class='ocrx_word' id='word_1_699' title='bbox 2332 1016 2385 1054; x_wconf 70' lang='lat' dir='ltr'><strong>&#39;t.</strong></span> <span class='ocrx_word' id='word_1_700' title='bbox 2416 1016 2449 1055; x_wconf 74' lang='grc' dir='ltr'>δ</span> <span class='ocrx_word' id='word_1_701' title='bbox 2465 1016 2505 1069; x_wconf 79' lang='lat'><strong>).</strong></span> <span class='ocrx_word' id='word_1_702' title='bbox 2541 1016 2627 1054; x_wconf 74' lang='lat' dir='ltr'><strong>to.</strong></span> <span class='ocrx_word' id='word_1_703' title='bbox 2662 1016 3000 1067; x_wconf 68' lang='lat' dir='ltr'><strong>quoadusque</strong></span> <span class='ocrx_word' id='word_1_704' title='bbox 3017 1016 3218 1067; x_wconf 68' lang='lat' dir='ltr'><strong>Jttuuw</strong></span> <span class='ocrx_word' id='word_1_705' title='bbox 3238 1016 3551 1051; x_wconf 72' lang='lat' dir='ltr'><strong>convertatur</strong></span> <span class='ocrx_word' id='word_1_706' title='bbox 3570 1016 3622 1050; x_wconf 85' lang='grc' dir='ltr'><strong>ιιι</strong></span> <span class='ocrx_word' id='word_1_707' title='bbox 3667 1016 3906 1061; x_wconf 63' lang='lat' dir='ltr'><strong>uanam,</strong></span> 
     </span>
     <span class='ocr_line' id='line_1_93' title="bbox 2330 1016 3906 1139; baseline -0.001 -16"><span class='ocrx_word' id='word_1_708' title='bbox 2330 1081 2375 1123; x_wconf 86' lang='lat' dir='ltr'><strong>et</strong></span> <span class='ocrx_word' id='word_1_709' title='bbox 2403 1072 2486 1139; x_wconf 83' lang='lat' dir='ltr'><strong>qui</strong></span> <span class='ocrx_word' id='word_1_710' title='bbox 2500 1070 2652 1139; x_wconf 68' lang='lat' dir='ltr'><strong>juxta</strong></span> <span class='ocrx_word' id='word_1_711' title='bbox 2672 1069 2814 1121; x_wconf 84' lang='lat' dir='ltr'><strong>illam</strong></span> <span class='ocrx_word' id='word_1_712' title='bbox 2840 1084 3010 1121; x_wconf 84' lang='lat' dir='ltr'><strong>omnes</strong></span> <span class='ocrx_word' id='word_1_713' title='bbox 3026 1070 3119 1137; x_wconf 74' lang='lat' dir='ltr'><strong>qui</strong></span> <span class='ocrx_word' id='word_1_714' title='bbox 3143 1075 3283 1139; x_wconf 64' lang='lat' dir='ltr'><strong>recto</strong></span> <span class='ocrx_word' id='word_1_715' title='bbox 3299 1068 3609 1139; x_wconf 73' lang='lat' dir='ltr'><strong>suntcorde.</strong></span> <span class='ocrx_word' id='word_1_716' title='bbox 3629 1016 3745 1122; x_wconf 50' lang='grc' dir='ltr'><strong>ἀοι)</strong></span> <span class='ocrx_word' id='word_1_717' title='bbox 3767 1068 3906 1137; x_wconf 89' lang='lat' dir='ltr'><strong>quod</strong></span> 
     </span>
    </p>
   </div>
   <div class='ocr_carea' id='block_1_90' title="bbox 2332 1136 3907 1262">
    <p class='ocr_par' dir='ltr' id='par_1_90' title="bbox 2332 1136 3907 1262">
     <span class='ocr_line' id='line_1_94' title="bbox 2332 1136 3907 1262; baseline -0.001 -73"><span class='ocrx_word' id='word_1_718' title='bbox 2332 1136 2609 1262; x_wconf 71' lang='lat' dir='ltr'><strong>postquam</strong></span> <span class='ocrx_word' id='word_1_719' title='bbox 2636 1138 2839 1205; x_wconf 89' lang='lat' dir='ltr'><strong>justitia</strong></span> <span class='ocrx_word' id='word_1_720' title='bbox 2868 1136 3127 1191; x_wconf 83' lang='lat' dir='ltr'><strong>conversa</strong></span> <span class='ocrx_word' id='word_1_721' title='bbox 3156 1136 3312 1191; x_wconf 74' lang='lat' dir='ltr'><strong>fuerit</strong></span> <span class='ocrx_word' id='word_1_722' title='bbox 3338 1138 3389 1190; x_wconf 91' lang='lat' dir='ltr'><strong>in</strong></span> <span class='ocrx_word' id='word_1_723' title='bbox 3411 1137 3668 1206; x_wconf 89' lang='lat' dir='ltr'><strong>judicium</strong></span> <span class='ocrx_word' id='word_1_724' title='bbox 3691 1178 3706 1202; x_wconf 97' lang='lat'><strong>,</strong></span> <span class='ocrx_word' id='word_1_725' title='bbox 3740 1136 3907 1205; x_wconf 85' lang='lat' dir='ltr'><strong>popu-</strong></span> 
     </span>
     <span class='ocr_line' id='line_1_95' title="bbox 2354 1207 3907 1262; baseline 0.001 -1"><span class='ocrx_word' id='word_1_726' title='bbox 2354 1226 2440 1262; x_wconf 92' lang='lat' dir='ltr'><strong>um</strong></span> <span class='ocrx_word' id='word_1_727' title='bbox 2470 1224 2623 1262; x_wconf 86' lang='lat' dir='ltr'><strong>suum</strong></span> <span class='ocrx_word' id='word_1_728' title='bbox 2649 1209 2785 1261; x_wconf 87' lang='lat' dir='ltr'><strong>Deus</strong></span> <span class='ocrx_word' id='word_1_729' title='bbox 2800 1218 2888 1259; x_wconf 87' lang='lat' dir='ltr'><strong>aut</strong></span> <span class='ocrx_word' id='word_1_730' title='bbox 2916 1207 3260 1261; x_wconf 86' lang='lat' dir='ltr'><strong>hereditatem</strong></span> <span class='ocrx_word' id='word_1_731' title='bbox 3294 1222 3441 1261; x_wconf 88' lang='lat' dir='ltr'><strong>suam</strong></span> <span class='ocrx_word' id='word_1_732' title='bbox 3484 1210 3790 1262; x_wconf 73' lang='lat' dir='ltr'><strong>reuulsurus</strong></span> <span class='ocrx_word' id='word_1_733' title='bbox 3812 1217 3907 1262; x_wconf 79' lang='lat' dir='ltr'><strong>sit:</strong></span> 
     </span>
    </p>
   </div>
   <div class='ocr_carea' id='block_1_91' title="bbox 2354 1207 3909 1276">
    <p class='ocr_par' dir='ltr' id='par_1_91' title="bbox 2354 1207 3909 1276">
     <span class='ocr_line' id='line_1_96' title="bbox 2354 1207 3909 1276; baseline 0 -15"><span class='ocrx_word' id='word_1_734' title='bbox 2354 1226 2440 1262; x_wconf 92' lang='lat' dir='ltr'><strong>um</strong></span> <span class='ocrx_word' id='word_1_735' title='bbox 2470 1224 2623 1263; x_wconf 86' lang='lat' dir='ltr'><strong>suum</strong></span> <span class='ocrx_word' id='word_1_736' title='bbox 2649 1209 2785 1261; x_wconf 87' lang='lat' dir='ltr'><strong>Deus</strong></span> <span class='ocrx_word' id='word_1_737' title='bbox 2800 1218 2888 1259; x_wconf 87' lang='lat' dir='ltr'><strong>aut</strong></span> <span class='ocrx_word' id='word_1_738' title='bbox 2916 1207 3260 1261; x_wconf 86' lang='lat' dir='ltr'><strong>hereditatem</strong></span> <span class='ocrx_word' id='word_1_739' title='bbox 3294 1222 3441 1261; x_wconf 88' lang='lat' dir='ltr'><strong>suam</strong></span> <span class='ocrx_word' id='word_1_740' title='bbox 3484 1210 3790 1276; x_wconf 73' lang='lat' dir='ltr'><strong>repulsurus</strong></span> <span class='ocrx_word' id='word_1_741' title='bbox 3812 1217 3909 1274; x_wconf 79' lang='lat' dir='ltr'><strong>sit;</strong></span> 
     </span>
    </p>
   </div>
   <div class='ocr_carea' id='block_1_92' title="bbox 2331 1277 3903 1348">
    <p class='ocr_par' dir='ltr' id='par_1_92' title="bbox 2331 1277 3903 1348">
     <span class='ocr_line' id='line_1_97' title="bbox 2331 1277 3903 1348; baseline -0.001 -15"><span class='ocrx_word' id='word_1_742' title='bbox 2331 1280 2425 1333; x_wconf 83' lang='lat' dir='ltr'><strong>sed</strong></span> <span class='ocrx_word' id='word_1_743' title='bbox 2450 1278 2569 1348; x_wconf 87' lang='lat' dir='ltr'><strong>quia</strong></span> <span class='ocrx_word' id='word_1_744' title='bbox 2612 1278 2995 1331; x_wconf 84' lang='lat' dir='ltr'><strong>institutionem</strong></span> <span class='ocrx_word' id='word_1_745' title='bbox 3042 1277 3188 1332; x_wconf 86' lang='lat' dir='ltr'><strong>dedit</strong></span> <span class='ocrx_word' id='word_1_746' title='bbox 3225 1278 3275 1330; x_wconf 89' lang='lat' dir='ltr'><strong>in</strong></span> <span class='ocrx_word' id='word_1_747' title='bbox 3314 1288 3718 1348; x_wconf 80' lang='lat' dir='ltr'><strong>argumentum,</strong></span> <span class='ocrx_word' id='word_1_748' title='bbox 3764 1279 3903 1344; x_wconf 80' lang='lat' dir='ltr'><strong>quod</strong></span> 
     </span>
    </p>
   </div>
   <div class='ocr_carea' id='block_1_93' title="bbox 2334 1347 3908 1416">
    <p class='ocr_par' dir='ltr' id='par_1_93' title="bbox 2334 1347 3908 1416">
     <span class='ocr_line' id='line_1_98' title="bbox 2334 1347 3908 1416; baseline -0.003 -14"><span class='ocrx_word' id='word_1_749' title='bbox 2334 1347 2483 1402; x_wconf 76' lang='lat' dir='ltr'><strong>Suam</strong></span> <span class='ocrx_word' id='word_1_750' title='bbox 2506 1347 2850 1402; x_wconf 88' lang='lat' dir='ltr'><strong>hereditatem</strong></span> <span class='ocrx_word' id='word_1_751' title='bbox 2883 1363 2987 1401; x_wconf 92' lang='lat' dir='ltr'><strong>non</strong></span> <span class='ocrx_word' id='word_1_752' title='bbox 3018 1348 3327 1416; x_wconf 82' lang='lat' dir='ltr'><strong>negligerct,</strong></span> <span class='ocrx_word' id='word_1_753' title='bbox 3350 1347 3459 1416; x_wconf 81' lang='lat' dir='ltr'><strong>vult</strong></span> <span class='ocrx_word' id='word_1_754' title='bbox 3488 1354 3538 1400; x_wconf 87' lang='lat' dir='ltr'><strong>te</strong></span> <span class='ocrx_word' id='word_1_755' title='bbox 3562 1348 3750 1402; x_wconf 89' lang='lat' dir='ltr'><strong>docere</strong></span> <span class='ocrx_word' id='word_1_756' title='bbox 3777 1362 3908 1415; x_wconf 79' lang='lat' dir='ltr'><strong>qito-</strong></span> 
     </span>
    </p>
   </div>
   <div class='ocr_carea' id='block_1_94' title="bbox 2330 1415 3909 1486">
    <p class='ocr_par' dir='ltr' id='par_1_94' title="bbox 2330 1415 3909 1486">
     <span class='ocr_line' id='line_1_99' title="bbox 2330 1415 3909 1486; baseline -0.001 -14"><span class='ocrx_word' id='word_1_757' title='bbox 2330 1433 2498 1486; x_wconf 81' lang='lat' dir='ltr'><strong>usque</strong></span> <span class='ocrx_word' id='word_1_758' title='bbox 2523 1419 2602 1471; x_wconf 88' lang='lat' dir='ltr'><strong>his</strong></span> <span class='ocrx_word' id='word_1_759' title='bbox 2622 1432 2757 1486; x_wconf 89' lang='lat' dir='ltr'><strong>opus</strong></span> <span class='ocrx_word' id='word_1_760' title='bbox 2779 1418 2900 1471; x_wconf 91' lang='lat' dir='ltr'><strong>erit.</strong></span> <span class='ocrx_word' id='word_1_761' title='bbox 2926 1415 3150 1482; x_wconf 83' lang='lat' dir='ltr'><strong>Quando</strong></span> <span class='ocrx_word' id='word_1_762' title='bbox 3170 1415 3318 1471; x_wconf 79' lang='lat' dir='ltr'><strong>enim</strong></span> <span class='ocrx_word' id='word_1_763' title='bbox 3345 1415 3585 1470; x_wconf 90' lang='lat' dir='ltr'><strong>Christus</strong></span> <span class='ocrx_word' id='word_1_764' title='bbox 3607 1432 3729 1470; x_wconf 86' lang='lat' dir='ltr'><strong>vera</strong></span> <span class='ocrx_word' id='word_1_765' title='bbox 3753 1417 3909 1483; x_wconf 79' lang='lat' dir='ltr'><strong>justi-</strong></span> 
     </span>
    </p>
   </div>
   <div class='ocr_carea' id='block_1_95' title="bbox 2333 1486 3910 1555">
    <p class='ocr_par' dir='ltr' id='par_1_95' title="bbox 2333 1486 3910 1555">
     <span class='ocr_line' id='line_1_100' title="bbox 2333 1486 3910 1555; baseline -0.001 -15"><span class='ocrx_word' id='word_1_766' title='bbox 2333 1489 2403 1540; x_wconf 88' lang='lat' dir='ltr'><strong>tia</strong></span> <span class='ocrx_word' id='word_1_767' title='bbox 2427 1497 2768 1541; x_wconf 89' lang='lat' dir='ltr'><strong>couvertetur</strong></span> <span class='ocrx_word' id='word_1_768' title='bbox 2796 1487 2845 1540; x_wconf 89' lang='lat' dir='ltr'><strong>in</strong></span> <span class='ocrx_word' id='word_1_769' title='bbox 2872 1489 3148 1555; x_wconf 91' lang='lat' dir='ltr'><strong>judicium,</strong></span> <span class='ocrx_word' id='word_1_770' title='bbox 3177 1497 3229 1540; x_wconf 87' lang='lat' dir='ltr'><strong>et</strong></span> <span class='ocrx_word' id='word_1_771' title='bbox 3256 1487 3509 1555; x_wconf 83' lang='lat' dir='ltr'><strong>patientia</strong></span> <span class='ocrx_word' id='word_1_772' title='bbox 3532 1487 3715 1540; x_wconf 89' lang='lat' dir='ltr'><strong>relicta</strong></span> <span class='ocrx_word' id='word_1_773' title='bbox 3743 1486 3809 1540; x_wconf 87' lang='lat' dir='ltr'><strong>ad</strong></span> <span class='ocrx_word' id='word_1_774' title='bbox 3828 1487 3910 1554; x_wconf 79' lang='lat' dir='ltr'><strong>ju-</strong></span> 
     </span>
    </p>
   </div>
   <div class='ocr_carea' id='block_1_96' title="bbox 2331 1556 3906 1625">
    <p class='ocr_par' dir='ltr' id='par_1_96' title="bbox 2331 1556 3906 1625">
     <span class='ocr_line' id='line_1_101' title="bbox 2331 1556 3906 1625; baseline -0.001 -14"><span class='ocrx_word' id='word_1_775' title='bbox 2331 1557 2612 1611; x_wconf 86' lang='lat' dir='ltr'><strong>dicandum</strong></span> <span class='ocrx_word' id='word_1_776' title='bbox 2646 1566 2900 1622; x_wconf 86' lang='lat' dir='ltr'><strong>vertetur,</strong></span> <span class='ocrx_word' id='word_1_777' title='bbox 2926 1567 2981 1611; x_wconf 88' lang='lat' dir='ltr'><strong>et</strong></span> <span class='ocrx_word' id='word_1_778' title='bbox 3008 1557 3193 1610; x_wconf 84' lang='lat' dir='ltr'><strong>Omnes</strong></span> <span class='ocrx_word' id='word_1_779' title='bbox 3216 1557 3337 1609; x_wconf 88' lang='lat' dir='ltr'><strong>recti</strong></span> <span class='ocrx_word' id='word_1_780' title='bbox 3358 1556 3528 1619; x_wconf 87' lang='lat' dir='ltr'><strong>corde,</strong></span> <span class='ocrx_word' id='word_1_781' title='bbox 3558 1571 3745 1625; x_wconf 84' lang='lat' dir='ltr'><strong>nempe</strong></span> <span class='ocrx_word' id='word_1_782' title='bbox 3761 1558 3906 1625; x_wconf 82' lang='lat' dir='ltr'><strong>justi,</strong></span> 
     </span>
    </p>
   </div>
   <div class='ocr_carea' id='block_1_97' title="bbox 2328 1626 3907 1696">
    <p class='ocr_par' dir='ltr' id='par_1_97' title="bbox 2328 1626 3907 1696">
     <span class='ocr_line' id='line_1_102' title="bbox 2328 1626 3907 1696; baseline -0.001 -18"><span class='ocrx_word' id='word_1_783' title='bbox 2328 1628 2483 1696; x_wconf 68' lang='lat' dir='ltr'><strong>juxta</strong></span> <span class='ocrx_word' id='word_1_784' title='bbox 2512 1627 2653 1680; x_wconf 81' lang='lat' dir='ltr'><strong>illam</strong></span> <span class='ocrx_word' id='word_1_785' title='bbox 2674 1668 2689 1692; x_wconf 91' lang='lat'><strong>,</strong></span> <span class='ocrx_word' id='word_1_786' title='bbox 2719 1626 2770 1680; x_wconf 89' lang='lat' dir='ltr'><strong>id</strong></span> <span class='ocrx_word' id='word_1_787' title='bbox 2798 1636 2914 1692; x_wconf 89' lang='lat' dir='ltr'><strong>est,</strong></span> <span class='ocrx_word' id='word_1_788' title='bbox 2945 1641 3053 1696; x_wconf 89' lang='lat' dir='ltr'><strong>non</strong></span> <span class='ocrx_word' id='word_1_789' title='bbox 3084 1627 3137 1680; x_wconf 87' lang='lat' dir='ltr'><strong>in</strong></span> <span class='ocrx_word' id='word_1_790' title='bbox 3178 1626 3264 1679; x_wconf 89' lang='lat' dir='ltr'><strong>illa</strong></span> <span class='ocrx_word' id='word_1_791' title='bbox 3311 1628 3466 1693; x_wconf 79' lang='lat' dir='ltr'><strong>quasi</strong></span> <span class='ocrx_word' id='word_1_792' title='bbox 3484 1626 3752 1693; x_wconf 85' lang='lat' dir='ltr'><strong>judicaudi</strong></span> <span class='ocrx_word' id='word_1_793' title='bbox 3774 1667 3789 1686; x_wconf 88' lang='lat'><strong>.</strong></span> <span class='ocrx_word' id='word_1_794' title='bbox 3820 1628 3907 1680; x_wconf 87' lang='lat' dir='ltr'><strong>sed</strong></span> 
     </span>
    </p>
   </div>
   <div class='ocr_carea' id='block_1_98' title="bbox 2335 1695 3912 1766">
    <p class='ocr_par' dir='ltr' id='par_1_98' title="bbox 2335 1695 3912 1766">
     <span class='ocr_line' id='line_1_103' title="bbox 2335 1695 3912 1766; baseline -0.001 -15"><span class='ocrx_word' id='word_1_795' title='bbox 2335 1695 2486 1766; x_wconf 89' lang='lat' dir='ltr'><strong>quasi</strong></span> <span class='ocrx_word' id='word_1_796' title='bbox 2518 1698 2739 1751; x_wconf 88' lang='lat' dir='ltr'><strong>clientes</strong></span> <span class='ocrx_word' id='word_1_797' title='bbox 2776 1707 2829 1751; x_wconf 90' lang='lat' dir='ltr'><strong>et</strong></span> <span class='ocrx_word' id='word_1_798' title='bbox 2864 1695 3056 1765; x_wconf 79' lang='lat' dir='ltr'><strong>iudicis</strong></span> <span class='ocrx_word' id='word_1_799' title='bbox 3083 1696 3336 1766; x_wconf 86' lang='lat' dir='ltr'><strong>satellites</strong></span> <span class='ocrx_word' id='word_1_800' title='bbox 3362 1704 3520 1766; x_wconf 84' lang='lat' dir='ltr'><strong>erunt</strong></span> <span class='ocrx_word' id='word_1_801' title='bbox 3557 1696 3712 1759; x_wconf 82' lang='lat' dir='ltr'><strong>(ideo</strong></span> <span class='ocrx_word' id='word_1_802' title='bbox 3736 1696 3912 1750; x_wconf 73' lang='lat' dir='ltr'><strong>caeteri</strong></span> 
     </span>
    </p>
   </div>
   <div class='ocr_carea' id='block_1_99' title="bbox 2333 1765 3907 1834">
    <p class='ocr_par' dir='ltr' id='par_1_99' title="bbox 2333 1765 3907 1834">
     <span class='ocr_line' id='line_1_104' title="bbox 2333 1765 3907 1834; baseline -0.001 -13"><span class='ocrx_word' id='word_1_803' title='bbox 2333 1765 2649 1834; x_wconf 86' lang='lat' dir='ltr'><strong>interpretes</strong></span> <span class='ocrx_word' id='word_1_804' title='bbox 2669 1807 2683 1827; x_wconf 87' lang='lat'><strong>,</strong></span> <span class='ocrx_word' id='word_1_805' title='bbox 2715 1767 2833 1821; x_wconf 87' lang='lat' dir='ltr'><strong>loco</strong></span> <span class='ocrx_word' id='word_1_806' title='bbox 2859 1767 2997 1821; x_wconf 88' lang='lat' dir='ltr'><strong>iilius</strong></span> <span class='ocrx_word' id='word_1_807' title='bbox 3014 1807 3030 1832; x_wconf 91' lang='lat'><strong>,</strong></span> <span class='ocrx_word' id='word_1_808' title='bbox 3057 1766 3213 1820; x_wconf 69' lang='lat' dir='ltr'><strong>Juxta</strong></span> <span class='ocrx_word' id='word_1_809' title='bbox 3242 1765 3407 1829; x_wconf 87' lang='lat' dir='ltr'><strong>illam,</strong></span> <span class='ocrx_word' id='word_1_810' title='bbox 3438 1765 3561 1818; x_wconf 82' lang='lat' dir='ltr'><strong>Post</strong></span> <span class='ocrx_word' id='word_1_811' title='bbox 3586 1782 3701 1819; x_wconf 86' lang='lat' dir='ltr'><strong>eum</strong></span> <span class='ocrx_word' id='word_1_812' title='bbox 3728 1766 3907 1820; x_wconf 83' lang='lat' dir='ltr'><strong>edide-</strong></span> 
     </span>
    </p>
   </div>
   <div class='ocr_carea' id='block_1_100' title="bbox 2333 1835 3906 1906">
    <p class='ocr_par' dir='ltr' id='par_1_100' title="bbox 2333 1835 3906 1906">
     <span class='ocr_line' id='line_1_105' title="bbox 2333 1835 3906 1906; baseline -0.001 -14"><span class='ocrx_word' id='word_1_813' title='bbox 2333 1838 2491 1906; x_wconf 90' lang='lat' dir='ltr'><strong>runt)</strong></span> <span class='ocrx_word' id='word_1_814' title='bbox 2520 1852 2535 1890; x_wconf 90' lang='lat'><strong>:</strong></span> <span class='ocrx_word' id='word_1_815' title='bbox 2569 1846 2694 1890; x_wconf 85' lang='lat' dir='ltr'><strong>tunc</strong></span> <span class='ocrx_word' id='word_1_816' title='bbox 2712 1837 2967 1905; x_wconf 84' lang='lat' dir='ltr'><strong>speciales</strong></span> <span class='ocrx_word' id='word_1_817' title='bbox 2990 1850 3175 1892; x_wconf 88' lang='lat' dir='ltr'><strong>omnes</strong></span> <span class='ocrx_word' id='word_1_818' title='bbox 3205 1836 3560 1906; x_wconf 77' lang='lat' dir='ltr'><strong>institutiOnes</strong></span> <span class='ocrx_word' id='word_1_819' title='bbox 3591 1835 3906 1906; x_wconf 83' lang='lat' dir='ltr'><strong>cessabunt:</strong></span> 
     </span>
    </p>
   </div>
   <div class='ocr_carea' id='block_1_101' title="bbox 2335 1904 3918 1968">
    <p class='ocr_par' dir='ltr' id='par_1_101' title="bbox 2335 1904 3918 1968">
     <span class='ocr_line' id='line_1_106' title="bbox 2335 1904 3918 1968; baseline 0 -8"><span class='ocrx_word' id='word_1_820' title='bbox 2335 1922 2439 1960; x_wconf 87' lang='lat' dir='ltr'><strong>non</strong></span> <span class='ocrx_word' id='word_1_821' title='bbox 2468 1904 2609 1962; x_wconf 86' lang='lat' dir='ltr'><strong>enim</strong></span> <span class='ocrx_word' id='word_1_822' title='bbox 2633 1907 2698 1961; x_wconf 81' lang='lat' dir='ltr'><strong>ad</strong></span> <span class='ocrx_word' id='word_1_823' title='bbox 2718 1904 3062 1961; x_wconf 81' lang='lat' dir='ltr'><strong>munitionem</strong></span> <span class='ocrx_word' id='word_1_824' title='bbox 3082 1948 3096 1968; x_wconf 90' lang='lat'><strong>,</strong></span> <span class='ocrx_word' id='word_1_825' title='bbox 3144 1906 3236 1959; x_wconf 87' lang='lat' dir='ltr'><strong>sed</strong></span> <span class='ocrx_word' id='word_1_826' title='bbox 3279 1905 3343 1959; x_wconf 88' lang='lat' dir='ltr'><strong>ad</strong></span> <span class='ocrx_word' id='word_1_827' title='bbox 3383 1904 3782 1960; x_wconf 83' lang='lat' dir='ltr'><strong>retributionem</strong></span> <span class='ocrx_word' id='word_1_828' title='bbox 3817 1905 3918 1960; x_wconf 72' lang='lat' dir='ltr'><strong>Dei</strong></span> 
     </span>
    </p>
   </div>
   <div class='ocr_carea' id='block_1_102' title="bbox 2329 1974 3918 2046">
    <p class='ocr_par' dir='ltr' id='par_1_102' title="bbox 2329 1974 3918 2046">
     <span class='ocr_line' id='line_1_107' title="bbox 2329 1974 3918 2046; baseline -0.002 -16"><span class='ocrx_word' id='word_1_829' title='bbox 2329 1976 2587 2046; x_wconf 86' lang='lat' dir='ltr'><strong>judicium</strong></span> <span class='ocrx_word' id='word_1_830' title='bbox 2613 1976 2738 2031; x_wconf 78' lang='lat' dir='ltr'><strong>erit.</strong></span> <span class='ocrx_word' id='word_1_831' title='bbox 2767 1976 3062 2046; x_wconf 85' lang='lat' dir='ltr'><strong>Diapsalma</strong></span> <span class='ocrx_word' id='word_1_832' title='bbox 3086 1976 3205 2030; x_wconf 87' lang='lat' dir='ltr'><strong>ideo</strong></span> <span class='ocrx_word' id='word_1_833' title='bbox 3226 1974 3447 2041; x_wconf 87' lang='lat' dir='ltr'><strong>addidit,</strong></span> <span class='ocrx_word' id='word_1_834' title='bbox 3469 1976 3590 2043; x_wconf 86' lang='lat' dir='ltr'><strong>‘quia</strong></span> <span class='ocrx_word' id='word_1_835' title='bbox 3611 1989 3918 2030; x_wconf 26' lang='lat' dir='ltr'><strong>sermonem.</strong></span> 
     </span>
    </p>
   </div>
   <div class='ocr_carea' id='block_1_103' title="bbox 2334 2046 3908 2117">
    <p class='ocr_par' dir='ltr' id='par_1_103' title="bbox 2334 2046 3908 2117">
     <span class='ocr_line' id='line_1_108' title="bbox 2334 2046 3908 2117; baseline 0 -17"><span class='ocrx_word' id='word_1_836' title='bbox 2334 2047 2479 2117; x_wconf 87' lang='lat' dir='ltr'><strong>illum</strong></span> <span class='ocrx_word' id='word_1_837' title='bbox 2508 2061 2845 2101; x_wconf 88' lang='lat' dir='ltr'><strong>communem</strong></span> <span class='ocrx_word' id='word_1_838' title='bbox 2892 2047 2943 2100; x_wconf 90' lang='lat' dir='ltr'><strong>in</strong></span> <span class='ocrx_word' id='word_1_839' title='bbox 2986 2046 3252 2117; x_wconf 80' lang='lat' dir='ltr'><strong>propriam</strong></span> <span class='ocrx_word' id='word_1_840' title='bbox 3282 2046 3448 2117; x_wconf 31' lang='lat' dir='ltr'><strong>“Vertit</strong></span> <span class='ocrx_word' id='word_1_841' title='bbox 3479 2058 3782 2117; x_wconf 69' lang='lat' dir='ltr'><strong>personam.</strong></span> <span class='ocrx_word' id='word_1_842' title='bbox 3822 2046 3908 2100; x_wconf 84' lang='grc'><strong>16.</strong></span> 
     </span>
    </p>
   </div>
   <div class='ocr_carea' id='block_1_104' title="bbox 2336 2114 3909 2188">
    <p class='ocr_par' dir='ltr' id='par_1_104' title="bbox 2336 2114 3909 2188">
     <span class='ocr_line' id='line_1_109' title="bbox 2336 2114 3909 2188; baseline 0 -20"><span class='ocrx_word' id='word_1_843' title='bbox 2336 2115 2462 2188; x_wconf 76' lang='lat' dir='ltr'><strong>Quis</strong></span> <span class='ocrx_word' id='word_1_844' title='bbox 2488 2126 2749 2188; x_wconf 80' lang='lat' dir='ltr'><strong>consurget</strong></span> <span class='ocrx_word' id='word_1_845' title='bbox 2775 2117 2899 2169; x_wconf 82' lang='lat' dir='ltr'><strong>mihi</strong></span> <span class='ocrx_word' id='word_1_846' title='bbox 2925 2114 3165 2169; x_wconf 59' lang='lat' dir='ltr'><strong>adversus</strong></span> <span class='ocrx_word' id='word_1_847' title='bbox 3188 2114 3553 2188; x_wconf 51' lang='lat' dir='ltr'><strong>malignantes,</strong></span> <span class='ocrx_word' id='word_1_848' title='bbox 3570 2127 3655 2188; x_wconf 60' lang='lat' dir='ltr'><strong>aut</strong></span> <span class='ocrx_word' id='word_1_849' title='bbox 3675 2116 3787 2188; x_wconf 75' lang='lat' dir='ltr'><strong>quis</strong></span> <span class='ocrx_word' id='word_1_850' title='bbox 3807 2125 3909 2168; x_wconf 84' lang='lat' dir='ltr'><strong>sta-</strong></span> 
     </span>
    </p>
   </div>
   <div class='ocr_carea' id='block_1_105' title="bbox 2339 2184 3911 2256">
    <p class='ocr_par' dir='ltr' id='par_1_105' title="bbox 2339 2184 3911 2256">
     <span class='ocr_line' id='line_1_110' title="bbox 2339 2184 3911 2256; baseline 0.001 -19"><span class='ocrx_word' id='word_1_851' title='bbox 2339 2186 2408 2256; x_wconf 87' lang='lat' dir='ltr'><strong>bit</strong></span> <span class='ocrx_word' id='word_1_852' title='bbox 2434 2202 2628 2240; x_wconf 81' lang='lat' dir='ltr'><strong>mecum</strong></span> <span class='ocrx_word' id='word_1_853' title='bbox 2654 2184 2890 2239; x_wconf 77' lang='lat' dir='ltr'><strong>adversus</strong></span> <span class='ocrx_word' id='word_1_854' title='bbox 2919 2197 3178 2256; x_wconf 85' lang='lat' dir='ltr'><strong>operantes</strong></span> <span class='ocrx_word' id='word_1_855' title='bbox 3204 2185 3508 2256; x_wconf 72' lang='lat' dir='ltr'><strong>iniquitatem</strong></span> <span class='ocrx_word' id='word_1_856' title='bbox 3525 2186 3552 2239; x_wconf 82' lang='lat'><strong>.’</strong></span> <span class='ocrx_word' id='word_1_857' title='bbox 3592 2184 3793 2256; x_wconf 83' lang='lat' dir='ltr'><strong>Bellum</strong></span> <span class='ocrx_word' id='word_1_858' title='bbox 3818 2199 3911 2238; x_wconf 81' lang='lat' dir='ltr'><strong>uo-</strong></span> 
     </span>
    </p>
   </div>
   <div class='ocr_carea' id='block_1_106' title="bbox 2334 2254 3911 2325">
    <p class='ocr_par' dir='ltr' id='par_1_106' title="bbox 2334 2254 3911 2325">
     <span class='ocr_line' id='line_1_111' title="bbox 2334 2254 3911 2325; baseline -0.002 -16"><span class='ocrx_word' id='word_1_859' title='bbox 2334 2254 2417 2310; x_wconf 88' lang='lat' dir='ltr'><strong>bis</strong></span> <span class='ocrx_word' id='word_1_860' title='bbox 2458 2270 2703 2325; x_wconf 86' lang='lat' dir='ltr'><strong>asperum</strong></span> <span class='ocrx_word' id='word_1_861' title='bbox 2751 2269 2804 2310; x_wconf 86' lang='lat' dir='ltr'><strong>et</strong></span> <span class='ocrx_word' id='word_1_862' title='bbox 2843 2254 3197 2311; x_wconf 80' lang='lat' dir='ltr'><strong>truculentum</strong></span> <span class='ocrx_word' id='word_1_863' title='bbox 3252 2254 3507 2309; x_wconf 86' lang='lat' dir='ltr'><strong>adversus</strong></span> <span class='ocrx_word' id='word_1_864' title='bbox 3538 2255 3791 2325; x_wconf 74' lang='lat' dir='ltr'><strong>malignas</strong></span> <span class='ocrx_word' id='word_1_865' title='bbox 3820 2270 3911 2323; x_wconf 83' lang='lat' dir='ltr'><strong>po-</strong></span> 
     </span>
    </p>
   </div>
   <div class='ocr_carea' id='block_1_107' title="bbox 2338 2324 3907 2395">
    <p class='ocr_par' dir='ltr' id='par_1_107' title="bbox 2338 2324 3907 2395">
     <span class='ocr_line' id='line_1_112' title="bbox 2338 2324 3907 2395; baseline 0 -17"><span class='ocrx_word' id='word_1_866' title='bbox 2338 2324 2559 2395; x_wconf 82' lang='lat' dir='ltr'><strong>testates</strong></span> <span class='ocrx_word' id='word_1_867' title='bbox 2593 2324 2891 2395; x_wconf 82' lang='lat' dir='ltr'><strong>subindieat</strong></span> <span class='ocrx_word' id='word_1_868' title='bbox 2921 2326 3208 2395; x_wconf 85' lang='lat' dir='ltr'><strong>propheta,</strong></span> <span class='ocrx_word' id='word_1_869' title='bbox 3253 2339 3316 2379; x_wconf 89' lang='lat' dir='ltr'><strong>ac</strong></span> <span class='ocrx_word' id='word_1_870' title='bbox 3338 2324 3715 2395; x_wconf 76' lang='lat' dir='ltr'><strong>propemodum</strong></span> <span class='ocrx_word' id='word_1_871' title='bbox 3764 2324 3907 2379; x_wconf 84' lang='lat' dir='ltr'><strong>Pauli</strong></span> 
     </span>
    </p>
   </div>
   <div class='ocr_carea' id='block_1_108' title="bbox 2334 2394 3909 2465">
    <p class='ocr_par' dir='ltr' id='par_1_108' title="bbox 2334 2394 3909 2465">
     <span class='ocr_line' id='line_1_113' title="bbox 2334 2394 3909 2465; baseline -0.001 -17"><span class='ocrx_word' id='word_1_872' title='bbox 2334 2394 2493 2450; x_wconf 87' lang='lat' dir='ltr'><strong>verba</strong></span> <span class='ocrx_word' id='word_1_873' title='bbox 2532 2395 2766 2465; x_wconf 82' lang='lat' dir='ltr'><strong>profert:</strong></span> <span class='ocrx_word' id='word_1_874' title='bbox 2801 2394 3015 2449; x_wconf 38' lang='lat' dir='ltr'><strong>Nou&#39;est</strong></span> <span class='ocrx_word' id='word_1_875' title='bbox 3041 2396 3180 2449; x_wconf 89' lang='lat' dir='ltr'><strong>nobis</strong></span> <span class='ocrx_word' id='word_1_876' title='bbox 3203 2397 3338 2448; x_wconf 88' lang='lat' dir='ltr'><strong>lucta</strong></span> <span class='ocrx_word' id='word_1_877' title='bbox 3363 2394 3598 2448; x_wconf 72' lang='lat' dir='ltr'><strong>adversus</strong></span> <span class='ocrx_word' id='word_1_878' title='bbox 3621 2397 3909 2463; x_wconf 77' lang='lat' dir='ltr'><strong>sanguinem</strong></span> 
     </span>
    </p>
   </div>
   <div class='ocr_carea' id='block_1_109' title="bbox 2334 2465 3908 2533">
    <p class='ocr_par' dir='ltr' id='par_1_109' title="bbox 2334 2465 3908 2533">
     <span class='ocr_line' id='line_1_114' title="bbox 2334 2465 3908 2533; baseline -0.002 -14"><span class='ocrx_word' id='word_1_879' title='bbox 2334 2476 2380 2519; x_wconf 85' lang='lat' dir='ltr'><strong>et</strong></span> <span class='ocrx_word' id='word_1_880' title='bbox 2408 2482 2609 2519; x_wconf 87' lang='lat' dir='ltr'><strong>carnem</strong></span> <span class='ocrx_word' id='word_1_881' title='bbox 2629 2507 2643 2529; x_wconf 89' lang='lat'><strong>,</strong></span> <span class='ocrx_word' id='word_1_882' title='bbox 2680 2465 2768 2520; x_wconf 86' lang='lat' dir='ltr'><strong>sed</strong></span> <span class='ocrx_word' id='word_1_883' title='bbox 2810 2465 3049 2519; x_wconf 83' lang='lat' dir='ltr'><strong>adversus</strong></span> <span class='ocrx_word' id='word_1_884' title='bbox 3077 2465 3388 2533; x_wconf 81' lang='lat' dir='ltr'><strong>principatus</strong></span> <span class='ocrx_word' id='word_1_885' title='bbox 3431 2474 3476 2515; x_wconf 86' lang='lat' dir='ltr'><strong>et</strong></span> <span class='ocrx_word' id='word_1_886' title='bbox 3524 2475 3816 2531; x_wconf 84' lang='lat' dir='ltr'><strong>potestates,</strong></span> <span class='ocrx_word' id='word_1_887' title='bbox 3863 2476 3908 2518; x_wconf 81' lang='lat' dir='ltr'><strong>et</strong></span> 
     </span>
    </p>
   </div>
   <div class='ocr_carea' id='block_1_110' title="bbox 2337 2534 3907 2603">
    <p class='ocr_par' dir='ltr' id='par_1_110' title="bbox 2337 2534 3907 2603">
     <span class='ocr_line' id='line_1_115' title="bbox 2337 2534 3907 2603; baseline -0.001 -15"><span class='ocrx_word' id='word_1_888' title='bbox 2337 2547 2553 2589; x_wconf 85' lang='lat' dir='ltr'><strong>rectores</strong></span> <span class='ocrx_word' id='word_1_889' title='bbox 2581 2536 2756 2588; x_wconf 85' lang='lat' dir='ltr'><strong>mundi</strong></span> <span class='ocrx_word' id='word_1_890' title='bbox 2782 2537 3118 2599; x_wconf 82' lang='lat' dir='ltr'><strong>tenebrarum,</strong></span> <span class='ocrx_word' id='word_1_891' title='bbox 3144 2534 3383 2587; x_wconf 73' lang='lat' dir='ltr'><strong>adversus</strong></span> <span class='ocrx_word' id='word_1_892' title='bbox 3413 2534 3697 2603; x_wconf 80' lang='lat' dir='ltr'><strong>spiritualia</strong></span> <span class='ocrx_word' id='word_1_893' title='bbox 3734 2536 3907 2603; x_wconf 73' lang='lat' dir='ltr'><strong>nequi-</strong></span> 
     </span>
    </p>
   </div>
   <div class='ocr_carea' id='block_1_111' title="bbox 2331 2603 3908 2677">
    <p class='ocr_par' dir='ltr' id='par_1_111' title="bbox 2331 2603 3908 2677">
     <span class='ocr_line' id='line_1_116' title="bbox 2331 2603 3908 2677; baseline 0.001 -20"><span class='ocrx_word' id='word_1_894' title='bbox 2331 2607 2417 2659; x_wconf 70' lang='lat' dir='ltr'><strong>tia:</strong></span> <span class='ocrx_word' id='word_1_895' title='bbox 2454 2604 2763 2677; x_wconf 54' lang='lat' dir='ltr'><strong>(Epheaﬁ.</strong></span> <span class='ocrx_word' id='word_1_896' title='bbox 2800 2603 2917 2677; x_wconf 69' lang='grc'><strong>12).</strong></span> <span class='ocrx_word' id='word_1_897' title='bbox 2966 2604 3161 2659; x_wconf 88' lang='lat' dir='ltr'><strong>Contra</strong></span> <span class='ocrx_word' id='word_1_898' title='bbox 3205 2618 3299 2677; x_wconf 80' lang='lat' dir='ltr'><strong>eos</strong></span> <span class='ocrx_word' id='word_1_899' title='bbox 3338 2604 3590 2657; x_wconf 78' lang='lat' dir='ltr'><strong>auxilium</strong></span> <span class='ocrx_word' id='word_1_900' title='bbox 3629 2606 3821 2677; x_wconf 76' lang='lat' dir='ltr'><strong>quaerit</strong></span> <span class='ocrx_word' id='word_1_901' title='bbox 3856 2615 3908 2658; x_wconf 88' lang='lat' dir='ltr'><strong>et</strong></span> 
     </span>
    </p>
   </div>
   <div class='ocr_carea' id='block_1_112' title="bbox 2334 2673 3905 2744">
    <p class='ocr_par' dir='ltr' id='par_1_112' title="bbox 2334 2673 3905 2744">
     <span class='ocr_line' id='line_1_117' title="bbox 2334 2673 3905 2744; baseline 0.002 -19"><span class='ocrx_word' id='word_1_902' title='bbox 2334 2673 2581 2744; x_wconf 75' lang='lat' dir='ltr'><strong>postillat.</strong></span> <span class='ocrx_word' id='word_1_903' title='bbox 2605 2676 2734 2743; x_wconf 89' lang='lat' dir='ltr'><strong>Quis</strong></span> <span class='ocrx_word' id='word_1_904' title='bbox 2754 2673 3006 2729; x_wconf 77' lang='lat' dir='ltr'><strong>adversus</strong></span> <span class='ocrx_word' id='word_1_905' title='bbox 3022 2688 3114 2728; x_wconf 90' lang='lat' dir='ltr'><strong>eos</strong></span> <span class='ocrx_word' id='word_1_906' title='bbox 3136 2673 3289 2727; x_wconf 88' lang='lat' dir='ltr'><strong>nobis</strong></span> <span class='ocrx_word' id='word_1_907' title='bbox 3308 2687 3635 2743; x_wconf 76' lang='lat' dir='ltr'><strong>consurgens</strong></span> <span class='ocrx_word' id='word_1_908' title='bbox 3655 2675 3905 2728; x_wconf 69' lang='lat' dir='ltr'><strong>auxilium</strong></span> 
     </span>
    </p>
   </div>
   <div class='ocr_carea' id='block_1_113' title="bbox 2336 2744 3909 2815">
    <p class='ocr_par' dir='ltr' id='par_1_113' title="bbox 2336 2744 3909 2815">
     <span class='ocr_line' id='line_1_118' title="bbox 2336 2744 3909 2815; baseline -0.003 -16"><span class='ocrx_word' id='word_1_909' title='bbox 2336 2755 2389 2815; x_wconf 82' lang='lat' dir='ltr'><strong>et</strong></span> <span class='ocrx_word' id='word_1_910' title='bbox 2419 2761 2571 2815; x_wconf 89' lang='lat' dir='ltr'><strong>opem</strong></span> <span class='ocrx_word' id='word_1_911' title='bbox 2601 2746 2743 2800; x_wconf 78' lang='lat' dir='ltr'><strong>ferre</strong></span> <span class='ocrx_word' id='word_1_912' title='bbox 2773 2746 2981 2814; x_wconf 87' lang='lat' dir='ltr'><strong>potest?</strong></span> <span class='ocrx_word' id='word_1_913' title='bbox 3007 2744 3083 2798; x_wconf 80' lang='lat' dir='ltr'><strong>Ne</strong></span> <span class='ocrx_word' id='word_1_914' title='bbox 3113 2744 3269 2814; x_wconf 87' lang='lat' dir='ltr'><strong>igitur</strong></span> <span class='ocrx_word' id='word_1_915' title='bbox 3300 2745 3389 2797; x_wconf 74' lang='lat' dir='ltr'><strong>tibi</strong></span> <span class='ocrx_word' id='word_1_916' title='bbox 3421 2744 3629 2815; x_wconf 69' lang='lat' dir='ltr'><strong>plateas</strong></span> <span class='ocrx_word' id='word_1_917' title='bbox 3655 2758 3773 2815; x_wconf 86' lang='lat' dir='ltr'><strong>cum</strong></span> <span class='ocrx_word' id='word_1_918' title='bbox 3802 2762 3909 2797; x_wconf 87' lang='lat' dir='ltr'><strong>tua-</strong></span> 
     </span>
    </p>
   </div>
   <div class='ocr_carea' id='block_1_114' title="bbox 2334 2814 3908 2886">
    <p class='ocr_par' dir='ltr' id='par_1_114' title="bbox 2334 2814 3908 2886">
     <span class='ocr_line' id='line_1_119' title="bbox 2334 2814 3908 2886; baseline 0.001 -19"><span class='ocrx_word' id='word_1_919' title='bbox 2334 2814 2678 2886; x_wconf 88' lang='lat' dir='ltr'><strong>liguantibus,</strong></span> <span class='ocrx_word' id='word_1_920' title='bbox 2708 2831 2880 2885; x_wconf 86' lang='lat' dir='ltr'><strong>neque</strong></span> <span class='ocrx_word' id='word_1_921' title='bbox 2898 2816 3179 2869; x_wconf 87' lang='lat' dir='ltr'><strong>delecteris</strong></span> <span class='ocrx_word' id='word_1_922' title='bbox 3198 2830 3319 2868; x_wconf 87' lang='lat' dir='ltr'><strong>eum</strong></span> <span class='ocrx_word' id='word_1_923' title='bbox 3345 2814 3687 2886; x_wconf 78' lang='lat' dir='ltr'><strong>operantibus</strong></span> <span class='ocrx_word' id='word_1_924' title='bbox 3714 2814 3908 2883; x_wconf 87' lang='lat' dir='ltr'><strong>iniqui-</strong></span> 
     </span>
    </p>
   </div>
   <div class='ocr_carea' id='block_1_115' title="bbox 2334 2883 3900 2955">
    <p class='ocr_par' dir='ltr' id='par_1_115' title="bbox 2334 2883 3900 2955">
     <span class='ocr_line' id='line_1_120' title="bbox 2334 2883 3900 2955; baseline -0.001 -16"><span class='ocrx_word' id='word_1_925' title='bbox 2334 2883 2515 2949; x_wconf 70' lang='lat' dir='ltr'><strong>laietn,</strong></span> <span class='ocrx_word' id='word_1_926' title='bbox 2545 2883 2861 2955; x_wconf 83' lang='lat' dir='ltr'><strong>quibuscum</strong></span> <span class='ocrx_word' id='word_1_927' title='bbox 2892 2886 3145 2954; x_wconf 76' lang='lat' dir='ltr'><strong>propheta</strong></span> <span class='ocrx_word' id='word_1_928' title='bbox 3186 2900 3290 2939; x_wconf 90' lang='lat' dir='ltr'><strong>non</strong></span> <span class='ocrx_word' id='word_1_929' title='bbox 3337 2883 3494 2937; x_wconf 87' lang='lat' dir='ltr'><strong>modo</strong></span> <span class='ocrx_word' id='word_1_930' title='bbox 3550 2884 3745 2955; x_wconf 87' lang='lat' dir='ltr'><strong>bellare</strong></span> <span class='ocrx_word' id='word_1_931' title='bbox 3790 2900 3900 2954; x_wconf 86' lang='lat' dir='ltr'><strong>per-</strong></span> 
     </span>
    </p>
   </div>
   <div class='ocr_carea' id='block_1_116' title="bbox 2333 2954 3909 3024">
    <p class='ocr_par' dir='ltr' id='par_1_116' title="bbox 2333 2954 3909 3024">
     <span class='ocr_line' id='line_1_121' title="bbox 2333 2954 3909 3024; baseline 0 -16"><span class='ocrx_word' id='word_1_932' title='bbox 2333 2964 2501 3024; x_wconf 88' lang='lat' dir='ltr'><strong>0ptat,</strong></span> <span class='ocrx_word' id='word_1_933' title='bbox 2546 2954 2639 3010; x_wconf 85' lang='lat' dir='ltr'><strong>sed</strong></span> <span class='ocrx_word' id='word_1_934' title='bbox 2676 2957 2832 3010; x_wconf 90' lang='lat' dir='ltr'><strong>ctiam</strong></span> <span class='ocrx_word' id='word_1_935' title='bbox 2861 2954 3270 3009; x_wconf 86' lang='lat' dir='ltr'><strong>commilitonem</strong></span> <span class='ocrx_word' id='word_1_936' title='bbox 3301 2956 3517 3023; x_wconf 72' lang='lat' dir='ltr'><strong>quau-it,</strong></span> <span class='ocrx_word' id='word_1_937' title='bbox 3546 2969 3665 3009; x_wconf 88' lang='lat' dir='ltr'><strong>eum</strong></span> <span class='ocrx_word' id='word_1_938' title='bbox 3706 2954 3775 3008; x_wconf 87' lang='lat' dir='ltr'><strong>de</strong></span> <span class='ocrx_word' id='word_1_939' title='bbox 3809 2972 3909 3024; x_wconf 88' lang='lat' dir='ltr'><strong>quo</strong></span> 
     </span>
    </p>
   </div>
   <div class='ocr_carea' id='block_1_117' title="bbox 2331 3024 3916 3094">
    <p class='ocr_par' dir='ltr' id='par_1_117' title="bbox 2331 3024 3916 3094">
     <span class='ocr_line' id='line_1_122' title="bbox 2331 3024 3916 3094; baseline 0.001 -17"><span class='ocrx_word' id='word_1_940' title='bbox 2331 3026 2478 3080; x_wconf 89' lang='lat' dir='ltr'><strong>dicit.</strong></span> <span class='ocrx_word' id='word_1_941' title='bbox 2509 3027 2597 3080; x_wconf 76' lang='lat' dir='ltr'><strong>i7.</strong></span> <span class='ocrx_word' id='word_1_942' title='bbox 2627 3024 2744 3079; x_wconf 82' lang='lat' dir='ltr'><strong>Nisi</strong></span> <span class='ocrx_word' id='word_1_943' title='bbox 2780 3027 2895 3093; x_wconf 87' lang='lat' dir='ltr'><strong>quia</strong></span> <span class='ocrx_word' id='word_1_944' title='bbox 2924 3024 3170 3078; x_wconf 86' lang='lat' dir='ltr'><strong>Dominus</strong></span> <span class='ocrx_word' id='word_1_945' title='bbox 3185 3025 3376 3094; x_wconf 87' lang='lat' dir='ltr'><strong>adjurit</strong></span> <span class='ocrx_word' id='word_1_946' title='bbox 3422 3041 3499 3076; x_wconf 86' lang='lat' dir='ltr'><strong>me</strong></span> <span class='ocrx_word' id='word_1_947' title='bbox 3522 3065 3537 3089; x_wconf 89' lang='lat'><strong>,</strong></span> <span class='ocrx_word' id='word_1_948' title='bbox 3559 3028 3711 3094; x_wconf 81' lang='lat' dir='ltr'><strong>paulo</strong></span> <span class='ocrx_word' id='word_1_949' title='bbox 3751 3029 3916 3079; x_wconf 78' lang='lat' dir='ltr'><strong>nauus</strong></span> 
     </span>
    </p>
   </div>
   <div class='ocr_carea' id='block_1_118' title="bbox 2331 3094 3902 3165">
    <p class='ocr_par' dir='ltr' id='par_1_118' title="bbox 2331 3094 3902 3165">
     <span class='ocr_line' id='line_1_123' title="bbox 2331 3094 3902 3165; baseline -0.001 -17"><span class='ocrx_word' id='word_1_950' title='bbox 2331 3096 2599 3149; x_wconf 79' lang='lat' dir='ltr'><strong>habitasset</strong></span> <span class='ocrx_word' id='word_1_951' title='bbox 2628 3098 2680 3150; x_wconf 89' lang='lat' dir='ltr'><strong>in</strong></span> <span class='ocrx_word' id='word_1_952' title='bbox 2714 3098 2911 3165; x_wconf 79' lang='lat' dir='ltr'><strong>inferno</strong></span> <span class='ocrx_word' id='word_1_953' title='bbox 2950 3095 3120 3147; x_wconf 87' lang='lat' dir='ltr'><strong>anima</strong></span> <span class='ocrx_word' id='word_1_954' title='bbox 3149 3111 3278 3147; x_wconf 85' lang='lat' dir='ltr'><strong>mea.</strong></span> <span class='ocrx_word' id='word_1_955' title='bbox 3310 3094 3485 3149; x_wconf 84' lang='lat' dir='ltr'><strong>Solius</strong></span> <span class='ocrx_word' id='word_1_956' title='bbox 3529 3094 3655 3158; x_wconf 87' lang='lat' dir='ltr'><strong>Dei,</strong></span> <span class='ocrx_word' id='word_1_957' title='bbox 3703 3095 3902 3163; x_wconf 83' lang='lat' dir='ltr'><strong>inquit.</strong></span> 
     </span>
    </p>
   </div>
   <div class='ocr_carea' id='block_1_119' title="bbox 2331 3164 3906 3235">
    <p class='ocr_par' dir='ltr' id='par_1_119' title="bbox 2331 3164 3906 3235">
     <span class='ocr_line' id='line_1_124' title="bbox 2331 3164 3906 3235; baseline -0.001 -15"><span class='ocrx_word' id='word_1_958' title='bbox 2331 3166 2644 3220; x_wconf 89' lang='lat' dir='ltr'><strong>commilitio</strong></span> <span class='ocrx_word' id='word_1_959' title='bbox 2675 3164 2809 3235; x_wconf 88' lang='lat' dir='ltr'><strong>opus</strong></span> <span class='ocrx_word' id='word_1_960' title='bbox 2829 3164 3085 3219; x_wconf 83' lang='lat' dir='ltr'><strong>habemus</strong></span> <span class='ocrx_word' id='word_1_961' title='bbox 3111 3180 3132 3221; x_wconf 71' lang='grc' dir='ltr'>ε</span> <span class='ocrx_word' id='word_1_962' title='bbox 3162 3166 3274 3234; x_wconf 89' lang='lat' dir='ltr'><strong>ipse</strong></span> <span class='ocrx_word' id='word_1_963' title='bbox 3298 3166 3442 3218; x_wconf 81' lang='lat' dir='ltr'><strong>solus</strong></span> <span class='ocrx_word' id='word_1_964' title='bbox 3467 3178 3565 3218; x_wconf 87' lang='lat' dir='ltr'><strong>nos</strong></span> <span class='ocrx_word' id='word_1_965' title='bbox 3590 3176 3761 3233; x_wconf 69' lang='lat' dir='ltr'><strong>potest</strong></span> <span class='ocrx_word' id='word_1_966' title='bbox 3779 3166 3906 3219; x_wconf 89' lang='lat' dir='ltr'><strong>tueri</strong></span> 
     </span>
    </p>
   </div>
   <div class='ocr_carea' id='block_1_120' title="bbox 2329 3234 3905 3304">
    <p class='ocr_par' dir='ltr' id='par_1_120' title="bbox 2329 3234 3905 3304">
     <span class='ocr_line' id='line_1_125' title="bbox 2329 3234 3905 3304; baseline -0.001 -15"><span class='ocrx_word' id='word_1_967' title='bbox 2329 3246 2514 3290; x_wconf 90' lang='lat' dir='ltr'><strong>contra</strong></span> <span class='ocrx_word' id='word_1_968' title='bbox 2546 3234 2919 3291; x_wconf 39' lang='lat' dir='ltr'><strong>talem&#39;aciem.</strong></span> <span class='ocrx_word' id='word_1_969' title='bbox 2949 3235 3063 3289; x_wconf 86' lang='lat' dir='ltr'><strong>Non</strong></span> <span class='ocrx_word' id='word_1_970' title='bbox 3101 3236 3407 3289; x_wconf 76' lang='lat' dir='ltr'><strong>reeiirdatus</strong></span> <span class='ocrx_word' id='word_1_971' title='bbox 3451 3234 3628 3288; x_wconf 88' lang='lat' dir='ltr'><strong>delicti</strong></span> <span class='ocrx_word' id='word_1_972' title='bbox 3661 3237 3742 3291; x_wconf 85' lang='lat' dir='ltr'><strong>sui</strong></span> <span class='ocrx_word' id='word_1_973' title='bbox 3784 3251 3905 3304; x_wconf 83' lang='lat' dir='ltr'><strong>erga</strong></span> 
     </span>
    </p>
   </div>
   <div class='ocr_carea' id='block_1_121' title="bbox 2332 3305 3907 3371">
    <p class='ocr_par' dir='ltr' id='par_1_121' title="bbox 2332 3305 3907 3371">
     <span class='ocr_line' id='line_1_126' title="bbox 2332 3305 3907 3371; baseline -0.001 -12"><span class='ocrx_word' id='word_1_974' title='bbox 2332 3306 2623 3371; x_wconf 74' lang='lat' dir='ltr'><strong>Bersabee,</strong></span> <span class='ocrx_word' id='word_1_975' title='bbox 2674 3308 2787 3359; x_wconf 74' lang='lat' dir='ltr'><strong>lucc</strong></span> <span class='ocrx_word' id='word_1_976' title='bbox 2814 3305 3111 3358; x_wconf 86' lang='lat' dir='ltr'><strong>modulatus</strong></span> <span class='ocrx_word' id='word_1_977' title='bbox 3137 3306 3255 3359; x_wconf 85' lang='lat' dir='ltr'><strong>est?</strong></span> <span class='ocrx_word' id='word_1_978' title='bbox 3293 3305 3400 3358; x_wconf 85' lang='lat' dir='ltr'><strong>Nisi</strong></span> <span class='ocrx_word' id='word_1_979' title='bbox 3433 3307 3574 3358; x_wconf 86' lang='lat' dir='ltr'><strong>enim</strong></span> <span class='ocrx_word' id='word_1_980' title='bbox 3614 3316 3737 3359; x_wconf 90' lang='lat' dir='ltr'><strong>tunc</strong></span> <span class='ocrx_word' id='word_1_981' title='bbox 3769 3305 3907 3359; x_wconf 82' lang='lat' dir='ltr'><strong>Deus</strong></span> 
     </span>
    </p>
   </div>
   <div class='ocr_carea' id='block_1_122' title="bbox 2331 3375 3903 3444">
    <p class='ocr_par' dir='ltr' id='par_1_122' title="bbox 2331 3375 3903 3444">
     <span class='ocr_line' id='line_1_127' title="bbox 2331 3375 3903 3444; baseline -0.001 -15"><span class='ocrx_word' id='word_1_982' title='bbox 2331 3378 2497 3430; x_wconf 88' lang='lat' dir='ltr'><strong>misso</strong></span> <span class='ocrx_word' id='word_1_983' title='bbox 2524 3375 2763 3429; x_wconf 79' lang='lat' dir='ltr'><strong>Natltatte</strong></span> <span class='ocrx_word' id='word_1_984' title='bbox 2791 3375 2969 3428; x_wconf 87' lang='lat' dir='ltr'><strong>Davidi</strong></span> <span class='ocrx_word' id='word_1_985' title='bbox 2998 3375 3277 3429; x_wconf 83' lang='lat' dir='ltr'><strong>auxiliatus</strong></span> <span class='ocrx_word' id='word_1_986' title='bbox 3302 3386 3465 3439; x_wconf 88' lang='lat' dir='ltr'><strong>esset,</strong></span> <span class='ocrx_word' id='word_1_987' title='bbox 3495 3390 3587 3443; x_wconf 89' lang='lat' dir='ltr'><strong>per</strong></span> <span class='ocrx_word' id='word_1_988' title='bbox 3606 3375 3721 3444; x_wconf 87' lang='lat' dir='ltr'><strong>ejus</strong></span> <span class='ocrx_word' id='word_1_989' title='bbox 3747 3376 3903 3441; x_wconf 76' lang='lat' dir='ltr'><strong>verba</strong></span> 
     </span>
    </p>
   </div>
   <div class='ocr_carea' id='block_1_123' title="bbox 2332 3444 3905 3514">
    <p class='ocr_par' dir='ltr' id='par_1_123' title="bbox 2332 3444 3905 3514">
     <span class='ocr_line' id='line_1_128' title="bbox 2332 3444 3905 3514; baseline 0.001 -15"><span class='ocrx_word' id='word_1_990' title='bbox 2332 3446 2503 3513; x_wconf 90' lang='lat' dir='ltr'><strong>ipsum</strong></span> <span class='ocrx_word' id='word_1_991' title='bbox 2535 3447 2772 3500; x_wconf 80' lang='lat' dir='ltr'><strong>excitans</strong></span> <span class='ocrx_word' id='word_1_992' title='bbox 2796 3446 2859 3498; x_wconf 93' lang='lat' dir='ltr'><strong>ad</strong></span> <span class='ocrx_word' id='word_1_993' title='bbox 2906 3444 3266 3514; x_wconf 76' lang='lat' dir='ltr'><strong>pmuitentiam</strong></span> <span class='ocrx_word' id='word_1_994' title='bbox 3292 3486 3307 3510; x_wconf 92' lang='lat'><strong>,</strong></span> <span class='ocrx_word' id='word_1_995' title='bbox 3355 3446 3644 3513; x_wconf 75' lang='lat' dir='ltr'><strong>periculum</strong></span> <span class='ocrx_word' id='word_1_996' title='bbox 3685 3455 3800 3499; x_wconf 90' lang='lat' dir='ltr'><strong>erat</strong></span> <span class='ocrx_word' id='word_1_997' title='bbox 3842 3462 3905 3500; x_wconf 84' lang='lat' dir='ltr'><strong>ne</strong></span> 
     </span>
    </p>
   </div>
   <div class='ocr_carea' id='block_1_124' title="bbox 2332 3514 3905 3585">
    <p class='ocr_par' dir='ltr' id='par_1_124' title="bbox 2332 3514 3905 3585">
     <span class='ocr_line' id='line_1_129' title="bbox 2332 3514 3905 3585; baseline 0.001 -17"><span class='ocrx_word' id='word_1_998' title='bbox 2332 3516 2497 3585; x_wconf 86' lang='lat' dir='ltr'><strong>ipsius</strong></span> <span class='ocrx_word' id='word_1_999' title='bbox 2539 3517 2715 3569; x_wconf 85' lang='lat' dir='ltr'><strong>anima</strong></span> <span class='ocrx_word' id='word_1_1000' title='bbox 2757 3514 3021 3569; x_wconf 84' lang='lat' dir='ltr'><strong>habitaret</strong></span> <span class='ocrx_word' id='word_1_1001' title='bbox 3068 3515 3118 3567; x_wconf 90' lang='lat' dir='ltr'><strong>in</strong></span> <span class='ocrx_word' id='word_1_1002' title='bbox 3160 3516 3363 3569; x_wconf 83' lang='lat' dir='ltr'><strong>inferno</strong></span> <span class='ocrx_word' id='word_1_1003' title='bbox 3389 3556 3403 3579; x_wconf 92' lang='lat'><strong>,</strong></span> <span class='ocrx_word' id='word_1_1004' title='bbox 3445 3515 3557 3569; x_wconf 86' lang='lat' dir='ltr'><strong>sive</strong></span> <span class='ocrx_word' id='word_1_1005' title='bbox 3594 3517 3646 3571; x_wconf 88' lang='lat' dir='ltr'><strong>in</strong></span> <span class='ocrx_word' id='word_1_1006' title='bbox 3690 3527 3905 3583; x_wconf 82' lang='lat' dir='ltr'><strong>peccato</strong></span> 
     </span>
    </p>
   </div>
   <div class='ocr_carea' id='block_1_125' title="bbox 2328 3588 2587 3639">
    <p class='ocr_par' dir='ltr' id='par_1_125' title="bbox 2328 3588 2587 3639">
     <span class='ocr_line' id='line_1_130' title="bbox 2328 3588 2587 3639; baseline -0.004 0"><span class='ocrx_word' id='word_1_1007' title='bbox 2328 3588 2536 3639; x_wconf 84' lang='lat' dir='ltr'><strong>tnnrtis.</strong></span> <span class='ocrx_word' id='word_1_1008' title='bbox 2558 3594 2587 3619; x_wconf 60' lang='grc' dir='ltr'><strong>’τ</strong></span> 
     </span>
    </p>
   </div>
   <div class='ocr_carea' id='block_1_126' title="bbox 2400 3655 3904 3726">
    <p class='ocr_par' dir='ltr' id='par_1_126' title="bbox 2400 3655 3904 3726">
     <span class='ocr_line' id='line_1_131' title="bbox 2400 3655 3904 3726; baseline -0.001 -16"><span class='ocrx_word' id='word_1_1009' title='bbox 2400 3656 2452 3710; x_wconf 87' lang='grc'><strong>5.</strong></span> <span class='ocrx_word' id='word_1_1010' title='bbox 2482 3656 2631 3723; x_wconf 90' lang='lat' dir='ltr'><strong>Quod</strong></span> <span class='ocrx_word' id='word_1_1011' title='bbox 2658 3656 2702 3711; x_wconf 89' lang='lat' dir='ltr'><strong>si</strong></span> <span class='ocrx_word' id='word_1_1012' title='bbox 2727 3656 2899 3724; x_wconf 88' lang='lat' dir='ltr'><strong>justus</strong></span> <span class='ocrx_word' id='word_1_1013' title='bbox 2918 3672 3037 3708; x_wconf 77' lang='lat' dir='ltr'><strong>cum</strong></span> <span class='ocrx_word' id='word_1_1014' title='bbox 3067 3657 3250 3726; x_wconf 83' lang='lat' dir='ltr'><strong>ignave</strong></span> <span class='ocrx_word' id='word_1_1015' title='bbox 3275 3664 3332 3707; x_wconf 88' lang='lat' dir='ltr'><strong>se</strong></span> <span class='ocrx_word' id='word_1_1016' title='bbox 3356 3655 3512 3722; x_wconf 79' lang='lat' dir='ltr'><strong>grrit,</strong></span> <span class='ocrx_word' id='word_1_1017' title='bbox 3539 3655 3591 3710; x_wconf 90' lang='lat' dir='ltr'><strong>in</strong></span> <span class='ocrx_word' id='word_1_1018' title='bbox 3620 3664 3788 3726; x_wconf 78' lang='lat' dir='ltr'><strong>morte</strong></span> <span class='ocrx_word' id='word_1_1019' title='bbox 3816 3655 3904 3709; x_wconf 48' lang='lat' dir='ltr'><strong>han</strong></span> 
     </span>
    </p>
   </div>
   <div class='ocr_carea' id='block_1_127' title="bbox 2332 3724 3904 3794">
    <p class='ocr_par' dir='ltr' id='par_1_127' title="bbox 2332 3724 3904 3794">
     <span class='ocr_line' id='line_1_132' title="bbox 2332 3724 3904 3794; baseline 0 -15"><span class='ocrx_word' id='word_1_1020' title='bbox 2332 3727 2496 3791; x_wconf 90' lang='lat' dir='ltr'><strong>bitat,</strong></span> <span class='ocrx_word' id='word_1_1021' title='bbox 2529 3726 2721 3794; x_wconf 89' lang='lat' dir='ltr'><strong>impius</strong></span> <span class='ocrx_word' id='word_1_1022' title='bbox 2747 3740 2893 3790; x_wconf 75' lang='lat' dir='ltr'><strong>certe</strong></span> <span class='ocrx_word' id='word_1_1023' title='bbox 2926 3724 3199 3789; x_wconf 85' lang='lat' dir='ltr'><strong>inhabitat,</strong></span> <span class='ocrx_word' id='word_1_1024' title='bbox 3236 3737 3283 3777; x_wconf 89' lang='lat' dir='ltr'><strong>et</strong></span> <span class='ocrx_word' id='word_1_1025' title='bbox 3324 3729 3475 3779; x_wconf 87' lang='lat' dir='ltr'><strong>sedes</strong></span> <span class='ocrx_word' id='word_1_1026' title='bbox 3506 3726 3615 3794; x_wconf 88' lang='lat' dir='ltr'><strong>ligit</strong></span> <span class='ocrx_word' id='word_1_1027' title='bbox 3642 3744 3656 3780; x_wconf 89' lang='lat'>:</span> <span class='ocrx_word' id='word_1_1028' title='bbox 3690 3724 3808 3779; x_wconf 79' lang='lat' dir='ltr'><strong>Non</strong></span> <span class='ocrx_word' id='word_1_1029' title='bbox 3834 3735 3904 3779; x_wconf 81' lang='lat' dir='ltr'><strong>est</strong></span> 
     </span>
    </p>
   </div>
   <div class='ocr_carea' id='block_1_128' title="bbox 2330 3794 3903 3867">
    <p class='ocr_par' dir='ltr' id='par_1_128' title="bbox 2330 3794 3903 3867">
     <span class='ocr_line' id='line_1_133' title="bbox 2330 3794 3903 3867; baseline -0.003 -16"><span class='ocrx_word' id='word_1_1030' title='bbox 2330 3798 2471 3851; x_wconf 86' lang='lat' dir='ltr'><strong>cnim</strong></span> <span class='ocrx_word' id='word_1_1031' title='bbox 2504 3798 2753 3867; x_wconf 78' lang='lat' dir='ltr'><strong>quomodo</strong></span> <span class='ocrx_word' id='word_1_1032' title='bbox 2776 3813 2808 3848; x_wconf 93' lang='lat' dir='ltr'><strong>a</strong></span> <span class='ocrx_word' id='word_1_1033' title='bbox 2829 3805 3030 3864; x_wconf 81' lang='lat' dir='ltr'><strong>peccato</strong></span> <span class='ocrx_word' id='word_1_1034' title='bbox 3066 3804 3278 3867; x_wconf 71' lang='lat' dir='ltr'><strong>emergat</strong></span> <span class='ocrx_word' id='word_1_1035' title='bbox 3309 3794 3482 3867; x_wconf 83' lang='lat' dir='ltr'><strong>(Psal.</strong></span> <span class='ocrx_word' id='word_1_1036' title='bbox 3506 3794 3602 3867; x_wconf 10' lang='lat'><strong>772.</strong></span> <span class='ocrx_word' id='word_1_1037' title='bbox 3633 3795 3702 3865; x_wconf 76' lang='grc'><strong>4)</strong></span> <span class='ocrx_word' id='word_1_1038' title='bbox 3732 3814 3744 3847; x_wconf 92' lang='lat'><strong>:</strong></span> <span class='ocrx_word' id='word_1_1039' title='bbox 3773 3810 3903 3865; x_wconf 89' lang='lat' dir='ltr'><strong>quo-</strong></span> 
     </span>
    </p>
   </div>
   <div class='ocr_carea' id='block_1_129' title="bbox 2329 3866 3901 3935">
    <p class='ocr_par' dir='ltr' id='par_1_129' title="bbox 2329 3866 3901 3935">
     <span class='ocr_line' id='line_1_134' title="bbox 2329 3866 3901 3935; baseline -0.001 -16"><span class='ocrx_word' id='word_1_1040' title='bbox 2329 3868 2469 3919; x_wconf 88' lang='lat' dir='ltr'><strong>niam</strong></span> <span class='ocrx_word' id='word_1_1041' title='bbox 2498 3866 2623 3920; x_wconf 87' lang='lat' dir='ltr'><strong>Cum</strong></span> <span class='ocrx_word' id='word_1_1042' title='bbox 2648 3868 2877 3920; x_wconf 80' lang='lat' dir='ltr'><strong>ceciderit</strong></span> <span class='ocrx_word' id='word_1_1043' title='bbox 2901 3907 2914 3924; x_wconf 91' lang='lat'><strong>.</strong></span> <span class='ocrx_word' id='word_1_1044' title='bbox 2962 3874 3020 3919; x_wconf 88' lang='lat' dir='ltr'><strong>ut</strong></span> <span class='ocrx_word' id='word_1_1045' title='bbox 3048 3867 3121 3919; x_wconf 87' lang='lat' dir='ltr'><strong>ait</strong></span> <span class='ocrx_word' id='word_1_1046' title='bbox 3154 3866 3401 3919; x_wconf 81' lang='lat' dir='ltr'><strong>Salomon</strong></span> <span class='ocrx_word' id='word_1_1047' title='bbox 3429 3908 3443 3927; x_wconf 90' lang='lat'><strong>,</strong></span> <span class='ocrx_word' id='word_1_1048' title='bbox 3494 3866 3547 3918; x_wconf 86' lang='lat' dir='ltr'><strong>in</strong></span> <span class='ocrx_word' id='word_1_1049' title='bbox 3595 3868 3901 3935; x_wconf 80' lang='lat' dir='ltr'><strong>profundum</strong></span> 
     </span>
    </p>
   </div>
   <div class='ocr_carea' id='block_1_130' title="bbox 2328 3934 3899 4006">
    <p class='ocr_par' dir='ltr' id='par_1_130' title="bbox 2328 3934 3899 4006">
     <span class='ocr_line' id='line_1_135' title="bbox 2328 3934 3899 4006; baseline -0.001 -17"><span class='ocrx_word' id='word_1_1050' title='bbox 2328 3939 2576 3989; x_wconf 76' lang='lat' dir='ltr'><strong>nia/orum</strong></span> <span class='ocrx_word' id='word_1_1051' title='bbox 2600 3978 2611 3997; x_wconf 90' lang='lat'><strong>,</strong></span> <span class='ocrx_word' id='word_1_1052' title='bbox 2652 3938 2923 3990; x_wconf 85' lang='lat' dir='ltr'><strong>contemnit</strong></span> <span class='ocrx_word' id='word_1_1053' title='bbox 2955 3935 3146 4006; x_wconf 84' lang='lat' dir='ltr'><strong>(Prov.</strong></span> <span class='ocrx_word' id='word_1_1054' title='bbox 3178 3936 3260 4006; x_wconf 81' lang='grc'><strong>18.</strong></span> <span class='ocrx_word' id='word_1_1055' title='bbox 3292 3934 3379 4002; x_wconf 89' lang='grc'><strong>5).</strong></span> <span class='ocrx_word' id='word_1_1056' title='bbox 3417 3937 3444 4006; x_wconf 78' lang='lat' dir='ltr'><strong>i_</strong></span> <span class='ocrx_word' id='word_1_1057' title='bbox 3450 3935 3503 3989; x_wconf 88' lang='lat'><strong>8.</strong></span> <span class='ocrx_word' id='word_1_1058' title='bbox 3550 3936 3612 3988; x_wconf 85' lang='lat' dir='ltr'><strong>Si</strong></span> <span class='ocrx_word' id='word_1_1059' title='bbox 3637 3934 3859 3987; x_wconf 79' lang='lat' dir='ltr'><strong>dicebam</strong></span> <span class='ocrx_word' id='word_1_1060' title='bbox 3882 3976 3899 3999; x_wconf 95' lang='lat'><strong>,</strong></span> 
     </span>
    </p>
   </div>
   <div class='ocr_carea' id='block_1_131' title="bbox 2330 4003 3901 4073">
    <p class='ocr_par' dir='ltr' id='par_1_131' title="bbox 2330 4003 3901 4073">
     <span class='ocr_line' id='line_1_136' title="bbox 2330 4003 3901 4073; baseline 0 -14"><span class='ocrx_word' id='word_1_1061' title='bbox 2330 4006 2498 4059; x_wconf 80' lang='lat' dir='ltr'><strong>Motus</strong></span> <span class='ocrx_word' id='word_1_1062' title='bbox 2522 4014 2590 4059; x_wconf 73' lang='lat' dir='ltr'><strong>est</strong></span> <span class='ocrx_word' id='word_1_1063' title='bbox 2616 4023 2703 4073; x_wconf 84' lang='lat' dir='ltr'><strong>pes</strong></span> <span class='ocrx_word' id='word_1_1064' title='bbox 2723 4023 2888 4071; x_wconf 85' lang='lat' dir='ltr'><strong>meus,</strong></span> <span class='ocrx_word' id='word_1_1065' title='bbox 2915 4003 3254 4061; x_wconf 65' lang='lat' dir='ltr'><strong>misericordia</strong></span> <span class='ocrx_word' id='word_1_1066' title='bbox 3273 4017 3356 4058; x_wconf 89' lang='lat' dir='ltr'><strong>tua</strong></span> <span class='ocrx_word' id='word_1_1067' title='bbox 3376 4046 3389 4069; x_wconf 92' lang='lat'><strong>,</strong></span> <span class='ocrx_word' id='word_1_1068' title='bbox 3413 4003 3662 4069; x_wconf 79' lang='lat' dir='ltr'><strong>Domine,</strong></span> <span class='ocrx_word' id='word_1_1069' title='bbox 3688 4006 3901 4073; x_wconf 76' lang='lat' dir='ltr'><strong>adjuva-</strong></span> 
     </span>
    </p>
   </div>
   <div class='ocr_carea' id='block_1_132' title="bbox 2329 4075 3905 4145">
    <p class='ocr_par' dir='ltr' id='par_1_132' title="bbox 2329 4075 3905 4145">
     <span class='ocr_line' id='line_1_137' title="bbox 2329 4075 3905 4145; baseline 0 -15"><span class='ocrx_word' id='word_1_1070' title='bbox 2329 4077 2409 4130; x_wconf 89' lang='lat' dir='ltr'><strong>bat</strong></span> <span class='ocrx_word' id='word_1_1071' title='bbox 2439 4092 2535 4129; x_wconf 86' lang='lat' dir='ltr'><strong>mc.</strong></span> <span class='ocrx_word' id='word_1_1072' title='bbox 2585 4078 2834 4145; x_wconf 87' lang='lat' dir='ltr'><strong>Quisquis</strong></span> <span class='ocrx_word' id='word_1_1073' title='bbox 2880 4076 3021 4131; x_wconf 85' lang='lat' dir='ltr'><strong>enim</strong></span> <span class='ocrx_word' id='word_1_1074' title='bbox 3062 4078 3335 4144; x_wconf 79' lang='lat' dir='ltr'><strong>agnoverit</strong></span> <span class='ocrx_word' id='word_1_1075' title='bbox 3360 4086 3416 4130; x_wconf 89' lang='lat' dir='ltr'><strong>et</strong></span> <span class='ocrx_word' id='word_1_1076' title='bbox 3440 4075 3713 4130; x_wconf 77' lang='lat' dir='ltr'><strong>confessu~</strong></span> <span class='ocrx_word' id='word_1_1077' title='bbox 3743 4075 3905 4131; x_wconf 74' lang='lat' dir='ltr'><strong>luerit</strong></span> 
     </span>
    </p>
   </div>
   <div class='ocr_carea' id='block_1_133' title="bbox 2328 4146 3894 4216">
    <p class='ocr_par' dir='ltr' id='par_1_133' title="bbox 2328 4146 3894 4216">
     <span class='ocr_line' id='line_1_138' title="bbox 2328 4146 3894 4216; baseline -0.002 -15"><span class='ocrx_word' id='word_1_1078' title='bbox 2328 4156 2601 4215; x_wconf 74' lang='lat' dir='ltr'><strong>peccatum</strong></span> <span class='ocrx_word' id='word_1_1079' title='bbox 2632 4161 2806 4213; x_wconf 90' lang='lat' dir='ltr'><strong>suum,</strong></span> <span class='ocrx_word' id='word_1_1080' title='bbox 2840 4155 2892 4201; x_wconf 89' lang='lat' dir='ltr'><strong>ct</strong></span> <span class='ocrx_word' id='word_1_1081' title='bbox 2917 4161 3204 4202; x_wconf 71' lang='lat' dir='ltr'><strong>concussus</strong></span> <span class='ocrx_word' id='word_1_1082' title='bbox 3231 4158 3332 4199; x_wconf 84' lang='grc' dir='ltr'>ιοιι</span> <span class='ocrx_word' id='word_1_1083' title='bbox 3362 4146 3548 4216; x_wconf 82' lang='lat' dir='ltr'><strong>ignave</strong></span> <span class='ocrx_word' id='word_1_1084' title='bbox 3576 4161 3633 4201; x_wconf 90' lang='lat' dir='ltr'><strong>se</strong></span> <span class='ocrx_word' id='word_1_1085' title='bbox 3652 4149 3894 4216; x_wconf 83' lang='lat' dir='ltr'><strong>gesserit,</strong></span> 
     </span>
    </p>
   </div>
   <div class='ocr_carea' id='block_1_134' title="bbox 2327 4215 3897 4288">
    <p class='ocr_par' dir='ltr' id='par_1_134' title="bbox 2327 4215 3897 4288">
     <span class='ocr_line' id='line_1_139' title="bbox 2327 4215 3897 4288; baseline 0.001 -18"><span class='ocrx_word' id='word_1_1086' title='bbox 2327 4232 2497 4288; x_wconf 83' lang='lat' dir='ltr'><strong>neque</strong></span> <span class='ocrx_word' id='word_1_1087' title='bbox 2522 4218 2905 4288; x_wconf 85' lang='lat' dir='ltr'><strong>desperaverit,</strong></span> <span class='ocrx_word' id='word_1_1088' title='bbox 2933 4218 3027 4269; x_wconf 88' lang='lat' dir='ltr'><strong>sed</strong></span> <span class='ocrx_word' id='word_1_1089' title='bbox 3052 4218 3101 4269; x_wconf 92' lang='lat' dir='ltr'><strong>in</strong></span> <span class='ocrx_word' id='word_1_1090' title='bbox 3120 4230 3341 4288; x_wconf 82' lang='lat' dir='ltr'><strong>sensum</strong></span> <span class='ocrx_word' id='word_1_1091' title='bbox 3374 4215 3569 4288; x_wconf 85' lang='lat' dir='ltr'><strong>peccati</strong></span> <span class='ocrx_word' id='word_1_1092' title='bbox 3602 4218 3822 4277; x_wconf 83' lang='lat' dir='ltr'><strong>venerit.</strong></span> <span class='ocrx_word' id='word_1_1093' title='bbox 3851 4215 3897 4271; x_wconf 83' lang='lat' dir='ltr'><strong>is</strong></span> 
     </span>
    </p>
   </div>
   <div class='ocr_carea' id='block_1_135' title="bbox 2329 4286 3897 4355">
    <p class='ocr_par' dir='ltr' id='par_1_135' title="bbox 2329 4286 3897 4355">
     <span class='ocr_line' id='line_1_140' title="bbox 2329 4286 3897 4355; baseline -0.001 -14"><span class='ocrx_word' id='word_1_1094' title='bbox 2329 4287 2421 4341; x_wconf 87' lang='lat' dir='ltr'><strong>Dei</strong></span> <span class='ocrx_word' id='word_1_1095' title='bbox 2452 4286 2703 4340; x_wconf 78' lang='lat' dir='ltr'><strong>auxilium</strong></span> <span class='ocrx_word' id='word_1_1096' title='bbox 2732 4298 2786 4341; x_wconf 86' lang='lat' dir='ltr'><strong>et</strong></span> <span class='ocrx_word' id='word_1_1097' title='bbox 2827 4286 3238 4341; x_wconf 83' lang='lat' dir='ltr'><strong>miscricordiam</strong></span> <span class='ocrx_word' id='word_1_1098' title='bbox 3277 4286 3453 4340; x_wconf 90' lang='lat' dir='ltr'><strong>statim</strong></span> <span class='ocrx_word' id='word_1_1099' title='bbox 3488 4288 3679 4341; x_wconf 86' lang='lat' dir='ltr'><strong>sentiet</strong></span> <span class='ocrx_word' id='word_1_1100' title='bbox 3725 4289 3897 4355; x_wconf 76' lang='grc' dir='ltr'><strong>ορίιιι⁴</strong></span> 
     </span>
    </p>
   </div>
   <div class='ocr_carea' id='block_1_136' title="bbox 2327 4356 3899 4411">
    <p class='ocr_par' dir='ltr' id='par_1_136' title="bbox 2327 4356 3899 4411">
     <span class='ocr_line' id='line_1_141' title="bbox 2327 4356 3899 4411; baseline -0.001 -2"><span class='ocrx_word' id='word_1_1101' title='bbox 2327 4356 2544 4410; x_wconf 75' lang='lat' dir='ltr'><strong>laniem.</strong></span> <span class='ocrx_word' id='word_1_1102' title='bbox 2581 4358 2666 4411; x_wconf 82' lang='grc'><strong>19.</strong></span> <span class='ocrx_word' id='word_1_1103' title='bbox 2697 4357 2984 4411; x_wconf 85' lang='lat' dir='ltr'><strong>Secundum</strong></span> <span class='ocrx_word' id='word_1_1104' title='bbox 3015 4357 3380 4410; x_wconf 86' lang='lat' dir='ltr'><strong>multitudinem</strong></span> <span class='ocrx_word' id='word_1_1105' title='bbox 3405 4356 3635 4410; x_wconf 89' lang='lat' dir='ltr'><strong>dolorum</strong></span> <span class='ocrx_word' id='word_1_1106' title='bbox 3676 4373 3899 4410; x_wconf 85' lang='lat' dir='ltr'><strong>meorum</strong></span> 
     </span>
    </p>
   </div>
   <div class='ocr_carea' id='block_1_137' title="bbox 2326 4426 3893 4495">
    <p class='ocr_par' dir='ltr' id='par_1_137' title="bbox 2326 4426 3893 4495">
     <span class='ocr_line' id='line_1_142' title="bbox 2326 4426 3893 4495; baseline -0.001 -16"><span class='ocrx_word' id='word_1_1107' title='bbox 2326 4426 2378 4479; x_wconf 88' lang='lat' dir='ltr'><strong>in</strong></span> <span class='ocrx_word' id='word_1_1108' title='bbox 2408 4428 2558 4480; x_wconf 87' lang='lat' dir='ltr'><strong>corde</strong></span> <span class='ocrx_word' id='word_1_1109' title='bbox 2586 4443 2693 4479; x_wconf 80' lang='lat' dir='ltr'><strong>meo</strong></span> <span class='ocrx_word' id='word_1_1110' title='bbox 2713 4468 2726 4491; x_wconf 92' lang='lat'><strong>,</strong></span> <span class='ocrx_word' id='word_1_1111' title='bbox 2758 4428 3121 4481; x_wconf 86' lang='lat' dir='ltr'><strong>consolationes</strong></span> <span class='ocrx_word' id='word_1_1112' title='bbox 3146 4438 3245 4479; x_wconf 80' lang='lat' dir='ltr'><strong>luce</strong></span> <span class='ocrx_word' id='word_1_1113' title='bbox 3270 4428 3649 4495; x_wconf 75' lang='lat' dir='ltr'><strong>lwtiﬁcareruut</strong></span> <span class='ocrx_word' id='word_1_1114' title='bbox 3676 4428 3893 4478; x_wconf 74' lang='lat' dir='ltr'><strong>animum</strong></span> 
     </span>
    </p>
   </div>
   <div class='ocr_carea' id='block_1_138' title="bbox 2326 4496 3890 4565">
    <p class='ocr_par' dir='ltr' id='par_1_138' title="bbox 2326 4496 3890 4565">
     <span class='ocr_line' id='line_1_143' title="bbox 2326 4496 3890 4565; baseline 0.001 -17"><span class='ocrx_word' id='word_1_1115' title='bbox 2326 4513 2505 4550; x_wconf 83' lang='lat' dir='ltr'><strong>meum.</strong></span> <span class='ocrx_word' id='word_1_1116' title='bbox 2556 4497 2682 4551; x_wconf 90' lang='lat' dir='ltr'><strong>Illud</strong></span> <span class='ocrx_word' id='word_1_1117' title='bbox 2732 4499 2889 4553; x_wconf 90' lang='lat' dir='ltr'><strong>etiam</strong></span> <span class='ocrx_word' id='word_1_1118' title='bbox 2935 4507 3017 4551; x_wconf 84' lang='lat' dir='ltr'><strong>cst</strong></span> <span class='ocrx_word' id='word_1_1119' title='bbox 3063 4496 3251 4551; x_wconf 88' lang='lat' dir='ltr'><strong>medici</strong></span> <span class='ocrx_word' id='word_1_1120' title='bbox 3289 4498 3505 4551; x_wconf 86' lang='lat' dir='ltr'><strong>scientis</strong></span> <span class='ocrx_word' id='word_1_1121' title='bbox 3552 4496 3890 4565; x_wconf 82' lang='lat' dir='ltr'><strong>caugruentia</strong></span> 
     </span>
    </p>
   </div>
   <div class='ocr_carea' id='block_1_139' title="bbox 2326 4567 3893 4621">
    <p class='ocr_par' dir='ltr' id='par_1_139' title="bbox 2326 4567 3893 4621">
     <span class='ocr_line' id='line_1_144' title="bbox 2326 4567 3893 4621; baseline 0.001 -3"><span class='ocrx_word' id='word_1_1122' title='bbox 2326 4568 2631 4621; x_wconf 78' lang='lat' dir='ltr'><strong>vulneribus</strong></span> <span class='ocrx_word' id='word_1_1123' title='bbox 2652 4568 2932 4621; x_wconf 87' lang='lat' dir='ltr'><strong>admovere</strong></span> <span class='ocrx_word' id='word_1_1124' title='bbox 2953 4567 3205 4621; x_wconf 88' lang='lat' dir='ltr'><strong>remedia.</strong></span> <span class='ocrx_word' id='word_1_1125' title='bbox 3234 4568 3449 4620; x_wconf 72' lang='lat' dir='ltr'><strong>lloiores</strong></span> <span class='ocrx_word' id='word_1_1126' title='bbox 3468 4575 3642 4621; x_wconf 82' lang='lat' dir='ltr'><strong>autem</strong></span> <span class='ocrx_word' id='word_1_1127' title='bbox 3663 4584 3713 4620; x_wconf 92' lang='lat' dir='ltr'><strong>m</strong></span> <span class='ocrx_word' id='word_1_1128' title='bbox 3732 4569 3893 4620; x_wconf 85' lang='lat' dir='ltr'><strong>corde</strong></span> 
     </span>
    </p>
   </div>
   <div class='ocr_carea' id='block_1_140' title="bbox 2325 4637 3892 4705">
    <p class='ocr_par' dir='ltr' id='par_1_140' title="bbox 2325 4637 3892 4705">
     <span class='ocr_line' id='line_1_145' title="bbox 2325 4637 3892 4705; baseline 0.001 -16"><span class='ocrx_word' id='word_1_1129' title='bbox 2325 4648 2476 4691; x_wconf 90' lang='lat' dir='ltr'><strong>vocat</strong></span> <span class='ocrx_word' id='word_1_1130' title='bbox 2504 4639 2616 4692; x_wconf 83' lang='lat' dir='ltr'><strong>sive</strong></span> <span class='ocrx_word' id='word_1_1131' title='bbox 2644 4638 2880 4692; x_wconf 89' lang='lat' dir='ltr'><strong>dolorem</strong></span> <span class='ocrx_word' id='word_1_1132' title='bbox 2906 4638 2973 4693; x_wconf 90' lang='lat' dir='ltr'><strong>de</strong></span> <span class='ocrx_word' id='word_1_1133' title='bbox 3003 4638 3230 4705; x_wconf 84' lang='lat' dir='ltr'><strong>peccatis</strong></span> <span class='ocrx_word' id='word_1_1134' title='bbox 3269 4651 3360 4705; x_wconf 86' lang='lat' dir='ltr'><strong>per</strong></span> <span class='ocrx_word' id='word_1_1135' title='bbox 3397 4637 3795 4691; x_wconf 80' lang='lat' dir='ltr'><strong>conversionem</strong></span> <span class='ocrx_word' id='word_1_1136' title='bbox 3839 4646 3892 4691; x_wconf 88' lang='lat' dir='ltr'><strong>et</strong></span> 
     </span>
    </p>
   </div>
   <div class='ocr_carea' id='block_1_141' title="bbox 2323 4706 3891 4777">
    <p class='ocr_par' dir='ltr' id='par_1_141' title="bbox 2323 4706 3891 4777">
     <span class='ocr_line' id='line_1_146' title="bbox 2323 4706 3891 4777; baseline -0.004 -15"><span class='ocrx_word' id='word_1_1137' title='bbox 2323 4710 2780 4777; x_wconf 77' lang='lat' dir='ltr'><strong>ciuupuuctiom-m</strong></span> <span class='ocrx_word' id='word_1_1138' title='bbox 2815 4709 3120 4771; x_wconf 90' lang='lat' dir='ltr'><strong>inductum;</strong></span> <span class='ocrx_word' id='word_1_1139' title='bbox 3151 4708 3264 4761; x_wconf 85' lang='lat' dir='ltr'><strong>sive</strong></span> <span class='ocrx_word' id='word_1_1140' title='bbox 3287 4707 3525 4762; x_wconf 89' lang='lat' dir='ltr'><strong>dolorem</strong></span> <span class='ocrx_word' id='word_1_1141' title='bbox 3555 4706 3633 4777; x_wconf 84' lang='lat' dir='ltr'><strong>de</strong></span> <span class='ocrx_word' id='word_1_1142' title='bbox 3651 4718 3891 4775; x_wconf 72' lang='lat' dir='ltr'><strong>peccato.</strong></span> 
     </span>
    </p>
   </div>
   <div class='ocr_carea' id='block_1_142' title="bbox 2323 4776 3892 4847">
    <p class='ocr_par' dir='ltr' id='par_1_142' title="bbox 2323 4776 3892 4847">
     <span class='ocr_line' id='line_1_147' title="bbox 2323 4776 3892 4847; baseline 0.001 -16"><span class='ocrx_word' id='word_1_1143' title='bbox 2323 4776 2634 4833; x_wconf 86' lang='lat' dir='ltr'><strong>rumrebus</strong></span> <span class='ocrx_word' id='word_1_1144' title='bbox 2662 4780 2961 4847; x_wconf 87' lang='lat' dir='ltr'><strong>prosperis;</strong></span> <span class='ocrx_word' id='word_1_1145' title='bbox 3010 4779 3119 4832; x_wconf 89' lang='lat' dir='ltr'><strong>sive</strong></span> <span class='ocrx_word' id='word_1_1146' title='bbox 3158 4790 3473 4832; x_wconf 82' lang='lat' dir='ltr'><strong>nocutnents</strong></span> <span class='ocrx_word' id='word_1_1147' title='bbox 3519 4776 3670 4831; x_wconf 86' lang='lat' dir='ltr'><strong>nobis</strong></span> <span class='ocrx_word' id='word_1_1148' title='bbox 3698 4777 3892 4845; x_wconf 77' lang='lat' dir='ltr'><strong>injuste</strong></span> 
     </span>
    </p>
   </div>
   <div class='ocr_carea' id='block_1_143' title="bbox 2323 4847 3888 4918">
    <p class='ocr_par' dir='ltr' id='par_1_143' title="bbox 2323 4847 3888 4918">
     <span class='ocr_line' id='line_1_148' title="bbox 2323 4847 3888 4918; baseline -0.002 -17"><span class='ocrx_word' id='word_1_1149' title='bbox 2323 4849 2462 4902; x_wconf 85' lang='lat' dir='ltr'><strong>illata</strong></span> <span class='ocrx_word' id='word_1_1150' title='bbox 2487 4865 2503 4913; x_wconf 89' lang='lat'><strong>;</strong></span> <span class='ocrx_word' id='word_1_1151' title='bbox 2534 4850 2613 4901; x_wconf 87' lang='lat' dir='ltr'><strong>his</strong></span> <span class='ocrx_word' id='word_1_1152' title='bbox 2640 4849 2884 4903; x_wconf 89' lang='lat' dir='ltr'><strong>omnibus</strong></span> <span class='ocrx_word' id='word_1_1153' title='bbox 2917 4849 3053 4903; x_wconf 84' lang='lat' dir='ltr'><strong>Deus</strong></span> <span class='ocrx_word' id='word_1_1154' title='bbox 3077 4858 3452 4918; x_wconf 86' lang='lat' dir='ltr'><strong>congruentem</strong></span> <span class='ocrx_word' id='word_1_1155' title='bbox 3476 4847 3625 4901; x_wconf 74' lang='lat' dir='ltr'><strong>affert</strong></span> <span class='ocrx_word' id='word_1_1156' title='bbox 3644 4848 3888 4901; x_wconf 81' lang='lat' dir='ltr'><strong>consola-</strong></span> 
     </span>
    </p>
   </div>
   <div class='ocr_carea' id='block_1_144' title="bbox 2327 4919 3886 4989">
    <p class='ocr_par' dir='ltr' id='par_1_144' title="bbox 2327 4919 3886 4989">
     <span class='ocr_line' id='line_1_149' title="bbox 2327 4919 3886 4989; baseline -0.002 -17"><span class='ocrx_word' id='word_1_1157' title='bbox 2327 4920 2542 4974; x_wconf 87' lang='lat' dir='ltr'><strong>tionem.</strong></span> <span class='ocrx_word' id='word_1_1158' title='bbox 2576 4919 2706 4973; x_wconf 85' lang='lat' dir='ltr'><strong>Nam</strong></span> <span class='ocrx_word' id='word_1_1159' title='bbox 2739 4920 2771 4972; x_wconf 89' lang='lat' dir='ltr'><strong>ii</strong></span> <span class='ocrx_word' id='word_1_1160' title='bbox 2799 4919 2986 4989; x_wconf 89' lang='lat' dir='ltr'><strong>quibus</strong></span> <span class='ocrx_word' id='word_1_1161' title='bbox 3017 4919 3208 4989; x_wconf 85' lang='lat' dir='ltr'><strong>injuste</strong></span> <span class='ocrx_word' id='word_1_1162' title='bbox 3231 4919 3435 4972; x_wconf 64' lang='lat' dir='ltr'><strong>insidiae</strong></span> <span class='ocrx_word' id='word_1_1163' title='bbox 3467 4926 3757 4989; x_wconf 80' lang='lat' dir='ltr'><strong>parantur,</strong></span> <span class='ocrx_word' id='word_1_1164' title='bbox 3791 4934 3886 4970; x_wconf 84' lang='lat' dir='ltr'><strong>nu-</strong></span> 
     </span>
    </p>
   </div>
   <div class='ocr_carea' id='block_1_145' title="bbox 2320 4987 3885 5045">
    <p class='ocr_par' dir='ltr' id='par_1_145' title="bbox 2320 4987 3885 5045">
     <span class='ocr_line' id='line_1_150' title="bbox 2320 4987 3885 5045; baseline -0.003 -2"><span class='ocrx_word' id='word_1_1165' title='bbox 2320 5004 2441 5043; x_wconf 87' lang='lat' dir='ltr'><strong>vam</strong></span> <span class='ocrx_word' id='word_1_1166' title='bbox 2461 4987 2874 5045; x_wconf 75' lang='lat' dir='ltr'><strong>consolationem</strong></span> <span class='ocrx_word' id='word_1_1167' title='bbox 2899 4987 3241 5043; x_wconf 80' lang='lat' dir='ltr'><strong>liatichristi</strong></span> <span class='ocrx_word' id='word_1_1168' title='bbox 3262 4988 3632 5043; x_wconf 84' lang='lat' dir='ltr'><strong>beatitudinem</strong></span> <span class='ocrx_word' id='word_1_1169' title='bbox 3657 4987 3849 5041; x_wconf 84' lang='lat' dir='ltr'><strong>habent</strong></span> <span class='ocrx_word' id='word_1_1170' title='bbox 3871 5005 3885 5039; x_wconf 89' lang='lat'><em>:</em></span> 
     </span>
    </p>
   </div>
   <div class='ocr_carea' id='block_1_146' title="bbox 2260 5058 3885 5140">
    <p class='ocr_par' dir='ltr' id='par_1_146' title="bbox 2260 5058 3885 5140">
     <span class='ocr_line' id='line_1_151' title="bbox 2260 5058 3885 5140; baseline -0.002 -28"><span class='ocrx_word' id='word_1_1171' title='bbox 2260 5108 2263 5111; x_wconf 72' lang='grc'>,</span> <span class='ocrx_word' id='word_1_1172' title='bbox 2319 5058 2469 5140; x_wconf 73' lang='lat' dir='ltr'><strong>Beati</strong></span> <span class='ocrx_word' id='word_1_1173' title='bbox 2488 5061 3037 5140; x_wconf 42' lang='lat' dir='ltr'><strong>qui-persequutionem</strong></span> <span class='ocrx_word' id='word_1_1174' title='bbox 3080 5062 3337 5140; x_wconf 77' lang='lat' dir='ltr'><strong>patiuntur</strong></span> <span class='ocrx_word' id='word_1_1175' title='bbox 3379 5067 3579 5140; x_wconf 66' lang='lat' dir='ltr'><strong>propter</strong></span> <span class='ocrx_word' id='word_1_1176' title='bbox 3596 5058 3885 5140; x_wconf 43' lang='lat' dir='ltr'><strong>insimulat,</strong></span> 
     </span>
    </p>
   </div>
   <div class='ocr_carea' id='block_1_147' title="bbox 2318 5128 3883 5200">
    <p class='ocr_par' dir='ltr' id='par_1_147' title="bbox 2318 5128 3883 5200">
     <span class='ocr_line' id='line_1_152' title="bbox 2318 5128 3883 5200; baseline 0.001 -21"><span class='ocrx_word' id='word_1_1177' title='bbox 2318 5128 2554 5199; x_wconf 84' lang='lat' dir='ltr'><strong>quoniam</strong></span> <span class='ocrx_word' id='word_1_1178' title='bbox 2582 5128 2805 5199; x_wconf 79' lang='lat' dir='ltr'><strong>ipsorum</strong></span> <span class='ocrx_word' id='word_1_1179' title='bbox 2825 5140 2891 5184; x_wconf 83' lang='lat' dir='ltr'><strong>est</strong></span> <span class='ocrx_word' id='word_1_1180' title='bbox 2913 5147 3115 5200; x_wconf 76' lang='lat' dir='ltr'><strong>regnum</strong></span> <span class='ocrx_word' id='word_1_1181' title='bbox 3148 5132 3385 5183; x_wconf 65' lang='lat' dir='ltr'><strong>calorum</strong></span> <span class='ocrx_word' id='word_1_1182' title='bbox 3427 5129 3647 5199; x_wconf 74' lang='lat' dir='ltr'><strong>(Matth.</strong></span> <span class='ocrx_word' id='word_1_1183' title='bbox 3677 5128 3729 5183; x_wconf 84' lang='lat'><strong>5.</strong></span> <span class='ocrx_word' id='word_1_1184' title='bbox 3764 5128 3883 5195; x_wconf 77' lang='grc'><strong>10).</strong></span> 
     </span>
    </p>
   </div>
   <div class='ocr_carea' id='block_1_148' title="bbox 2318 5200 3884 5270">
    <p class='ocr_par' dir='ltr' id='par_1_148' title="bbox 2318 5200 3884 5270">
     <span class='ocr_line' id='line_1_153' title="bbox 2318 5200 3884 5270; baseline 0 -17"><span class='ocrx_word' id='word_1_1185' title='bbox 2318 5203 2415 5265; x_wconf 82' lang='lat' dir='ltr'><strong>Qui</strong></span> <span class='ocrx_word' id='word_1_1186' title='bbox 2448 5216 2573 5254; x_wconf 87' lang='lat' dir='ltr'><strong>vero</strong></span> <span class='ocrx_word' id='word_1_1187' title='bbox 2602 5202 2669 5254; x_wconf 91' lang='lat' dir='ltr'><strong>de</strong></span> <span class='ocrx_word' id='word_1_1188' title='bbox 2699 5203 2925 5270; x_wconf 87' lang='lat' dir='ltr'><strong>peccatis</strong></span> <span class='ocrx_word' id='word_1_1189' title='bbox 2950 5202 3059 5253; x_wconf 86' lang='lat' dir='ltr'><strong>suis</strong></span> <span class='ocrx_word' id='word_1_1190' title='bbox 3082 5212 3295 5270; x_wconf 74' lang='lat' dir='ltr'><strong>gemunt</strong></span> <span class='ocrx_word' id='word_1_1191' title='bbox 3314 5211 3366 5254; x_wconf 90' lang='lat' dir='ltr'><strong>et</strong></span> <span class='ocrx_word' id='word_1_1192' title='bbox 3387 5200 3760 5270; x_wconf 77' lang='lat' dir='ltr'><strong>lamentantur,</strong></span> <span class='ocrx_word' id='word_1_1193' title='bbox 3784 5214 3884 5253; x_wconf 81' lang='lat' dir='ltr'><strong>nia-</strong></span> 
     </span>
    </p>
   </div>
   <div class='ocr_carea' id='block_1_149' title="bbox 2317 5269 3883 5340">
    <p class='ocr_par' dir='ltr' id='par_1_149' title="bbox 2317 5269 3883 5340">
     <span class='ocr_line' id='line_1_154' title="bbox 2317 5269 3883 5340; baseline -0.002 -16"><span class='ocrx_word' id='word_1_1194' title='bbox 2317 5286 2419 5340; x_wconf 82' lang='lat' dir='ltr'><strong>gna</strong></span> <span class='ocrx_word' id='word_1_1195' title='bbox 2458 5279 2513 5324; x_wconf 87' lang='lat' dir='ltr'><strong>et</strong></span> <span class='ocrx_word' id='word_1_1196' title='bbox 2553 5273 2649 5339; x_wconf 89' lang='lat' dir='ltr'><strong>ipsi</strong></span> <span class='ocrx_word' id='word_1_1197' title='bbox 2681 5269 3001 5324; x_wconf 69' lang='lat' dir='ltr'><strong>beatitudine</strong></span> <span class='ocrx_word' id='word_1_1198' title='bbox 3033 5269 3296 5324; x_wconf 83' lang='lat' dir='ltr'><strong>dunautur</strong></span> <span class='ocrx_word' id='word_1_1199' title='bbox 3329 5287 3340 5321; x_wconf 93' lang='lat'><strong>:</strong></span> <span class='ocrx_word' id='word_1_1200' title='bbox 3373 5269 3516 5340; x_wconf 71' lang='lat' dir='ltr'><strong>Betui</strong></span> <span class='ocrx_word' id='word_1_1201' title='bbox 3551 5271 3634 5338; x_wconf 87' lang='lat' dir='ltr'><strong>qui</strong></span> <span class='ocrx_word' id='word_1_1202' title='bbox 3681 5271 3883 5340; x_wconf 79' lang='lat' dir='ltr'><strong>lugent,</strong></span> 
     </span>
    </p>
   </div>
   <div class='ocr_carea' id='block_1_150' title="bbox 2317 5338 3881 5411">
    <p class='ocr_par' dir='ltr' id='par_1_150' title="bbox 2317 5338 3881 5411">
     <span class='ocr_line' id='line_1_155' title="bbox 2317 5338 3881 5411; baseline 0 -18"><span class='ocrx_word' id='word_1_1203' title='bbox 2317 5338 2687 5411; x_wconf 21' lang='lat' dir='ltr'><strong>quoniam’ipsi</strong></span> <span class='ocrx_word' id='word_1_1204' title='bbox 2726 5342 3111 5395; x_wconf 49' lang='lat' dir='ltr'><strong>consolationem</strong></span> <span class='ocrx_word' id='word_1_1205' title='bbox 3148 5342 3387 5408; x_wconf 77' lang='lat' dir='ltr'><strong>accipient</strong></span> <span class='ocrx_word' id='word_1_1206' title='bbox 3430 5339 3654 5411; x_wconf 67' lang='lat' dir='ltr'><strong>(Matth.</strong></span> <span class='ocrx_word' id='word_1_1207' title='bbox 3697 5338 3749 5393; x_wconf 73' lang='grc'><strong>5.</strong></span> <span class='ocrx_word' id='word_1_1208' title='bbox 3792 5338 3881 5410; x_wconf 80' lang='lat'><strong>5).</strong></span> 
     </span>
    </p>
   </div>
   <div class='ocr_carea' id='block_1_151' title="bbox 2318 5411 3883 5487">
    <p class='ocr_par' dir='ltr' id='par_1_151' title="bbox 2318 5411 3883 5487">
     <span class='ocr_line' id='line_1_156' title="bbox 2318 5411 3883 5487; baseline 0.001 -25"><span class='ocrx_word' id='word_1_1209' title='bbox 2318 5416 2585 5481; x_wconf 85' lang='lat' dir='ltr'><strong>Quotquot</strong></span> <span class='ocrx_word' id='word_1_1210' title='bbox 2612 5415 2768 5487; x_wconf 81' lang='lat' dir='ltr'><strong>etiam</strong></span> <span class='ocrx_word' id='word_1_1211' title='bbox 2788 5413 2863 5487; x_wconf 82' lang='lat' dir='ltr'><strong>de</strong></span> <span class='ocrx_word' id='word_1_1212' title='bbox 2886 5414 3351 5487; x_wconf 75' lang='lat' dir='ltr'><strong>rebusprosprris</strong></span> <span class='ocrx_word' id='word_1_1213' title='bbox 3392 5412 3685 5480; x_wconf 82' lang='lat' dir='ltr'><strong>iniquortnn</strong></span> <span class='ocrx_word' id='word_1_1214' title='bbox 3734 5411 3883 5487; x_wconf 37' lang='lat' dir='ltr'><strong>inge?</strong></span> 
     </span>
    </p>
   </div>
   <div class='ocr_carea' id='block_1_152' title="bbox 2317 5481 3879 5551">
    <p class='ocr_par' dir='ltr' id='par_1_152' title="bbox 2317 5481 3879 5551">
     <span class='ocr_line' id='line_1_157' title="bbox 2317 5481 3879 5551; baseline -0.001 -17"><span class='ocrx_word' id='word_1_1215' title='bbox 2317 5497 2501 5546; x_wconf 89' lang='lat' dir='ltr'><strong>munt,</strong></span> <span class='ocrx_word' id='word_1_1216' title='bbox 2534 5496 2653 5536; x_wconf 90' lang='lat' dir='ltr'><strong>cum</strong></span> <span class='ocrx_word' id='word_1_1217' title='bbox 2705 5484 2831 5551; x_wconf 81' lang='lat' dir='ltr'><strong>ipsis</strong></span> <span class='ocrx_word' id='word_1_1218' title='bbox 2873 5483 3132 5551; x_wconf 82' lang='lat' dir='ltr'><strong>pernicies</strong></span> <span class='ocrx_word' id='word_1_1219' title='bbox 3170 5481 3400 5546; x_wconf 79' lang='lat' dir='ltr'><strong>advrnit,</strong></span> <span class='ocrx_word' id='word_1_1220' title='bbox 3448 5494 3571 5535; x_wconf 89' lang='lat' dir='ltr'><strong>tunc</strong></span> <span class='ocrx_word' id='word_1_1221' title='bbox 3608 5498 3755 5533; x_wconf 85' lang='lat' dir='ltr'><strong>suam</strong></span> <span class='ocrx_word' id='word_1_1222' title='bbox 3785 5481 3879 5547; x_wconf 73' lang='lat' dir='ltr'><strong>ipsi</strong></span> 
     </span>
    </p>
   </div>
   <div class='ocr_carea' id='block_1_153' title="bbox 2316 5550 3884 5623">
    <p class='ocr_par' dir='ltr' id='par_1_153' title="bbox 2316 5550 3884 5623">
     <span class='ocr_line' id='line_1_158' title="bbox 2316 5550 3884 5623; baseline 0 -21"><span class='ocrx_word' id='word_1_1223' title='bbox 2316 5552 2536 5623; x_wconf 78' lang='lat' dir='ltr'><strong>gloriam</strong></span> <span class='ocrx_word' id='word_1_1224' title='bbox 2559 5550 2833 5623; x_wconf 77' lang='lat' dir='ltr'><strong>sentiunt:</strong></span> <span class='ocrx_word' id='word_1_1225' title='bbox 2868 5550 3304 5623; x_wconf 78' lang='lat' dir='ltr'><strong>Lwtabiturcnm</strong></span> <span class='ocrx_word' id='word_1_1226' title='bbox 3351 5554 3512 5619; x_wconf 75' lang='lat' dir='ltr'><strong>justus</strong></span> <span class='ocrx_word' id='word_1_1227' title='bbox 3548 5568 3661 5604; x_wconf 81' lang='lat' dir='ltr'><strong>cum</strong></span> <span class='ocrx_word' id='word_1_1228' title='bbox 3708 5550 3884 5623; x_wconf 78' lang='lat' dir='ltr'><strong>rith</strong></span> 
     </span>
    </p>
   </div>
   <div class='ocr_carea' id='block_1_154' title="bbox 2318 5622 3886 5693">
    <p class='ocr_par' dir='ltr' id='par_1_154' title="bbox 2318 5622 3886 5693">
     <span class='ocr_line' id='line_1_159' title="bbox 2318 5622 3886 5693; baseline -0.001 -18"><span class='ocrx_word' id='word_1_1229' title='bbox 2318 5623 2586 5675; x_wconf 74' lang='lat' dir='ltr'><strong>uindictam</strong></span> <span class='ocrx_word' id='word_1_1230' title='bbox 2616 5631 2632 5689; x_wconf 93' lang='lat'><strong>(</strong></span> <span class='ocrx_word' id='word_1_1231' title='bbox 2658 5622 2799 5677; x_wconf 77' lang='lat' dir='ltr'><strong>Psal.</strong></span> <span class='ocrx_word' id='word_1_1232' title='bbox 2832 5624 2919 5679; x_wconf 83' lang='lat'><strong>57.</strong></span> <span class='ocrx_word' id='word_1_1233' title='bbox 2966 5623 3086 5693; x_wconf 89' lang='grc'><strong>10).</strong></span> <span class='ocrx_word' id='word_1_1234' title='bbox 3134 5622 3225 5677; x_wconf 83' lang='lat' dir='ltr'><strong>Siti</strong></span> <span class='ocrx_word' id='word_1_1235' title='bbox 3269 5638 3394 5677; x_wconf 81' lang='lat' dir='ltr'><strong>vero</strong></span> <span class='ocrx_word' id='word_1_1236' title='bbox 3433 5622 3629 5676; x_wconf 79' lang='lat' dir='ltr'><strong>dixeris</strong></span> <span class='ocrx_word' id='word_1_1237' title='bbox 3672 5622 3886 5693; x_wconf 61' lang='lat' dir='ltr'><strong>doloris</strong></span> 
     </span>
    </p>
   </div>
   <div class='ocr_carea' id='block_1_155' title="bbox 2318 5692 3882 5763">
    <p class='ocr_par' dir='ltr' id='par_1_155' title="bbox 2318 5692 3882 5763">
     <span class='ocr_line' id='line_1_160' title="bbox 2318 5692 3882 5763; baseline -0.001 -19"><span class='ocrx_word' id='word_1_1238' title='bbox 2318 5694 2507 5747; x_wconf 57' lang='lat' dir='ltr'><strong>animae</strong></span> <span class='ocrx_word' id='word_1_1239' title='bbox 2536 5708 2653 5747; x_wconf 85' lang='lat' dir='ltr'><strong>esse</strong></span> <span class='ocrx_word' id='word_1_1240' title='bbox 2686 5703 2917 5763; x_wconf 85' lang='lat' dir='ltr'><strong>peceata,</strong></span> <span class='ocrx_word' id='word_1_1241' title='bbox 2946 5703 3125 5762; x_wconf 86' lang='lat' dir='ltr'><strong>utpote</strong></span> <span class='ocrx_word' id='word_1_1242' title='bbox 3153 5708 3334 5761; x_wconf 65' lang='lat' dir='ltr'><strong>pennas</strong></span> <span class='ocrx_word' id='word_1_1243' title='bbox 3361 5703 3415 5747; x_wconf 87' lang='lat' dir='ltr'><strong>et</strong></span> <span class='ocrx_word' id='word_1_1244' title='bbox 3439 5692 3652 5747; x_wconf 84' lang='lat' dir='ltr'><strong>vulnera</strong></span> <span class='ocrx_word' id='word_1_1245' title='bbox 3677 5708 3691 5757; x_wconf 90' lang='lat'><strong>;</strong></span> <span class='ocrx_word' id='word_1_1246' title='bbox 3718 5692 3882 5763; x_wconf 74' lang='lat' dir='ltr'><strong>inulta</strong></span> 
     </span>
    </p>
   </div>
   <div class='ocr_carea' id='block_1_156' title="bbox 2318 5761 3882 5833">
    <p class='ocr_par' dir='ltr' id='par_1_156' title="bbox 2318 5761 3882 5833">
     <span class='ocr_line' id='line_1_161' title="bbox 2318 5761 3882 5833; baseline -0.001 -18"><span class='ocrx_word' id='word_1_1247' title='bbox 2318 5779 2525 5833; x_wconf 88' lang='lat' dir='ltr'><strong>quoque</strong></span> <span class='ocrx_word' id='word_1_1248' title='bbox 2546 5761 2706 5832; x_wconf 80' lang='lat' dir='ltr'><strong>super</strong></span> <span class='ocrx_word' id='word_1_1249' title='bbox 2733 5763 2813 5817; x_wconf 86' lang='lat' dir='ltr'><strong>his</strong></span> <span class='ocrx_word' id='word_1_1250' title='bbox 2832 5780 2860 5815; x_wconf 90' lang='lat' dir='ltr'><strong>a</strong></span> <span class='ocrx_word' id='word_1_1251' title='bbox 2884 5761 3092 5817; x_wconf 75' lang='lat' dir='ltr'><strong>Christo</strong></span> <span class='ocrx_word' id='word_1_1252' title='bbox 3118 5764 3411 5818; x_wconf 79' lang='lat' dir='ltr'><strong>consolatio</strong></span> <span class='ocrx_word' id='word_1_1253' title='bbox 3430 5765 3680 5817; x_wconf 73' lang='lat' dir='ltr'><strong>aliertur:</strong></span> <span class='ocrx_word' id='word_1_1254' title='bbox 3716 5761 3882 5814; x_wconf 70' lang='lat' dir='ltr'><strong>Venite</strong></span> 
     </span>
    </p>
   </div>
   <div class='ocr_carea' id='block_1_157' title="bbox 2317 5835 3880 5903">
    <p class='ocr_par' dir='ltr' id='par_1_157' title="bbox 2317 5835 3880 5903">
     <span class='ocr_line' id='line_1_162' title="bbox 2317 5835 3880 5903; baseline -0.001 -18"><span class='ocrx_word' id='word_1_1255' title='bbox 2317 5836 2384 5885; x_wconf 85' lang='lat' dir='ltr'><strong>ad</strong></span> <span class='ocrx_word' id='word_1_1256' title='bbox 2410 5850 2485 5886; x_wconf 89' lang='lat' dir='ltr'><strong>me</strong></span> <span class='ocrx_word' id='word_1_1257' title='bbox 2507 5875 2518 5895; x_wconf 89' lang='lat'><strong>,</strong></span> <span class='ocrx_word' id='word_1_1258' title='bbox 2553 5852 2722 5888; x_wconf 79' lang='lat' dir='ltr'><strong>euntes</strong></span> <span class='ocrx_word' id='word_1_1259' title='bbox 2746 5835 2830 5903; x_wconf 79' lang='lat' dir='ltr'><strong>qui</strong></span> <span class='ocrx_word' id='word_1_1260' title='bbox 2860 5835 3097 5888; x_wconf 87' lang='lat' dir='ltr'><strong>laboratis</strong></span> <span class='ocrx_word' id='word_1_1261' title='bbox 3120 5845 3165 5888; x_wconf 87' lang='lat' dir='ltr'><strong>et</strong></span> <span class='ocrx_word' id='word_1_1262' title='bbox 3195 5836 3388 5889; x_wconf 81' lang='lat' dir='ltr'><strong>onerati</strong></span> <span class='ocrx_word' id='word_1_1263' title='bbox 3424 5836 3540 5889; x_wconf 77' lang='lat' dir='ltr'><strong>estis</strong></span> <span class='ocrx_word' id='word_1_1264' title='bbox 3559 5874 3573 5893; x_wconf 83' lang='lat'><strong>,</strong></span> <span class='ocrx_word' id='word_1_1265' title='bbox 3609 5843 3653 5886; x_wconf 89' lang='lat' dir='ltr'><strong>ct</strong></span> <span class='ocrx_word' id='word_1_1266' title='bbox 3680 5848 3770 5901; x_wconf 76' lang='lat' dir='ltr'><strong>ego</strong></span> <span class='ocrx_word' id='word_1_1267' title='bbox 3800 5847 3880 5884; x_wconf 82' lang='lat' dir='ltr'><strong>re-</strong></span> 
     </span>
    </p>
   </div>
   <div class='ocr_carea' id='block_1_158' title="bbox 2317 5903 3882 5977">
    <p class='ocr_par' dir='ltr' id='par_1_158' title="bbox 2317 5903 3882 5977">
     <span class='ocr_line' id='line_1_163' title="bbox 2317 5903 3882 5977; baseline -0.003 -18"><span class='ocrx_word' id='word_1_1268' title='bbox 2317 5906 2492 5960; x_wconf 78' lang='lat' dir='ltr'><strong>creubo</strong></span> <span class='ocrx_word' id='word_1_1269' title='bbox 2521 5922 2601 5960; x_wconf 83' lang='lat' dir='ltr'><strong>vos</strong></span> <span class='ocrx_word' id='word_1_1270' title='bbox 2636 5904 2865 5977; x_wconf 74' lang='lat' dir='ltr'><strong>(Matth.</strong></span> <span class='ocrx_word' id='word_1_1271' title='bbox 2890 5904 3105 5976; x_wconf 68' lang='lat' dir='ltr'><strong>H.215)</strong></span> <span class='ocrx_word' id='word_1_1272' title='bbox 3131 5922 3142 5957; x_wconf 89' lang='lat'>:</span> <span class='ocrx_word' id='word_1_1273' title='bbox 3172 5922 3233 5962; x_wconf 83' lang='lat' dir='ltr'><strong>ac</strong></span> <span class='ocrx_word' id='word_1_1274' title='bbox 3258 5919 3465 5963; x_wconf 65' lang='lat' dir='ltr'><strong>rutsum</strong></span> <span class='ocrx_word' id='word_1_1275' title='bbox 3486 5945 3501 5975; x_wconf 90' lang='lat'><strong>,</strong></span> <span class='ocrx_word' id='word_1_1276' title='bbox 3546 5903 3662 5960; x_wconf 82' lang='lat' dir='ltr'><strong>Non</strong></span> <span class='ocrx_word' id='word_1_1277' title='bbox 3699 5905 3882 5958; x_wconf 68' lang='lat' dir='ltr'><strong>renis-1</strong></span> 
     </span>
    </p>
   </div>
   <div class='ocr_carea' id='block_1_159' title="bbox 4124 307 4130 535">
    <p class='ocr_par' dir='ltr' id='par_1_159' title="bbox 4124 307 4130 535">
     <span class='ocr_line' id='line_1_164' title="bbox 4124 307 4130 535; baseline 0 -22"><span class='ocrx_word' id='word_1_1278' title='bbox 4124 307 4130 457; x_wconf 41' lang='grc' dir='ltr'>π</span> 
     </span>
    </p>
   </div>
  </div>
